2712 4992
201 302 274 377 328
526 327 706 381 uascucu
733 327 973 380 roanutaauu

201 469 293 550 plum
315 465 402 547 quod
429 467 521 528 nobis
546 467 682 548 dedisti,
712 480 745 532 et
771 468 859 550 quod
883 470 1000 550 repetit
1026 470 1095 550 quis
1126 473 1258 540 vindicare

204 572 268 610 non
293 551 408 624 valeat,
429 551 484 610 sed
505 559 657 630 praesen's
684 552 815 634 epistola
836 553 1013 614 securitatis
1035 552 1054 612 d
1074 574 1122 615 me
1141 555 1213 618 facta
1226 559 1260 620 lir-

202 655 252 694 rna
273 641 470 719 permaneat,
493 633 699 716 stipulatione
722 633 873 698 subnexa.

590 759 626 822 V
620 759 738 822 ecditio
760 761 799 822 de
818 762 907 829 uilla.

282 879 370 944 xlx.
409 879 548 938 Domino
577 878 674 938 tratre
713 877 772 937 illo
798 877 865 939 ille.
930 879 1022 941 Licet
1050 881 1145 965 empti
1178 887 1264 946 rendi·

199 962 288 1043 tique
322 970 505 1022 contractus
534 960 601 1020 sola
631 959 728 1042 pretii
759 960 1023 1024 adnumeratione
1052 973 1085 1026 et
1115 966 1159 1026 rei
1189 969 1263 1048 ipsius

197 1044 372 1105 traditione
394 1044 556 1119 consistat,
577 1065 613 1104 ac
631 1042 812 1102 tabularum
831 1044 1030 1127 aliorumque
1045 1047 1263 1110 docimentorun

200 1129 240 1188 nd
267 1128 328 1187 boc
353 1136 478 1186 tantum
507 1127 733 1207 interponatur
755 1125 923 1188 instructio
951 1139 989 1188 nt
1017 1128 1096 1191 fides
1123 1131 1167 1191 rei
1187 1133 1262 1196 laetae

200 1219 232 1272 et
257 1209 326 1272 veri
352 1209 433 1269 ratio
454 1209 690 1291 comprobetur,
710 1207 831 1270 idcireo
852 1210 1036 1273 vendidisse
1060 1235 1109 1274 me
1133 1213 1187 1273 tibi
1206 1237 1262 1276 eon-

196 1301 259 1354 stat
289 1301 321 1352 et
353 1292 397 1351 ita
426 1292 560 1354 vendidi
589 1291 667 1354 villa
687 1291 767 1353 iuris
791 1292 854 1352 mei
876 1305 1085 1376 nuncupante
1107 1297 1176 1374 illa,
1197 1298 1261 1360 sitan

195 1375 230 1434 in
260 1396 342 1457 pago
366 1372 437 1453 illo,
459 1397 555 1460 quam
580 1396 620 1436 ex
647 1373 790 1458 legitima
814 1377 1014 1438 successione
1034 1389 1194 1458 parentum
1217 1385 1263 1456 (vel

195 1457 236 1518 de
257 1457 404 1536 quolibet
429 1458 524 1518 modo
544 1457 585 1520 ad
607 1478 681 1518 eum
705 1459 875 1537 pervenit)
902 1459 1020 1520 habere
1043 1461 1163 1540 videor,
1182 1463 1210 1524 in
1227 1466 1263 1523 in-

195 1541 357 1621 tegritate,
382 1561 458 1616 cum
485 1539 599 1618 terris,
622 1540 779 1617 domibus,
800 1541 970 1620 aedificiis,
993 1545 1176 1622 accolabus,
1196 1569 1262 1605 man·

194 1623 299 1704 cipiis,
323 1623 437 1699 vineis,
465 1622 566 1700 silvis,
589 1623 719 1706 campis,
745 1623 853 1706 pratis,
880 1624 1030 1708 pascuis,
1059 1628 1164 1708 aquis,
1189 1651 1264 1708 aqua-

193 1727 308 1766 rumve
329 1705 529 1780 decursibus,
549 1706 748 1782 adimendis,
777 1708 989 1789 appenditiis,
1012 1709 1067 1770 vel
1089 1710 1171 1768 omni
1190 1712 1264 1770 meri-

193 1799 227 1850 to
251 1798 284 1850 et
302 1790 440 1848 termino
460 1789 579 1849 ibidem
597 1788 781 1871 aspiciente.
823 1790 865 1849 Et
885 1791 996 1872 accepi
1020 1792 1145 1854 tvohis
1165 1793 1194 1852 in
1212 1814 1265 1874 pre·

192 1872 250 1948 tio,
272 1871 361 1930 iuxta
382 1872 470 1953 quod
492 1871 572 1931 mihi
596 1870 799 1953 complacuit,
820 1880 953 1950 tantum,
977 1883 1009 1935 et
1029 1885 1193 1935 memorata
1207 1876 1265 1936 villa

191 1954 282 2015 robis
309 1955 554 2032 praesentaliter
580 1954 697 2016 tradidi
726 1954 767 2015 ad
791 1956 1032 2035 possidendum,
1055 1957 1100 2016 ita
1122 1967 1156 2018 nt
1171 1959 1203 2018 ab
1220 1957 1263 2018 bac

191 2037 244 2097 die
267 2035 427 2108 habendi,
459 2037 611 2114 tenendi,
630 2037 684 2099 rel
703 2037 860 2120 quicquid
875 2039 995 2101 exinde
1013 2040 1149 2123 elegeris
1167 2040 1263 2102 facien·

191 2120 223 2179 di
248 2119 381 2179 liberam
411 2119 442 2178 in
469 2120 615 2181 omnibus
641 2119 757 2180 habeas
779 2129 997 2201 potestatem..
1037 2124 1074 2184 si
1101 2123 1168 2206 quis
1195 2145 1262 2199 vero,

190 2202 279 2281 qnod
307 2203 454 2261 futurum
473 2223 540 2263 esse
566 2225 630 2263 nou
655 2202 762 2278 credo,
785 2203 813 2262 si
836 2225 895 2286 ego
917 2205 1004 2286 ipse,
1037 2214 1093 2264 ant
1114 2206 1217 2288 aliquis
1233 2205 1273 2264 de'

187 2282 364 2344 heredibus
384 2284 435 2344 vel
459 2283 711 2366 proheredibus,
733 2306 790 2345 seu
811 2287 955 2369 qualibet
977 2289 1121 2372 opposita
1141 2310 1259 2371 persona,

189 2375 301 2426 contra
322 2366 544 2428 venditionem
563 2369 674 2431 venire
698 2369 888 2446 tentaverit,
918 2379 972 2430 aut
999 2393 1051 2432 me
1074 2371 1153 2431 male
1174 2370 1259 2431 rendi·

190 2448 273 2510 disse
304 2450 499 2528 convicerit,
531 2460 563 2510 et
584 2454 600 2511 a
625 2474 675 2514 me
700 2452 752 2512 vel
778 2451 952 2513 heredibus
978 2455 1059 2516 nfeis
1093 2455 1258 2516 defensatum

189 2553 255 2592 non
277 2533 396 2608 fuerit,
417 2543 496 2594 tunc
520 2534 691 2595 inferamus
719 2533 807 2594 vobis
833 2534 1072 2620 heredibusque
1099 2539 1199 2598 vestris
1219 2537 1259 2594 du·

187 2616 242 2696 pla
268 2616 406 2696 pecunia
436 2626 588 2699 quantum
617 2619 634 2678 al
661 2617 749 2678 vobis
770 2619 879 2699 accepi
903 2628 934 2678 et
957 2621 1023 2703 ipsa
1043 2621 1120 2682 rilla
1144 2619 1259 2679 meliora·

186 2706 220 2756 ta
242 2698 391 2770 vuluerit,
415 2708 447 2759 et
472 2701 560 2780 quod
579 2703 698 2782 repetit
719 2699 882 2761 vindicare
905 2723 970 2761 non
992 2704 1106 2778 valeat,
1128 2703 1178 2762 sed
1192 2721 1259 2782 prae*

187 2803 259 2840 sens
285 2782 430 2842 venditio
457 2783 543 2842 omni
568 2792 711 2868 tempore
735 2782 824 2844 firme
847 2795 1052 2866 permaneat,
1088 2784 1258 2868 stipulatione

186 2863 340 2926 subnexa.
381 2859 506 2927 hctum.

448 2994 597 3058 Vendirio
621 2994 660 3056 de
682 3018 757 3060 area
778 2995 866 3080 insa-a
891 2999 1029 3059 civitate.

269 3107 344 3176 XX.
385 3111 523 3171 Domino
544 3120 653 3171 sancto
678 3121 711 3172 et
734 3111 908 3195 apostolico
932 3114 1061 3174 Domno
1084 3121 1115 3174 et
1134 3111 1204 3195 patri
1226 3110 1255 3168 il·

183 3193 218 3253 lo
238 3189 398 3274 Episcopo
426 3192 492 3258 ille.
533 3197 666 3254 Constat
680 3217 730 3256 me
753 3195 873 3255 nullius
895 3205 1041 3255 coactum
1066 3195 1196 3277 imperio,
1212 3214 1254 3250 aa·

183 3296 250 3356 que
271 3276 459 3357 imaginario
482 3276 565 3353 iure,
587 3279 644 3346 sed
661 3278 808 3358 propriae
829 3279 1002 3339 voluntatis
1023 3279 1167 3353 arbitrio,
1187 3273 1254 3335 robis

183 3358 367 3420 vendidisse
405 3368 437 3418 et
472 3359 516 3417 ita
549 3360 683 3420 vendidi
717 3381 823 3420 aream
857 3361 937 3421 iuris
968 3361 1031 3422 mei
1066 3363 1145 3420 infra
1172 3376 1253 3416 muros

183 3441 320 3501 civitatis
343 3441 450 3518 illius,
482 3441 653 3502 habentem
678 3465 737 3523 per
764 3442 862 3524 longo
889 3444 986 3524 pedes
1007 3453 1110 3504 tantos
1134 3451 1162 3502 et
1180 3439 1252 3498 inla-

184 3531 217 3582 to
242 3526 338 3604 pedes
361 3533 475 3601 tantos,
502 3547 583 3604 quae
609 3525 775 3607 subiungit
794 3526 833 3586 ab
853 3547 918 3586 uno
945 3527 1026 3588 latus
1050 3536 1132 3586 terra
1151 3523 1207 3596 illo,
1225 3519 1252 3576 ab

184 3606 249 3665 alio
274 3607 355 3670 latus
378 3616 464 3667 terra
485 3607 555 3684 ille,
577 3608 595 3667 d
620 3610 727 3669 fronte
751 3631 815 3668 uno
832 3617 917 3668 terra
944 3609 1014 3683 illo,
1045 3610 1083 3668 ab
1109 3607 1166 3666 alio
1183 3606 1251 3663 frou-

184 3697 215 3748 te
244 3697 330 3750 terra
359 3691 428 3754 illo.
491 3691 533 3750 Et
569 3693 677 3770 accepi
713 3692 843 3752 duobis
864 3691 898 3749 in
926 3692 1051 3776 pretio,
1081 3692 1163 3750 iuxta
1186 3681 1251 3776 quod

182 3770 262 3829 mibi
285 3772 489 3852 complacuit,
510 3774 579 3832 ariri
604 3775 723 3836 solidos
743 3782 859 3850 tantos,
882 3783 914 3833 et
938 3777 1078 3853 praefata
1098 3793 1163 3832 area
1184 3768 1250 3829 robis

181 3857 428 3936 praesentaliter
447 3855 564 3917 tradidi
583 3857 820 3939 possidendum,
842 3865 878 3916 nt
895 3855 1047 3935 habendi,
1068 3852 1196 3928 tenendi,
1211 3846 1249 3908 rel

182 3938 341 4018 quicquid
363 3940 480 3999 exinde
512 3940 672 4021 elegeritis
700 3941 841 4000 faciendi
868 3939 1007 4000 liberum
1033 3937 1190 4024 perfruatis
1212 3950 1250 4020 arf

181 4019 323 4081 bitrium.
367 4022 400 4082 Si
428 4021 500 4103 quis
526 4043 625 4098 vero,
659 4024 746 4104 quod
765 4024 911 4083 futurum
941 4045 1092 4085 essenon
1116 4017 1248 4090 credo‚s¹

181 4125 241 4184 ego
265 4104 345 4185 ipsc,
376 4113 430 4166 aut
454 4105 570 4187 aliquis
599 4106 639 4165 ‹le
666 4105 850 4166 heredibus·
865 4105 955 4182 meis,
976 4129 1033 4168 seu
1054 4103 1183 4187 qualibet
1196 4112 1249 4179 per*

181 4207 259 4245 sona
288 4195 401 4247 contra
424 4187 509 4248 hanc
531 4188 749 4249 venditionem
776 4188 888 4250 venire
909 4190 1096 4266 tentaverit,
1128 4191 1176 4243 aut
1195 4195 1247 4237 e'affl

180 4267 365 4352 infrangere
388 4280 520 4333 conatus
545 4272 654 4352 tuerit,
678 4271 795 4337 intent
813 4271 903 4336 robis
923 4283 977 4336 aut
1002 4268 1170 4338 auctoribus
1191 4279 1245 4326 κε’
