2746 4992
536 345 635 399 LIBER
665 341 795 398 rntucs

116 487 168 564 al.
198 485 316 550 Cizarta
348 485 388 547 de
421 481 636 547 mundeburde

199 571 291 650 Regis
309 586 339 632 et
354 570 525 651 Principis.

117 650 168 714 25.
195 654 334 734 Prologo
346 654 385 714 de
403 653 521 712 iudicio
531 651 636 729 Regis,

199 756 269 797 cum
299 737 339 798 de
371 759 484 817 magna
516 754 549 793 re
574 734 637 793 cluo

196 835 369 880 causantur
390 817 492 884 simul,

115 899 167 961 26.
194 902 358 963 indiculus
383 897 637 964 commonitorius

199 986 245 1045 ad
264 988 462 1070 Episcopum.

117 1087 166 1149 27.
193 1068 276 1130 Item
294 1067 451 1128 indiculus
475 1065 520 1124 ad
540 1063 636 1148 Epis·

198 1173 310 1236 copam
325 1171 387 1233 pro
397 1151 493 1209 alium
507 1147 637 1208 distrin-

197 1234 341 1314 gendum.

119 1313 170 1376 28.
199 1318 314 1377 Cltarta
334 1313 536 1380 audientiale.

119 1416 169 1478 29.
197 1398 362 1461 indiculus
380 1397 424 1458 ad
437 1397 529 1456 laico.

117 1479 167 1541 30.
197 1481 442 1542 Commutatione
461 1501 530 1539 cum
542 1479 634 1558 Rege.

115 1559 166 1624 δι.
199 1563 448 1647 Confirmatione
474 1563 566 1642 Regis
594 1560 635 1620 de

199 1650 286 1708 omni
303 1665 436 1726 corpore
455 1643 634 1724 facultatis.

1153 328 1226 404 287

707 459 757 547 33ss
789 479 996 572 Praeceptum
1021 508 1155 574 quorum
1188 493 1228 552 ab

788 569 931 632 ,hostilius
960 572 1015 631 uel
1046 572 1109 633 alio
1131 573 1226 634 modo

784 650 912 732 fuerint
939 655 1147 716 instrumenta
1182 658 1230 716 in·

790 756 891 796 censa.

708 813 757 892 54.
785 818 948 879 Relatione
972 823 1156 904 pagensium
1184 817 1231 880 acl

788 901 901 980 Regem
923 902 1055 962 directa.

706 977 756 1046 55.
786 983 993 1066 Confirmatio
1006 986 1071 1045 alia
1088 985 1127 1046 de
1140 986 1229 1046 omni

788 1085 921 1149 corpore
924 1067 1092 1148 facultatis
1102 1069 1146 1129 ad
1158 1090 1227 1128 nco-

788 1162 937 1210 nasterzo.

704 1226 754 1289 56.
786 1229 827 1290 Ut
840 1253 949 1292 causas
962 1245 1121 1294 auctorum
1134 1231 1226 1292 atlsu·
1257 1271 1259 1276 ·

733 1372 737 1380 ,
786 1312 894 1372 mendi
917 1335 1044 1375 suorum
1070 1316 1170 1400 aliqui
1187 1318 1226 1376 li·

786 1397 919 1456 centiam
939 1398 1084 1457 habeant.

703 1474 754 1552 57.
779 1476 938 1539 Iudicium
959 1479 1115 1542 evindital
1133 1525 1140 1541 .

704 1557 754 1620 58.
784 1558 901 1620 Clearta
912 1562 1046 1646 paricla.

703 1639 754 1722 59.
789 1641 831 1702 Ut
852 1664 913 1726 pro
941 1646 1107 1706 nativitate
1129 1647 1224 1728 Regis

783 1727 911 1804 ingenui
932 1727 1125 1793 relaxentur.

701 1805 753 1883 4ο.
786 1805 829 1868 Ut
856 1808 1049 1871 leudesamio
1084 1815 1223 1896 promit-

785 1902 893 1952 tantur
909 1891 995 1972 Regi.

111 1730 167 1794 32.
196 1729 324 1813 Siquis
348 1741 460 1804 contra
484 1720 633 1786 calciata-

197 1824 260 1872 tem
280 1811 372 1888 Regis
385 1811 493 1889 egerit,
515 1809 633 1868 securi-

201 1908 249 1955 tas
271 1895 321 1954 cui
336 1914 407 1952 eum
416 1893 564 1976 persequi
572 1893 634 1950 ius·

198 1979 284 2038 serit.
632 1997 637 2006 ¹

114 2151 309 2248 Incipiunt
333 2151 563 2243 exemplaria
590 2151 636 2219 cle
661 2149 821 2220 (liversis
837 2149 1113 2222 conditionibus
1134 2178 1223 2247 qua-

111 2254 200 2323 liter
235 2250 380 2342 regales
411 2250 565 2318 chartus
591 2274 805 2343 pagenses,
842 2252 904 2319 cui
935 2252 1029 2320 leaeo
1049 2256 1223 2344 formala

135 2350 274 2421 babere
293 2351 497 2443 placuerit,
523 2362 558 2419 et
581 2351 712 2419 melius
735 2374 811 2422 uon
834 2351 946 2441 calet,
972 2352 1197 2424 scribantur.

542 2512 591 2571 De
608 2511 789 2597 priuilegio.

195 2627 336 2690 Domino
357 2635 468 2689 sancto
483 2625 556 2689 etin
571 2625 700 2686 Christo
716 2625 896 2688 venerabili
908 2625 1000 2687 fratri
1017 2627 1075 2688 illo
1092 2627 1220 2712 Abbati,

109 2711 167 2774 nel
185 2721 319 2773 cunctae
341 2709 584 2792 congregationi
604 2709 789 2770 monasterii
810 2709 898 2770 illius
916 2709 950 2768 in
966 2709 1091 2771 honore
1110 2713 1223 2774 beato-

107 2818 185 2855 rum
207 2795 338 2854 illorum
357 2794 396 2852 ab
414 2795 472 2852 illo
492 2795 524 2853 in
541 2814 622 2874 pago
644 2792 725 2868 illo,
747 2803 929 2855 constructo
951 2791 1008 2853 ille
1032 2795 1222 2877 Episcopus.

107 2878 288 2961 Compellit
303 2899 361 2937 nos
377 2876 502 2936 affectio
521 2876 661 2936 caritatis
674 2884 808 2955 vestrae,
830 2876 919 2937 radio
934 2874 1150 2937 inflammante
1170 2881 1222 2940 di-

108 2962 201 3037 vino,
224 2961 280 3018 illa
304 2982 361 3041 pro
390 2971 492 3021 vestro
518 2958 620 3040 quieti
644 2957 814 3041 providere
842 2980 924 3040 quae
953 2959 1045 3020 nobis
1070 2972 1223 3025 maneant

108 3045 152 3104 ad
166 3038 357 3119 mercedem,
376 3050 408 3100 et
422 3066 457 3104 ea
474 3053 562 3102 recto
581 3042 705 3102 tramite
721 3040 912 3102 inconvulso
931 3041 1034 3103 limite
1052 3045 1222 3106 terminari

103 3148 194 3205 quae
228 3145 405 3206 perennem
442 3125 592 3206 deinceps
627 3122 819 3206 propitiante
849 3125 1016 3204 Domino,
1054 3126 1223 3190 obtineant

108 3208 313 3278 firmitatem
343 3208 417 3288 quia
448 3230 512 3267 non
534 3209 640 3266 minor
661 3206 799 3266 Domino
820 3207 989 3268 retributio
1011 3209 1189 3291 speraturf
1207 3246 1221 3258 ·

108 3301 182 3350 tura
203 3313 261 3372 pro
283 3291 443 3353 succiduis
466 3291 703 3371 contemplante
726 3291 923 3369 temporibus
943 3312 1039 3369 quam
1062 3293 1102 3362 ad
1124 3316 1219 3376 prae·
1317 3365 1320 3370 ¹

106 3396 182 3435 sens
204 3396 338 3434 munera
363 3374 557 3456 pauperibus
578 3373 742 3438 offerente.
784 3373 828 3434 Et
847 3396 887 3434 ne
912 3374 1006 3435 nobis
1023 3374 1141 3456 aliquis
1161 3378 1220 3438 de-

107 3455 268 3516 trahendo
291 3457 438 3518 aestimet
460 3457 493 3516 in
521 3456 555 3515 id
581 3479 662 3516 nova
688 3457 864 3516 decernere
892 3457 1051 3533 carmina,
1080 3459 1158 3518 dum
1179 3460 1220 3518 ab

107 3538 286 3619 antiquitus
301 3540 387 3599 iuxta
404 3538 665 3601 constitutionem
681 3539 874 3599 Pontificum
894 3561 953 3619 per
973 3541 1115 3621 regalem
1130 3563 1219 3602 sanc-

106 3623 229 3682 tionem
250 3624 439 3683 monasteria
459 3632 641 3684 sanctorum
665 3621 853 3697 Lirinensis,
875 3621 1085 3702 Agaunensis,
1107 3624 1217 3685 Luxo-

104 3705 238 3773 viensis,
252 3706 303 3765 vel
317 3707 411 3766 modo
426 3705 674 3765 innumerabilia
688 3725 746 3784 per
758 3725 851 3764 omne
865 3727 1001 3786 regnum
1017 3707 1217 3768 Francorum

104 3786 167 3848 sub
191 3787 344 3848 libertatis
363 3789 570 3870 privilegium
585 3788 738 3846 videntur
760 3789 955 3862 consistere,
976 3787 1030 3846 sed
1052 3811 1110 3870 pro
1128 3811 1218 3852 reve·

103 3870 212 3929 centia
231 3881 411 3931 sanctorum
423 3874 652 3951 beatorumque
669 3870 811 3928 omnium
827 3873 961 3931 fratrum
976 3868 1141 3950 implendo
1155 3873 1216 3932 ius·

105 3975 151 4027 sa,
172 3954 382 4015 custodiendo
396 3964 575 4036 praecepta,
593 3952 810 4012 obedientiam
825 3953 1008 4036 propalabo
1031 3953 1119 4029 Quid
1137 3978 1216 4015 vero

104 4056 163 4094 vos
187 4036 240 4114 vel
267 4058 464 4098 soccessores
486 4037 583 4098 vestri
608 4045 717 4096 sancto
736 4037 890 4097 suadente
915 4035 1042 4117 Spiritu
1064 4036 1215 4118 deinceps

105 4117 314 4196 custodiatis,
334 4122 429 4181 immo
458 4129 584 4182 sanctae
606 4117 694 4177 illius
718 4117 883 4179 Ecclesiae
907 4118 1086 4200 Episcopus
1102 4119 1217 4180 debeat

104 4199 301 4282 adimplere,
327 4202 405 4264 huic
427 4203 561 4284 paginae
587 4200 782 4262 credidimus
803 4202 1020 4262 inserendum.
1060 4205 1128 4262 Hoc
1155 4213 1213 4264 cst.

105 4285 150 4343 Ut
171 4283 209 4346 de
229 4295 334 4346 vestra
354 4285 602 4372 congregatione
624 4285 681 4368 qui
705 4285 738 4345 in
759 4292 864 4347 vestro
888 4284 1083 4347 monasterio
1107 4300 1215 4348 sancta
