2746 4992
345 331 377 382 s.
399 329 479 388 eun.
585 328 843 382 intraturorum
949 328 1009 383 sss.
1171 310 1243 382 etl)

134 476 199 532 tem
225 469 377 551 disposita
404 489 471 530 esse
495 467 631 543 debent,
657 466 814 552 quicquid
840 468 873 527 in
902 467 1053 552 praefatis
1077 468 1244 532 ordinibus

134 563 226 615 extra
249 553 394 613 ordinem
416 560 473 624 est,
495 559 550 610 aut
573 571 630 632 per
651 551 879 640 negligentiam
909 551 1172 630 praepositorum,
1189 564 1245 614 aut

132 659 193 720 per
213 635 369 696 desidiam
388 634 599 708 subditorum,
615 633 824 694 vehementer
842 633 937 715 cupio
960 633 1053 707 seire,
1074 643 1107 694 et
1130 658 1244 697 secun-

134 720 212 780 dum
237 717 300 777 Dei
325 718 523 777 voluntatem
546 723 753 798 vestrumque
781 726 927 778 sanetum
948 715 1121 776 eonsilium
1143 717 1188 778 sic
1207 741 1243 778 e-

95 873 96 877 ,
133 799 287 862 meudare
309 799 487 875 desiderio,
513 806 549 858 ut
569 799 602 858 in
629 808 803 880 conspeetu
827 799 890 858 Dei
916 820 974 858 nec
1000 818 1059 880 ego
1086 801 1243 880 reprobus

133 885 204 958 sim,
228 875 335 962 neque
356 903 410 942 vos
437 890 470 941 et
489 881 627 962 populus
656 880 688 942 in
712 882 886 942 commissis
914 881 991 939 iram
1023 902 1099 940 suae
1133 883 1242 964 indig-

135 966 276 1026 nationis
297 965 450 1023 ineurrat.
480 963 649 1041 Quomodo
671 973 775 1024 autem
793 964 879 1024 istud
892 962 1125 1024 rationabiliter
1139 987 1241 1046 quae-

134 1050 231 1110 situm
255 1055 287 1106 et
307 1048 475 1106 inventum
495 1046 696 1127 perficiatur,
720 1047 809 1107 vobis
832 1045 894 1106 boc
917 1046 956 1104 ad
979 1047 1181 1106 tractandum
1205 1071 1242 1108 ac

136 1131 231 1191 nohis
259 1129 513 1188 renuntiandum
541 1129 777 1188 committimus.
829 1130 877 1187 De
907 1129 1085 1188 minoribus
1111 1151 1241 1212 quoque

137 1213 258 1289 causis,
287 1232 368 1293 quae
389 1211 583 1293 generaliter
598 1232 719 1289 omnes,
743 1209 926 1293 specialiter
945 1209 1070 1291 aliquos
1091 1217 1241 1293 tangunt,

139 1305 173 1355 et
194 1295 336 1375 indigent
358 1293 594 1367 emendatione,
624 1292 770 1354 volumus
799 1301 835 1353 ut
854 1293 986 1374 posthac
1013 1293 1085 1354 illas
1110 1316 1242 1376 quaera-

137 1379 191 1456 tis,
213 1377 303 1438 etad
338 1384 477 1436 nestram
504 1375 648 1436 notitiam
669 1376 845 1446 reducatis;
879 1376 962 1436 sieut
989 1385 1035 1436 est
1067 1377 1106 1436 de
1132 1377 1241 1436 Comi-

137 1461 221 1520 tibus
246 1465 280 1519 et
306 1481 417 1518 eorum
447 1457 612 1536 ministris,
638 1457 665 1520 si
695 1459 831 1519 iustitias
855 1459 1047 1540 negligunt,
1078 1466 1135 1517 aut
1157 1459 1241 1541 ipsas

136 1543 295 1617 vendunt,
323 1541 349 1602 si
372 1549 449 1602 sunt
465 1562 606 1622 rapaces,
628 1549 682 1600 aut
702 1541 937 1617 Ecclesiarum,
966 1540 1154 1616 viduarum,
1188 1564 1242 1602 or-

133 1627 327 1707 phanorum,
350 1631 404 1682 aut
429 1645 606 1706 pauperum
625 1646 839 1705 oppressores,
859 1623 885 1683 si
908 1623 947 1682 ad
968 1624 1242 1704 praedicationem

134 1706 287 1776 veniunt,
318 1706 344 1766 si
373 1706 518 1766 debitum
549 1706 704 1766 honorem
734 1715 788 1766 aut
819 1705 1034 1766 obedientiam
1064 1707 1242 1768 Sacerdoti-

132 1791 193 1850 bus
216 1789 282 1850 suis
305 1788 516 1870 impendunt,
549 1788 575 1848 si
607 1789 729 1868 aliquas
761 1790 918 1850 novitates
946 1798 1001 1847 ant
1033 1798 1239 1872 argumenta,

133 1893 218 1954 quae
244 1872 284 1930 ad
306 1871 536 1931 detrimentum
559 1872 671 1952 populi
693 1871 874 1952 pertinent,
901 1892 994 1952 agere
1017 1881 1238 1953 praesumunt,

136 1957 218 2016 sicut
244 1961 291 2014 est
320 1953 353 2012 in
385 1953 589 2034 acquirendis
620 1954 886 2035 proprietatibus,
918 1961 972 2012 aut
1005 1951 1239 2016 irrationabiles

93 2077 97 2085 =
135 2059 246 2120 preces
274 2036 314 2096 ad
348 2035 507 2106 adiutoria
530 2036 705 2113 facienda,
741 2037 809 2098 sive
841 2037 875 2096 in
907 2036 1043 2116 reliquis
1073 2037 1175 2098 causis
1201 2039 1240 2098 ad

134 2127 300 2202 peccatum
327 2126 472 2178 nostrum
494 2119 657 2201 pertinere
679 2125 814 2201 possunt
836 2140 873 2179 ac
895 2118 1009 2202 populi
1031 2121 1142 2186 nostri,

133 2251 329 2332 Rescriptum
350 2251 586 2311 consultationis
616 2271 669 2309 seu
697 2252 929 2326 exlzortotionis
949 2250 1177 2334 Episcoporum
1198 2251 1243 2311 ad

344 2334 502 2410 Domuum
522 2332 759 2394 Hludouoicum
787 2339 1023 2416 Imperatorem,

215 2447 355 2508 Domino
381 2448 608 2530 gloriosissimo
632 2448 712 2530 Regi
734 2448 939 2510 Hludouvieo
962 2469 1025 2529 pax
1052 2455 1084 2508 et
1111 2448 1176 2509 vita
1208 2459 1240 2510 et

136 2531 272 2594 victoria
299 2531 500 2592 ministretur
531 2554 548 2590 a
576 2534 646 2590 Deo
678 2540 768 2612 patre
802 2539 833 2590 et
858 2529 998 2590 Domino
1027 2540 1147 2599 nostro·
1167 2531 1241 2593 lesu

134 2614 273 2674 Christo.
315 2615 379 2674 Nos
403 2614 534 2695 quidem
562 2613 596 2671 in
621 2613 682 2672 Dei
714 2613 843 2672 nomine
870 2612 1078 2694 Angilbertus
1096 2614 1239 2675 Archio-

132 2698 283 2779 piseopus
307 2703 339 2755 et
359 2697 503 2757 Andreas
531 2693 718 2758 Patrinrcha
748 2717 813 2755 nna
841 2718 914 2756 eum
941 2693 1058 2774 loseph
1084 2693 1261 2757 Arcbiea-·

132 2780 277 2862 Pellene,
293 2781 419 2838 eumad
438 2778 522 2840 hanc
541 2778 707 2860 Synodum
722 2778 755 2836 in
770 2779 849 2838 urbe
861 2778 949 2859 regia
969 2776 1084 2856 Ticino
1103 2801 1239 2862 congre-

132 2870 235 2942 gatam
258 2858 464 2940 venissemus,
489 2859 726 2943 replicavimus,
748 2859 792 2921 eis
816 2861 902 2944 piam
925 2867 1060 2921 vestram
1089 2861 1239 2922 exhorta-

131 2945 274 3018 tionem,
305 2965 367 3023 qua
391 2945 464 3006 viva
484 2965 563 3006 voce
587 2944 626 3003 ad
651 2965 709 3004 nos
730 2942 779 3004 usi
804 2943 926 3021 fuistis,
951 2941 1119 3023 flagrantes
1141 2945 1240 3026 Spiri-

133 3035 185 3088 tus
204 3025 304 3086 sancti
332 3048 478 3102 munere,
508 3035 540 3088 et
565 3028 650 3086 ultra
677 3047 772 3107 quam
797 3025 895 3086 huius
921 3025 1032 3086 aetatis
1052 3027 1238 3088 teneritudo

135 3129 249 3190 capere
274 3107 616 3189 potuisse-videretur,
640 3111 740 3168 totius
758 3109 930 3170 modestiae
960 3115 992 3168 et
1016 3109 1176 3190 gravitatis
1195 3119 1239 3170 at-

136 3213 198 3272 que
222 3211 333 3272 sapore
349 3191 523 3272 sapientiae
543 3191 704 3253 conditam
725 3191 939 3271 protulimus,
956 3189 1051 3250 ctiam
1076 3201 1107 3252 et
1132 3215 1238 3254 coram

135 3274 181 3334 eis
193 3273 295 3353 relegi
308 3273 443 3333 fecimus
459 3273 737 3334 commonitorium
755 3282 888 3334 avestra
900 3269 991 3332 iiobis
1001 3275 1239 3356 magnificentia

134 3355 298 3415 traditum.
339 3356 465 3433 Quibus
493 3357 620 3431 auditis,
642 3377 751 3416 omnes
772 3355 968 3420 unanimiter
989 3377 1048 3436 pro
1072 3366 1175 3418 vestra
1190 3359 1239 3418 in-

136 3439 210 3500 dele
230 3437 442 3520 omnipotenti
467 3442 537 3500 Deo
562 3437 747 3520 dignissime
775 3439 893 3520 gratias
922 3445 1059 3518 egerunt
1082 3440 1158 3519 quia
1178 3464 1238 3523 po-

134 3521 213 3603 pulo
241 3543 299 3581 suo
332 3528 396 3579 tam
421 3520 596 3604 piissimum
634 3529 762 3602 tamque
791 3520 1026 3582 sanctissimum
1052 3523 1239 3606 Principem

133 3604 235 3680 dedit,
260 3603 314 3683 qui
340 3613 457 3664 cuneta
481 3604 704 3664 ordinabiliter
725 3603 895 3684 disponere
920 3603 1019 3683 cupit.

216 3685 242 3746 l.
283 3687 326 3744 Et
347 3688 500 3768 quoniam
519 3687 670 3769 religiosa
694 3686 879 3747 sollicitudo
908 3694 1013 3746 vestra
1037 3684 1177 3767 primum
1199 3689 1239 3750 de

131 3768 375 3828 conversatione
402 3770 651 3851 Episcoporum,
671 3769 953 3851 Presbyterorum,
981 3775 1013 3828 et
1040 3779 1240 3832 caeterorum

132 3850 335 3911 Clericorum
355 3873 510 3932 quaerere
530 3852 669 3929 studuit,
701 3872 923 3934 nosquoque,
959 3872 1023 3931 quo
1047 3854 1240 3934 regulariter

132 3933 250 3992 melius
282 3934 352 3994 lieri
378 3935 506 4016 potuit,
540 3935 679 3996 eundem
707 3934 854 3994 ordinem
884 3955 1055 3994 servamus.
1109 3936 1241 4018 Episco-

132 4038 211 4098 pum
235 4017 368 4096 quidem
400 4016 444 4075 ita
475 4017 657 4079 conversari
690 4016 808 4077 debere
829 4013 1075 4098 pronuntiamus
1109 4029 1144 4078 ut
1170 4020 1239 4080 eins

131 4099 198 4158 rita
221 4098 352 4160 vivendi
384 4099 425 4159 sit
452 4117 573 4159 norma.
620 4100 826 4180 Presbyteros
853 4119 929 4159 vero
956 4107 990 4160 et
1021 4101 1164 4164 Clericos
1195 4101 1240 4162 itu

130 4180 241 4242 vivere
266 4189 394 4263 oportet
417 4189 452 4242 ut
471 4182 728 4264 subditaetplebi
752 4180 900 4264 exemplo
923 4202 999 4242 suae
1027 4186 1239 4246 conversatio-

132 4262 183 4324 nis
208 4264 388 4349 prolieiant.
428 4265 471 4327 Et
497 4263 628 4348 quidam
653 4263 927 4349 Coepiscoporum
952 4272 1153 4346 nostrorum,
1181 4268 1237 4352 qui
