2658 4978
152 352 178 408 t.
209 307 283 402 cinn.
378 345 511 436 'nucum
550 343 765 403 rmnconum
836 343 939 424 suc.
1060 325 1129 400 133
1182 353 1184 358 ·

72 493 172 575 gnitum.
210 488 251 546 Et
268 495 394 548 sanctus
412 487 542 564 Paulus,
552 508 609 570 per
624 508 721 568 quem
743 487 871 548 locutus
892 495 939 547 cst
965 484 1128 562 Christus,

71 575 141 635 dicit:
158 569 225 630 Non
241 568 339 628 solum
357 567 556 651 quisaciunt,
574 569 634 629 sed
651 575 706 650 qui
721 567 1128 650 conscentiumfacientibus,

68 655 135 732 digni
154 664 220 710 sunt
235 663 344 710 nuorte.

127 733 175 798 Vl.
214 733 294 790 Nota
312 740 360 792 est
377 732 466 792 voluis
492 755 584 793 causa
602 733 641 793 de
664 754 763 794 uxore
784 728 909 812 nepotis
930 732 1031 791 nostri
1049 733 1129 792 Hlo-

65 815 152 891 thurii‚
172 813 306 873 undeet
325 815 341 880 sl
359 815 449 874 nobis
467 825 498 874 ct
523 817 561 874 al)
578 815 747 897 Episcopis
765 812 856 894 regni
879 815 999 892 nostri,
1023 815 1079 874 sed
1098 824 1131 874 et

64 901 91 958 ah
107 898 166 957 aliis
181 894 343 976 Episcopis
359 897 580 976 praesentibus
603 897 693 958 nobis
722 894 893 957 consilium
914 896 1072 977 quaesivit
1097 906 1131 958 et

63 981 178 1039 conlinit:
204 977 259 1036 sed
288 979 467 1038 secundum
493 979 576 1038 illud
603 979 775 1040 consilium
800 975 917 1036 exinde
944 999 1009 1038 nou
1042 977 1129 1048 fecit,

63 1062 160 1121 Scimus
172 1059 263 1119 ctiam
278 1060 354 1138 quia
367 1069 400 1119 et
417 1061 457 1120 ad
467 1063 629 1121 Domuum
639 1059 924 1142 Apostolicumpro
942 1058 1004 1121 hoc
1023 1070 1130 1121 trans-

62 1145 144 1218 misit,
165 1139 246 1202 etah
265 1141 325 1200 illo
355 1135 506 1223 epistolas
534 1141 652 1202 exinde
671 1143 803 1223 recepit.
851 1142 974 1222 Negare
999 1163 1130 1224 quoque

61 1226 261 1284 nonrolumus
282 1244 340 1282 nos
359 1223 439 1283 scire
462 1224 541 1306 quid
568 1229 713 1285 Domnns
735 1222 938 1306 Apostolicus
969 1232 1000 1284 et
1022 1225 1071 1283 illi
1099 1233 1130 1292 et

61 1305 220 1389 quibusdam
237 1305 404 1387 Episcopis
419 1306 495 1366 inde
511 1307 691 1377 mandavit;
714 1317 746 1367 et
760 1305 888 1381 seimus,
909 1305 997 1386 quod
1013 1325 1130 1388 negare

63 1411 111 1447 non
129 1409 289 1468 possumus
310 1409 369 1447 noc
393 1389 561 1464 volumus,
585 1389 738 1470 quoniam
763 1409 828 1447 non
850 1386 1025 1464 debemus,
1054 1387 1130 1469 quia

60 1470 151 1530 Domni
165 1469 339 1550 Apostolici
361 1470 595 1532 commendatio
618 1469 656 1528 ab
668 1469 865 1552 Euangeliou
888 1469 1020 1530 veritate
1041 1478 1072 1530 ct
1090 1469 1130 1529 ab

61 1551 204 1634 apostolica
230 1561 329 1632 atquc
351 1552 505 1612 canonica
520 1552 706 1614 auctoritate
726 1553 760 1611 in
782 1551 873 1611 nullo
898 1550 1075 1622 discordum
1098 1561 1131 1613 et

59 1633 207 1692 secundum
221 1633 405 1693 mandatum
420 1634 509 1694 illius
529 1634 646 1694 dehoc
663 1635 746 1695 sacto
761 1643 933 1694 executum
955 1655 1018 1693 uon
1036 1633 1131 1693 audi-

60 1718 138 1775 vimus
153 1736 208 1774 nec
226 1716 383 1775 ridemus.
424 1717 485 1774 llla
503 1716 597 1776 etiam
614 1727 719 1778 sancta
740 1724 771 1776 et
787 1715 887 1798 prima
903 1715 936 1773 iu
961 1724 1028 1776 toto
1052 1716 1131 1777 orbo

59 1807 188 1856 terrarum
199 1797 318 1874 Sedes,
338 1817 396 1879 per
413 1795 557 1859 divinum
575 1800 727 1874 Paulum,
750 1798 922 1858 coelestem
938 1797 1063 1858 scilieet
1082 1808 1129 1858 tu·

58 1879 126 1953 hum,
145 1878 198 1960 qui
215 1878 255 1938 ad
277 1881 412 1938 tertium
427 1881 553 1940 coelum
572 1889 604 1940 et
618 1881 658 1948 nd
675 1880 856 1962 paradisum
871 1890 980 1962 raptus
1003 1879 1065 1941 lnoc
1091 1879 1130 1940 ab

58 1963 110 2038 ipso
125 1961 258 2021 Domino
280 1960 417 2038 didicit,
452 1963 543 2022 nobis
564 1969 597 2022 et
622 1963 770 2022 omnibus
790 1959 980 2023 Christianis
1003 1983 1130 2045 semper

58 2042 173 2100 inomni
192 2043 315 2102 mundo
333 2041 463 2124 clamat,
491 2066 564 2104 cum
577 2043 760 2114 huiusmodi
786 2065 845 2103 nec
866 2043 973 2103 cibum
993 2066 1130 2106 sumere.

59 2124 297 2202 superbonum
319 2124 472 2185 loannem
490 2127 699 2208 Apostolum,
724 2126 781 2206 qui
802 2125 840 2186 de
855 2137 985 2186 aeterno
1008 2137 1041 2188 ct
1054 2128 1130 2188 vivo

60 2205 154 2264 Christi
170 2206 307 2288 pectoris
327 2208 417 2266 tonte
437 2208 470 2266 in
489 2229 599 2284 coena,
621 2208 751 2288 quando
772 2217 966 2268 sacramenta
986 2211 1131 2290 redemp-

61 2286 137 2346 tionis
153 2299 274 2349 nostrae
303 2297 376 2348 sunt
403 2291 562 2352 celebrata
584 2287 756 2366 et'tradita,
771 2310 867 2372 super
886 2311 923 2350 eo
940 2291 1130 2352 recumbens

60 2366 144 2428 hausit
168 2371 253 2452 quod
283 2371 456 2454 redemptis
478 2371 837 2453 omnibuspropinavit,
871 2373 1127 2434 manifestissime

60 2450 137 2510 Sedes
152 2451 322 2534 apostolica
348 2453 514 2514 interdicit
530 2453 712 2512 huiusmodi
737 2454 901 2516 hominem
925 2476 989 2514 non
1012 2455 1129 2515 debere

60 2551 225 2614 quemquam
245 2534 280 2593 in
316 2535 447 2598 domum
472 2536 751 2617 suam-recipere,
784 2557 843 2595 nec
868 2556 923 2596 utre
945 2537 976 2596 ei
1004 2535 1128 2596 dicere:

59 2611 117 2691 spoia
141 2616 193 2696 qui
223 2616 304 2676 dicit
331 2618 361 2676 ei
388 2639 462 2694 ave,
498 2618 711 2677 communicat
742 2620 892 2698 operibns
922 2618 992 2677 eius
1015 2619 1131 2698 malig-

61 2697 106 2752 nis.
140 2699 178 2757 Et
194 2719 251 2780 per
268 2699 399 2758 beatum
416 2698 606 2781 Gregoriunn
626 2701 743 2779 Papam
765 2703 796 2758 in
818 2699 965 2759 homeliis
979 2699 1132 2760 Ezechie-

60 2775 89 2834 lis
105 2778 174 2838 dicit
192 2781 268 2860 quia
287 2780 370 2841 sicut
392 2781 448 2840 ille
466 2781 523 2861 qui
545 2781 607 2842 ficto
625 2781 641 2838 t
661 2785 730 2842 Deo
746 2783 887 2858 recedit,
909 2791 1048 2862 apostata
1064 2790 1145 2854 cst,v

61 2857 93 2914 ita
107 2871 134 2918 et
146 2861 198 2922 ille
214 2863 269 2944 qui
294 2863 311 2922 A
334 2865 403 2922 Deo
420 2863 543 2922 recedit
560 2884 675 2946 opere,
698 2865 765 2924 sinc
781 2865 878 2923 dubio
908 2873 1048 2943 apostata
1074 2871 1132 2923 est.

61 2940 213 3020 Quoniam,
235 2944 422 3024 sicutdicit
437 2945 624 3027 Apostolus,
646 2946 741 3006 Fides
761 2949 826 3004 sinc
848 2947 995 3029 operibus
1010 2959 1133 3005 mortue

62 3035 103 3085 cst.
137 3026 174 3084 Et
186 3026 283 3101 item,
305 3027 388 3086 sicut
403 3027 484 3087 nlius
499 3029 577 3088 dicit
589 3029 778 3107 Apostolus:
801 3027 880 3087 Sunt
899 3031 955 3111 qui
977 3026 1132 3110 coufiten-

63 3115 102 3160 tur
117 3127 143 3163 se
156 3129 243 3167 nosse
263 3109 381 3180 Deum,
397 3107 498 3188 sactis
523 3123 625 3169 atatem
646 3123 767 3189 negant.
817 3111 859 3170 Et
886 3112 951 3191 ipse
976 3111 1133 3170 Dominus

63 3183 124 3244 dicit
143 3189 178 3248 de
196 3191 294 3250 semel
312 3200 344 3250 et
362 3191 505 3250 secundo
523 3214 559 3251 ac
576 3192 672 3251 tertio
692 3192 839 3271 legaliter
853 3193 1070 3267 commonito,
1102 3202 1134 3250 et

62 3287 113 3325 uon
126 3283 284 3348 correcto,
307 3283 343 3332 ut
361 3273 401 3332 sit
421 3273 511 3334 nobis
530 3275 613 3334 sicut
628 3274 757 3354 gentilis
778 3285 810 3333 et
826 3276 964 3354 publicis
990 3273 1135 3334 crimini·-

61 3344 107 3408 hus
122 3351 305 3432 implicatus,
325 3377 398 3414 cum
414 3377 478 3436 quo
493 3366 525 3416 et
535 3356 707 3438 apostolica
732 3366 764 3414 ct
789 3357 942 3416 canoniea
964 3355 1136 3416 auctoritas

63 3433 220 3494 neecihum
240 3457 385 3514 sumere,
407 3447 443 3496 ut
459 3438 696 3519 praemisimus,
718 3437 808 3497 nohis
830 3437 988 3499 concedit.

65 3590 70 3602 Ι
129 3515 195 3577 Vll.
235 3520 426 3600 Propterea,
449 3521 545 3580 unice
568 3531 600 3581 et
616 3521 714 3581 frater
728 3519 904 3596 carissime,
926 3513 1138 3579 etvobismetss

64 3595 299 3672 ¹psisconsilium
320 3601 472 3682 aecipite,
496 3602 625 3662 etmihi
646 3601 817 3660 consilium
841 3602 924 3676 date,
947 3609 979 3660 et
1005 3599 1063 3682 ipsi
1084 3621 1139 3658 ne-

63 3679 117 3753 poti
136 3693 238 3743 nostro
255 3705 329 3744 suae
348 3684 459 3746 salutis
479 3683 661 3744 ethonoris
682 3683 752 3742 date
779 3682 962 3762 consilium,
987 3692 1018 3741 et
1034 3701 1138 3763 praes·

65 3765 113 3818 tate
128 3765 297 3842 auxilium,
320 3765 397 3846 quia
414 3775 446 3826 et
460 3787 518 3848 ego
535 3766 668 3841 adhoc,
697 3773 853 3846 quantum
880 3764 959 3822 mihi
981 3764 1138 3823 Dominus

67 3843 129 3932 scire
150 3855 179 3904 et
196 3869 282 3926 posse
298 3848 476 3923 donaverit,
499 3869 569 3909 sum
585 3857 712 3932 paratus
730 3847 824 3906 simul
840 3845 1007 3909 vobiscum
1023 3866 1138 3928 agero,

66 3941 86 3980 st
102 3927 228 3988 voluerit
248 3930 313 4009 ipse
335 3929 490 4011 recipere.

132 4009 217 4070 Vlll.
259 4011 354 4090 Quod
371 4023 476 4073 autem
491 4011 662 4074 consilium
679 4033 738 4092 ego
756 4032 829 4071 cum
842 4009 1009 4092 Episcopis
1027 4019 1058 4068 et
1071 4029 1140 4068 cae·

65 4087 126 4148 teris
140 4091 280 4154 fidelihus
302 4094 428 4172 nostris,
450 4097 608 4158 sollicitus
627 4107 658 4156 et
677 4117 735 4174 pro
756 4101 862 4152 nostru
882 4091 1140 4169 eommuni,ves-

66 4173 104 4225 tra
121 4173 233 4235 scilicet
252 4184 285 4237 et
302 4197 396 4254 mea,
418 4178 475 4238 sed
493 4188 525 4240 et
542 4200 601 4262 pro
623 4178 723 4259 ipsius
748 4174 873 4256 nepotis
905 4175 1008 4234 nostri
1036 4173 1139 4234 salute

69 4251 229 4335 ethonore,
250 4267 282 4320 ot
302 4279 359 4342 pro
377 4260 539 4322 communi
556 4261 702 4322 omnium
715 4257 862 4322 fidelium
880 4264 1065 4322 nostrorum
1088 4255 1142 4314 in-
