2712 4992
527 281 790 372 smuoumclu
1134 297 1204 367 393

97 468 291 534 venturum,
314 464 439 539 oportet
460 467 494 518 ut
517 477 582 516 nou
605 457 749 518 inveniat
778 478 1040 540 unumquemque
1069 457 1206 539 impara-

97 553 176 615 tum,
195 562 259 600 nec
282 541 351 600 sine
382 541 492 620 aliquo
512 539 588 600 boni
615 541 721 622 operis
741 542 851 601 fructu
874 540 1023 621 migranti
1046 541 1085 601 de
1113 559 1207 599 secu·

94 625 145 692 lo;
170 624 231 682 sed
254 622 330 681 dum
351 623 385 679 in
403 644 460 682 suo
483 622 551 682 iure
573 630 606 681 ct
625 632 779 703 potestate
793 621 927 704 quisque
945 623 1101 699 consistit,
1119 641 1208 702 prae·

92 714 189 786 paret
215 704 276 764 sibi
296 704 379 762 viam
403 699 522 779 salutis,
546 723 603 784 per
622 724 718 783 quam
733 705 773 764 ad
794 713 954 765 aeternam
975 703 1209 766 beatitudinem

93 788 206 846 valeat
233 787 415 867 pervenire.
459 787 585 846 Idcirco
605 789 663 866 ego
689 787 722 845 in
745 786 806 845 Dei
828 787 958 847 nomine
977 788 1046 864 ille,
1067 795 1210 868 pertrac-

92 878 167 927 tans
199 878 265 927 tam
298 868 337 928 de
370 867 431 926 Dei
460 876 550 948 parte
582 889 677 946 quam
708 876 741 928 et
770 869 950 946 reverentia
973 869 1082 929 Sancti
1107 866 1208 942 illius,

94 973 151 1010 seu
176 951 305 1008 animae
323 971 411 1009 meae
431 947 619 1026 remedium,
636 950 715 1010 cedo
731 949 770 1010 ad
783 962 1014 1011 sacrosanctam
1030 948 1211 1012 Ecclesiam

95 1034 210 1092 Sancti
237 1032 342 1108 illius,
365 1052 446 1110 quae
471 1039 519 1092 est
540 1041 721 1092 constructa
744 1032 828 1090 infra
848 1031 959 1093 urbem
981 1034 1081 1108 illam,
1104 1033 1137 1090 in
1153 1029 1211 1090 Iro·

95 1135 179 1174 nore
204 1115 314 1173 Sancti
337 1113 436 1189 illius,
461 1114 513 1173 ubi
535 1123 567 1172 ct
581 1114 672 1173 Abba
686 1115 742 1174 illc
758 1115 876 1174 Rector
894 1136 1039 1197 praeesse
1063 1112 1204 1188 videtur,

96 1218 165 1255 non
192 1196 341 1271 occulte,
364 1196 420 1254 sed
450 1195 597 1276 publice,
621 1217 685 1255 non
712 1195 881 1277 privatim,
911 1197 967 1258 sed
989 1197 1115 1279 palam,
1139 1216 1210 1255 ces·

95 1300 240 1359 sumque
263 1279 296 1335 in
319 1288 474 1358 perpetuo
505 1278 573 1337 inre
603 1277 747 1359 legitimo
781 1298 848 1337 esse
880 1279 956 1339 volo
973 1325 982 1358 ,
1012 1289 1044 1340 et
1071 1280 1110 1339 de
1139 1263 1210 1350 iude

96 1382 173 1420 mco
199 1362 233 1417 in
265 1359 334 1418 iure
362 1367 392 1417 et
425 1359 644 1419 dominatione
672 1359 771 1441 ipsius
799 1361 963 1422 Ecclesiae
997 1361 1088 1421 trado
1115 1363 1210 1439 atqde

95 1442 304 1516 transfundo,
326 1439 388 1499 boc
413 1450 469 1516 est,
492 1441 600 1501 locum
625 1461 692 1500 rem
714 1441 917 1523 proprietatis
938 1463 1027 1503 meae
1049 1443 1153 1519 illum,
1172 1440 1228 1500 sim

95 1535 167 1586 tum
196 1525 230 1582 in
255 1544 334 1604 pago
357 1521 427 1599 illo,
450 1523 483 1581 iu
512 1522 726 1600 conditailla,
748 1524 930 1584 cumomni
954 1525 1137 1606 integritate
1158 1521 1211 1582 vel

97 1605 292 1668 adiacentiis
313 1603 398 1680 suis,
427 1605 570 1680 boc'est,
602 1626 675 1664 cum
698 1605 801 1682 terris,
832 1606 959 1683 mansis,
983 1608 1073 1684 casis,
1095 1603 1210 1679 vineis,

96 1689 201 1766 silvis,
226 1687 355 1769 campis,
377 1687 486 1767 pratis,
509 1688 643 1767 pascuis,
666 1687 768 1766 aquis,
791 1711 984 1770 aquarumve
1012 1687 1211 1762 decursibus,

97 1770 278 1840 farinariis,
301 1768 473 1828 mobilibus
495 1779 528 1830 et
547 1769 772 1846 immobilibus,
795 1771 951 1852 pecuniis,
971 1771 1108 1853 peculiis
1130 1768 1212 1828 utri-

98 1873 207 1932 usque
230 1873 334 1928 sexus,
356 1851 535 1932 praesidiis,
557 1850 609 1912 vel
633 1853 720 1912 omni
743 1853 956 1933 supellectile,
979 1863 1214 1934 quantumcun-

98 1957 163 2014 que
196 1933 317 1994 ibidem
339 1933 500 2013 praesenti
525 1943 668 2015 tempore
695 1956 764 1994 mea
792 1934 920 1995 videtur
949 1956 1016 1996 esse
1046 1933 1213 2015 possessio,

98 2025 208 2076 totum
238 2018 270 2075 et
301 2015 341 2074 ad
366 2014 527 2097 integrum
558 2037 627 2075 rem
652 2016 826 2096 quaesitam
863 2026 895 2104 et
923 2017 1124 2097 inquisitam,
1155 2035 1214 2098 per

99 2098 186 2158 hanc
211 2097 387 2162 cessionem
416 2098 433 2156 a
462 2097 514 2157 die
537 2108 702 2180 praesente
736 2098 776 2159 ad
808 2099 907 2181 ipsam
938 2109 1079 2159 sanctam
1110 2117 1215 2159 casam
1256 2113 1259 2117 '

101 2181 221 2262 delego
245 2189 277 2238 et
299 2179 465 2256 confirmo,
487 2178 530 2238 ita
555 2189 592 2239 ut
610 2179 648 2238 ab
669 2179 825 2240 hodierna
845 2182 896 2242 die
915 2179 1073 2262 quicquid
1096 2180 1215 2241 exinde

101 2284 176 2342 pars
200 2261 298 2341 ipsius
318 2259 481 2320 Ecclesiae
505 2262 640 2339 eiusque
664 2263 815 2324 Rectores
836 2264 876 2325 de
894 2264 960 2345 ipsa
982 2265 1142 2323 refecere
1163 2282 1216 2322 vo·

21 2369 25 2378 ·
103 2344 241 2419 luerint,
263 2343 396 2402 liberam
419 2352 449 2402 et
474 2343 683 2404 fmnissimam
703 2343 736 2401 in
761 2346 908 2406 omnibus
927 2344 1065 2406 babeant
1080 2351 1215 2427 potesta-

104 2437 169 2485 tem
195 2424 360 2501 feciendi,
392 2425 467 2505 quia
502 2426 601 2506 ipsam
626 2436 768 2488 sanctam
797 2427 974 2488 Ecclesiam
999 2427 1072 2508 plus
1099 2426 1132 2486 id
1155 2425 1214 2482 ba·

103 2508 182 2568 bere
204 2509 277 2569 volo
299 2529 394 2588 quam
410 2509 530 2568 merel
556 2508 688 2568 cacteris
713 2507 997 2570 heredibusmeis.
1043 2509 1079 2566 ln
1100 2507 1215 2567 cessio-

105 2591 203 2650 nibus
228 2610 303 2648 vero
327 2589 404 2650 licet
430 2611 532 2669 poena
564 2611 630 2650 non
656 2589 832 2667 inseratur,
855 2590 933 2649 mihi
957 2599 1061 2648 tamen
1084 2612 1143 2670 pro
1167 2591 1216 2648 rei

105 2673 206 2731 totius
227 2671 373 2730 firmitate
397 2671 517 2750 placuit
540 2671 752 2731 inserundum
775 2681 810 2732 ut
837 2672 864 2733 si
891 2694 952 2754 ego
977 2680 1033 2731 aut
1061 2673 1148 2732 ullus
1176 2671 1216 2732 de
1260 2689 1266 2696 “

104 2753 281 2818 heredibus
310 2752 398 2813 mels.
438 2754 481 2813 Et
503 2752 640 2833 reliqua.

451 2885 486 2946 V
482 2885 600 2946 ecditio
623 2885 667 2945 ad
685 2885 868 2948 Ecclesiam.

192 2999 388 3062 XXXVIII.
430 3002 569 3062 Domino
593 3003 770 3062 venerabili
795 3012 826 3063 et
852 3004 885 3063 in
909 3004 1037 3065 Christo
1059 3002 1142 3085 patri
1158 2991 1217 3062 illo

106 3084 224 3144 Abbati
239 3085 277 3145 de
292 3084 422 3145 basilica
437 3083 544 3144 Sancti
560 3083 659 3160 illius,
677 3085 804 3146 civitate
823 3085 890 3164 illa,
909 3088 964 3146 ubi
980 3088 1045 3168 ipse
1060 3085 1217 3166 pretiosus

108 3169 255 3228 Domnus
285 3169 317 3226 in
344 3187 478 3248 corpore
500 3167 687 3246 requiescit,
711 3167 762 3228 vel
782 3169 869 3228 omni
892 3169 1133 3251 congregationi
1155 3166 1219 3226 ibi·

109 3250 184 3308 dem
205 3249 404 3324 consistenti,
427 3249 590 3330 egoenim
615 3248 648 3306 in
672 3250 734 3310 Dei
755 3250 885 3310 nomine
908 3252 975 3317 ille.
1019 3252 1152 3312 Constat
1168 3270 1218 3309 mc

109 3330 202 3392 vobis
223 3331 276 3391 rel
299 3331 440 3413 partibus
462 3329 560 3412 ipsius
581 3329 732 3398 basilicae
754 3333 958 3411 vendidisse,
981 3343 1014 3394 et
1038 3334 1081 3392 ita
1103 3330 1219 3393 vendi·

110 3412 154 3488 di,
176 3412 238 3472 boc
271 3423 334 3487 est,
364 3415 471 3473 locum
500 3434 569 3472 rem
591 3413 794 3494 proprietatis
816 3435 924 3491 meae,
954 3417 1049 3476 situm
1079 3415 1112 3473 in
1138 3434 1219 3495 pago

110 3495 181 3570 illo',
204 3515 299 3574 super
325 3494 459 3553 fluvium
482 3493 585 3570 illum,
608 3494 642 3552 iu
669 3495 798 3554 condita
823 3496 889 3574 illa,
908 3499 940 3556 in
963 3499 1039 3559 villa
1060 3497 1128 3572 illa,
1147 3517 1221 3555 cum

111 3577 199 3636 omni
223 3577 404 3657 integritate
435 3577 487 3637 vel
515 3577 720 3652 adiacentiis,
743 3578 900 3660 quicquid
921 3582 961 3640 ad
986 3581 1090 3661 ipsum
1112 3579 1221 3640 locum

111 3660 252 3740 aspicere
275 3658 326 3718 vel
355 3659 517 3740 pertinere
543 3658 688 3735 videtur,
717 3661 771 3720 vel
806 3673 1095 3742 quantumcunque
1126 3683 1218 3744 prac-

112 3742 195 3802 senti
215 3751 358 3822 tempore
384 3763 453 3800 mea
480 3742 608 3802 videtur
633 3763 700 3802 esse
722 3743 889 3822 possessio,
912 3744 974 3805 hoc
998 3755 1054 3820 est,
1078 3754 1142 3803 tam
1159 3753 1221 3803 ter-

111 3825 165 3899 ris,
188 3824 314 3898 mansis,
337 3823 427 3898 casis,
451 3823 608 3898 domibus,
631 3824 803 3903 aedificiis,
832 3827 1018 3903 accolabus,
1041 3826 1220 3904 mancipiis,

113 3905 227 3981 vineis,
250 3905 349 3981 silvis,
371 3905 480 3986 pratis,
502 3907 637 3983 pascuis,
661 3905 768 3984 aquis,
799 3929 994 3987 aquarumve
1021 3909 1220 3985 decursibus,

113 3987 581 4064 libertinis,ministerialibus,
604 3988 775 4048 mobilibus
798 3999 830 4049 et
861 3988 1095 4069 immobilibus,
1117 4013 1219 4074 pecu·

115 4069 187 4145 niis,
212 4071 349 4150 peculiis
375 4069 540 4150 utriusque
563 4091 675 4146 sexus,
698 4072 747 4130 vel
776 4072 862 4130 omni
885 4075 1096 4155 supellectili,
1119 4084 1222 4133 totum

115 4150 206 4210 etad
226 4151 397 4233 integrum,
419 4173 486 4211 rem
505 4153 679 4232 quaesitam
700 4161 732 4212 et
754 4152 956 4233 inquisitam,
980 4157 1136 4239 quicquid
1157 4156 1220 4218 dici

115 4244 170 4300 aut
192 4233 346 4296 nominari
371 4244 482 4318 potest,
501 4238 550 4296 rel
574 4234 731 4316 quidquid
756 4235 874 4299 ibidem
895 4241 1055 4322 praesenti
1077 4252 1220 4324 tempore
