2746 4992
347 320 376 392 i.
394 340 472 394 cns.
575 337 699 394 aucun
803 297 864 398 see
1106 318 1238 408 249,

104 487 136 548 ln
153 481 260 542 semine
277 491 329 540 tuo
349 477 567 541 benedicentur
586 498 691 538 omnes
713 463 836 556 gentes,
859 476 912 540 cui
938 477 1000 540 iam
1024 487 1180 540 centena·

103 568 143 628 rio
162 565 198 626 de
223 562 436 642 nonagenaria
458 581 559 622 uxore
591 561 676 620 lsaae
700 559 801 638 filium
823 561 931 642 dedit,
953 561 997 622 ita
1023 571 1056 622 et
1076 561 1181 642 ipsum

102 651 177 710 Isaac
196 665 326 704 uxorem
342 642 483 705 sterilem
505 641 649 723 accipere
670 643 765 718 fecit,
787 653 873 704 utet
893 642 926 706 in
949 642 1022 722 boc,
1043 645 1127 706 sicut
1146 642 1181 701 in

101 727 195 790 multis
215 726 297 794 solet
314 725 439 802 facere,
460 723 698 806 misericordiae
728 747 803 786 suae
831 725 1008 806 largitatem
1030 723 1182 787 ostende·

100 821 149 873 ret.
184 810 224 869 Et
246 808 321 868 inde
345 807 423 869 dicit
445 806 611 888 Scriptura
637 805 713 885 quia
736 806 920 889 deprecatus
943 820 989 868 est
1008 812 1099 870 Isaac
1110 807 1192 886 'D⁰·.

100 895 199 954 minum
221 911 280 974 pro
308 911 409 949 uxore
435 912 503 961 sua,
532 909 567 948 eo
591 886 679 968 qscod
698 901 777 949 esset
801 889 937 960 sterilis,
961 899 993 950 et
1021 887 1180 971 concepit.

99 978 134 1037 Et
150 995 208 1033 non
227 972 267 1032 sit
285 971 377 1032 vobis
396 971 512 1030 mirum
534 992 593 1031 eur
614 968 707 1029 antea
727 969 788 1031 boc
812 991 877 1030 non
901 971 988 1038 fecit,
1029 971 1124 1049 Quia,
1140 969 1206 1054 sig·

100 1067 145 1118 eut
161 1076 242 1116 saera
261 1053 427 1134 Scriptura
445 1052 536 1128 dicit,
557 1053 588 1110 in
603 1052 777 1132 primordio
800 1051 1038 1116 coniunctionis
1055 1073 1192 1130 mesen-U

101 1139 121 1199 li
144 1147 170 1200 et
194 1135 331 1196 feminae
364 1135 446 1196 dixit
474 1135 631 1195 Dominus
660 1134 699 1193 ad
728 1133 847 1210 Evam:
883 1133 942 1194 Ad‘
964 1139 1062 1196 virum
1095 1139 1191 1195 tuum'
1218 1137 1224 1154 '

102 1223 152 1280 erit
171 1219 332 1280 conversio
360 1232 429 1294 tun,
458 1229 488 1276 et
514 1219 579 1298 ipse
619 1215 830 1278 donzinnbitur
858 1217 913 1276 tui.
953 1219 995 1282 Et
1020 1240 1094 1279 cum
1118 1216 1182 1298 iam

104 1311 189 1364 essent
210 1298 354 1360 moribus
378 1299 411 1358 in
433 1298 574 1381 legitima
588 1298 826 1359 coniunctione
850 1299 964 1360 maturi
987 1310 1019 1362 et
1043 1301 1193 1384 provec-¹

103 1394 143 1444 tae
160 1383 269 1459 aetatis,
291 1381 452 1442 Abrabam
477 1391 509 1441 et
531 1383 642 1456 Sarra,
674 1391 717 1458 et,
740 1391 775 1441 ut
798 1392 925 1442 sanetus
951 1383 1066 1444 Petrus
1090 1379 1193 1461 dicit,

101 1465 181 1526 Sarra
203 1463 370 1525 obediebat
391 1465 548 1534 Abrabae,
571 1463 731 1523 dominum
750 1485 819 1522 eum
843 1481 960 1530 vocans
972 1510 981 1542 ,
1011 1464 1094 1528 dixit
1110 1466 1180 1524 Do·

101 1548 188 1608 minus
209 1547 247 1606 ad
265 1546 427 1606 Abrabam
447 1546 535 1626 qnod
561 1555 653 1605 antea
674 1567 734 1605 nec
750 1544 810 1625 ipsi
830 1565 892 1606 nec
908 1545 971 1607 alio
991 1545 1116 1608 bomini
1135 1545 1182 1604 le-

99 1631 184 1712 gimns
204 1628 297 1688 illum
313 1627 464 1710 'dixisses
500 1626 612 1686 Omnia
631 1647 708 1707 quae
731 1625 853 1687 dixerit
880 1627 941 1688 tibi
966 1630 1081 1706 Serre,
1104 1625 1182 1688 andi

97 1733 189 1772 nocem
205 1713 277 1777 eius.
321 1710 392 1785 lam
413 1709 500 1770 enim
520 1718 552 1768 et
572 1709 730 1769 Abraham
755 1709 926 1792 Presbyter
948 1711 1062 1773 merito
1084 1731 1180 1774 voca·

97 1794 185 1872 batur,
203 1803 233 1854 et
253 1793 445 1854 deiecerant
463 1791 630 1852 muliebria
652 1791 686 1851 id
706 1801 753 1852 est
778 1795 880 1854 omnis
908 1792 1087 1855 lascivietas
1104 1793 1180 1852 Sar-

96 1897 159 1937 rae:
188 1884 217 1936 et
241 1885 322 1938 tune
348 1885 544 1956 acceperunt
569 1873 829 1934 benedictionem
848 1875 988 1937 'seminis
1015 1871 1180 1938 benedicti

98 1959 262 2036 aDomino,
284 1958 321 2017 in
344 1977 408 2038 quo
429 1956 669 2017 benedicuntur
692 1977 800 2017 omnes
824 1965 944 2039 gentes.
969 1958 1083 2021 Arnen.
1123 1955 1181 2016 His

98 2061 160 2121 ergo
178 2041 248 2101 lulti
269 2038 535 2116 auctoritatibus,
557 2038 591 2098 in
620 2038 844 2120 dispensandis
857 2039 921 2100 Dei
942 2039 1046 2120 donis,
1068 2037 1181 2123 quial)

98 2123 146 2182 illo
167 2122 299 2186 ministri
333 2121 401 2183 eius
426 2143 535 2182 sumus
562 2121 602 2180 ad
631 2118 693 2181 hoc
722 2121 906 2198 constituti,
936 2131 971 2182 ut
992 2125 1058 2185 Leo
1081 2121 1180 2204 dicit,
1214 2180 1216 2186 .

96 2225 150 2262 non
170 2206 319 2266 debemus
349 2224 417 2265 esse
443 2203 603 2279 difficiles,
625 2224 685 2262 nee
707 2203 895 2264 devotorum
918 2204 1091 2287 petitiones
1120 2225 1181 2265 ne-

95 2285 215 2367 gligere;
245 2285 386 2348 maxime
410 2284 436 2346 si
455 2285 537 2367 ipsas
566 2284 739 2369 petitiones
764 2285 965 2348 evidentibus
990 2285 1118 2348 indiciis
1139 2283 1192 2349 ex¹
1258 2329 1261 2334 ·

91 2369 142 2428 Dei
158 2370 330 2430 viderimus
356 2367 565 2450 inspiratione
590 2377 771 2448 conceptas.
812 2369 897 2446 Quia
918 2370 1090 2453 multiplex
1115 2369 1181 2430 mi-

92 2451 244 2512 sericordia
269 2451 334 2513 Dei
365 2450 408 2510 ita
437 2451 533 2512 saluti
562 2450 720 2511 humanae
750 2449 920 2512 subvenire
945 2452 1114 2528 decrevit,
1144 2459 1182 2512 ut

90 2534 242 2614 praecipue
277 2532 489 2594 Sacerdotum
526 2531 812 2615 supplicationibus
842 2533 910 2614 ipsa
942 2534 1027 2594 salus
1064 2533 1180 2596 debeat

91 2614 221 2675 obtineri.
262 2615 327 2676 Cui
354 2616 455 2696 operi,
485 2625 521 2675 ut
545 2614 580 2674 in
607 2615 702 2675 sacris
722 2613 824 2676 literis
849 2614 994 2696 legimus,
1016 2615 1085 2697 ipse
1105 2615 1179 2675 Sal·-

90 2706 169 2756 vator
183 2698 370 2774 intervenit,
393 2719 605 2779 necunquam
619 2697 657 2756 ab
676 2696 727 2756 bis
746 2695 832 2756 abest
845 2718 928 2776 quae
945 2697 1097 2758 ministris
1114 2696 1181 2780 suis

91 2783 266 2860 exequenda
287 2779 447 2841 commisit
469 2779 598 2841 dicens:
640 2781 724 2840 Ecce
741 2780 798 2856 'ego
813 2781 975 2839 uobiscum
992 2801 1059 2840 sum
1076 2777 1195 2841 omni-⁴

90 2861 136 2920 lus
159 2861 274 2926 diebus.
320 2864 363 2924 Et
387 2863 412 2923 si
438 2862 519 2943 qnid
539 2884 597 2942 per
617 2861 804 2922 servitutem
824 2869 964 2922 nostratn
982 2863 1075 2936 bono,
1089 2861 1195 2921 ordi-'

89 2963 124 3002 ne
142 2953 171 3003 et
193 2945 383 3026 gratulando
407 2944 576 3026 implemus
601 2943 733 3020 affectu,
756 2952 792 3002 ut
813 2943 828 3004 Ι
841 2965 879 3004 eo
903 2943 998 3023 dicit,
1026 2964 1090 3005 non
1116 2965 1180 3003 am-

88 3023 217 3104 bigamus
240 3049 301 3109 per
331 3027 487 3108 Spiritum
515 3035 658 3086 sanctum
689 3025 780 3085 nobis
806 3027 902 3087 fuisse
933 3026 1096 3087 donatum.
1136 3027 1181 3088 Et

88 3106 161 3184 ideo,
182 3112 322 3185 Fratres,
344 3109 497 3190 quoniam
518 3109 560 3169 ita
574 3118 630 3183 est,
649 3110 685 3168 ‘et
699 3117 806 3168 nostra
828 3131 887 3192 pro
913 3107 1002 3170 vobis
1023 3108 1181 3170 ministra-

89 3188 136 3262 tio,
156 3200 187 3249 et
208 3202 313 3251 vestra
335 3213 407 3272 erga
429 3213 486 3251 nos
507 3190 678 3250 coniuncta
707 3189 850 3268 devotio,
873 3199 909 3250 ut
931 3212 996 3250 una
1015 3193 1070 3252 fiat
1093 3191 1191 3273 apud=

88 3271 250 3332 Dominum
271 3273 480 3354 supplicatio,
502 3274 585 3333 sicut
607 3273 740 3354 legimus
766 3271 841 3352 quia
862 3271 985 3334 adhoc
1011 3273 1180 3334 constituti

89 3363 152 3411 sunt
174 3355 372 3432 Sacerdotes,
394 3365 430 3415 nt
451 3355 539 3436 prius
560 3375 619 3438 pro
647 3355 723 3431 suis,
745 3353 861 3415 deinde
878 3377 937 3437 pro
956 3355 1069 3436 populi
1086 3365 1182 3417 orent

88 3438 233 3512 peccatis,
264 3447 298 3498 et
322 3439 423 3497 oratio
456 3437 551 3499 fiebat
573 3438 642 3497 sine
667 3435 900 3497 intermissione
927 3438 967 3496 ad
994 3440 1099 3498 Deum
1119 3459 1179 3520 pro

86 3515 183 3592 Petro,
205 3520 238 3580 id
264 3528 322 3594 est,
344 3542 402 3602 pro
426 3520 514 3579 omni
535 3520 766 3602 Episcoporum
790 3517 907 3593 choro,
930 3520 1094 3580 orantibus
1118 3540 1179 3579 no-

87 3596 130 3657 bis
150 3622 206 3680 pro
222 3603 386 3661 communi
406 3611 512 3662 nostra
527 3603 622 3661 immo
640 3624 699 3685 pro
726 3601 823 3660 totius
839 3602 1002 3662 Ecclesiae
1025 3623 1060 3661 ac
1072 3623 1178 3684 popu·

87 3677 107 3736 li
125 3685 307 3743 necessitate
322 3693 417 3764 atque
432 3685 544 3764 salute,
564 3705 732 3744 commune
749 3692 858 3742 votum
871 3683 966 3744 etiam
981 3691 1084 3742 vestra
1095 3705 1179 3744 com-

86 3765 181 3824 munis
193 3777 406 3846 prosequatur
424 3767 524 3826 oratio
544 3767 629 3848 apud
648 3788 721 3825 eom
736 3765 792 3846 qni
812 3765 891 3826 facit
908 3764 1076 3826 unanimes
1090 3763 1179 3824 habi·
1257 3822 1260 3826 .

87 3850 144 3905 tare
160 3845 192 3904 in
218 3847 322 3918 domo,
346 3859 379 3909 et
397 3848 478 3910 vivit
497 3858 528 3926 et
547 3860 661 3932 regnat
678 3848 711 3907 in
727 3848 835 3924 secula
854 3849 1046 3910 seculorum.
1065 3845 1179 3908 Amen.

508 3975 745 4036 Oresio

159 4089 295 4150 Domine
319 4097 450 4166 sancte,
478 4087 575 4149 Pater
600 4087 812 4169 omnipotens,
834 4093 963 4152 aeterne
984 4092 1087 4169 Dens,
1120 4095 1178 4174 qui

86 4175 230 4244 potestate
252 4171 377 4232 virtutis
402 4181 475 4230 tuae
502 4171 541 4230 sle
559 4170 662 4230 nihilo
682 4181 798 4231 cuneta
820 4173 936 4250 iecisti,
958 4182 992 4233 et
1018 4174 1178 4255 dispositis

87 4249 294 4325 universitatis
316 4254 474 4331 exordiis,
500 4251 624 4314 homini
650 4253 689 4314 ad
716 4253 887 4336 imaginem
912 4264 1001 4338 tuam,
1022 4257 1106 4319 facto
1131 4258 1166 4317 in
