2746 4992
197 360 269 432 212
431 369 558 426 seua.
663 357 901 425 caurruusars'
997 377 1055 442 aas.

196 520 370 590 ramaneat,
392 519 424 573 et
442 509 498 592 qui
514 507 652 570 debcant
674 529 741 572 esse
764 529 902 590 quorum
919 510 1038 572 auxilio
1058 519 1168 592 utatur,
1189 523 1216 576 et
1228 517 1264 578 vi·

196 594 386 664 cissitudiue
417 613 492 654 cum
521 612 561 652 eo
592 590 666 656 siut.
719 589 882 654 Videlicet
911 612 951 653 ex
976 593 1135 676 Episcopis
1158 599 1266 659 assidue

195 683 263 746 sint
279 698 354 742 cum
373 675 431 738 illo
450 682 507 736 aut
525 671 740 754 lugiluvinus,
762 683 817 734 aut
836 673 1031 753 Reinelmus,
1052 676 1114 738 sive
1131 677 1207 757 Odo,
1221 701 1268 742 seu

196 758 420 824 Hildeboldus.
459 757 510 818 Ex
530 754 716 832 Abbatibus,
736 755 762 815 si
783 756 846 815 alia
865 757 1033 818 necessitas
1051 779 1112 818 uon
1132 761 1269 838 evenerit,

198 843 321 906 assidue
342 839 407 904 siut
428 861 502 900 eum
522 858 561 898 eo
579 835 732 918 Welplro,
754 837 942 915 Ganzlinus,
963 848 997 900 et
1017 840 1124 904 Falco.
1160 843 1270 903 Exeo·
1351 886 1352 908 ,

199 925 332 990 mitibus
357 943 446 999 vero,
467 926 523 980 aut
542 917 753 997 Tendericus,
776 929 831 980 aut
856 918 1050 999 Balduinus,
1078 922 1142 984 sive
1161 924 1271 985 Chaon·

198 1008 305 1084 radus,
326 1025 384 1068 seu
410 1002 620 1078 lldalelmus,¹
636 1000 818 1064 alternatim
844 1022 918 1064 eum
940 1001 1000 1064 illo
1021 1003 1202 1082 consistent,
1226 1015 1271 1083 et,

198 1098 321 1173 quanto
341 1083 467 1182 saepius
486 1105 546 1167 pro
574 1092 682 1144 nostra
702 1079 839 1146 utilitate
862 1084 1046 1165 potuerint,
1065 1086 1142 1148 Boso
1162 1095 1191 1147 et
1206 1089 1273 1152 Ber-

199 1171 326 1236 nardus.
375 1169 410 1232 ss
437 1187 547 1230 versus
570 1167 691 1228 Mosam
716 1165 910 1247 perrexerit,
931 1165 998 1227 sint
1021 1188 1093 1228 cum
1112 1189 1148 1231 eo
1166 1171 1273 1230 Franco

186 1253 387 1337 Episcopus,
409 1247 570 1311 lohannes
593 1247 782 1330 Episcopus,
803 1247 961 1308 Arnulfus
985 1251 1116 1328 Comes,
1136 1251 1274 1313 Gisleber·

198 1347 261 1412 tus,
282 1333 457 1406 Letardus,
478 1327 657 1407 Matfridus,
679 1329 855 1408 Widricus,
876 1330 1068 1410 Gotbertus,
1095 1333 1274 1409 Adalhertus,
1350 1331 1352 1350 ⁴

197 1417 401 1500 Ingelgerus,
420 1413 589 1489 Raiuerus,
609 1433 674 1472 una
691 1431 764 1472 cum
783 1411 966 1496 praedictis.
1009 1413 1044 1475 Si
1067 1416 1146 1475 ultra
1170 1417 1275 1496 Sequa-

199 1521 274 1566 nam
300 1494 495 1581 perrexerit,
526 1493 618 1575 Ilugo
649 1491 755 1570 Abba,
784 1489 976 1558 Waltherus¹
990 1495 1183 1581 Episcopus,
1198 1497 1277 1560 Wala

199 1581 388 1663 Episcopus,
410 1576 610 1639 Gislehertus
630 1575 825 1658 Episcopus,
846 1587 878 1638 et
905 1580 1027 1640 caeteri
1051 1581 1147 1640 nostri
1166 1579 1276 1641 Fideles

184 1665 289 1726 ¹illius
311 1661 421 1744 partis,
443 1679 508 1719 una
528 1679 601 1719 cum
647 1657 807 1720 raedictis.
848 1659 912 1720 Sed
932 1661 1021 1724 etde
1043 1662 1113 1722 aliis
1134 1661 1277 1734 Fidelihas

198 1746 330 1888 postris,
352 1742 530 1806 secuudum
553 1680 645 1823 quod
663 1739 697 1798 in
725 1761 917 1824 unaquaque
938 1752 1029 1824 parte
1050 1747 1140 1826 regni
1168 1763 1277 1806 necesse

219 1837 313 1892 uerit.

283 1909 377 1976 XVI.
419 1908 452 1969 Si
475 1905 579 1969 subito
601 1901 747 1965 evenerit
770 1901 803 1960 in
837 1902 945 1984 aliqua
970 1915 1062 1988 parte
1084 1907 1171 1988 regni
1190 1927 1279 1967 ueces-

202 1993 289 2070 sitas,
314 1992 445 2054 videtur
468 1989 560 2049 nobis
584 1995 620 2046 ut
638 1985 732 2065 quia,
756 1985 828 2045 Deo
851 1988 983 2067 gratias,
1015 1989 1102 2050 filias
1126 1997 1224 2050 noster
1239 1988 1278 2046 iu-

202 2076 295 2140 venis
317 2083 374 2152 est,
397 2095 462 2134 uon
488 2089 598 2132 omnes
627 2067 739 2127 fideles
754 2074 877 2130 nostros
900 2070 1081 2150 aequaliter
1101 2072 1191 2132 faciat
1206 2071 1280 2130 labo-

202 2179 296 2230 rare,
325 2157 380 2218 sed
407 2157 490 2218 sicut
510 2173 568 2212 nos
592 2150 666 2228 iam,
680 2150 750 2209 Deo
772 2149 921 2226 iuvante,
946 2153 1131 2235 saepissime
1155 2152 1277 2224 fecimus,

97 2252 104 2260 '
184 2239 344 2322 susceptis
372 2259 482 2301 secum
506 2231 644 2296 strenuis
670 2229 746 2292 viris
770 2251 810 2290 ax
831 2231 979 2295 fidelibus
1004 2236 1135 2312 nostris,
1163 2233 1280 2308 inimicis

196 2322 322 2392 ssuostris
345 2320 505 2402 insperate
526 2312 745 2397 superveniat,
771 2321 803 2371 et
828 2334 881 2374 eos
902 2315 1044 2378 viriliter
1058 2327 1237 2401 perterreat;
1256 2324 1281 2373 et

200 2405 264 2488 oqui
290 2425 365 2466 curn
390 2423 429 2464 eo
451 2402 499 2462 ire
521 2419 584 2458 non
611 2393 787 2478 potuerint,
808 2396 937 2458 mittant
960 2419 1038 2460 cum
1062 2422 1101 2464 eo
1123 2401 1231 2462 electos
1247 2397 1282 2458 vi·

205 2508 273 2566 rou,
290 2493 396 2568 prout
423 2480 591 2544 necessitas
619 2477 728 2541 fuerit.
926 2484 929 2494 ’

265 2567 402 2632 ==XVll.
442 2561 619 2626 Adalardus
638 2562 752 2621 Comes
776 2558 887 2641 palatii
906 2572 1072 2624 remaneat
1089 2585 1160 2626 cum
1177 2584 1211 2630 eo
1226 2581 1283 2622 cum

203 2653 328 2736 sigillo.
368 2651 411 2712 Et
428 2647 454 2708 si
476 2647 543 2729 ipse
583 2663 618 2703 ro
635 2641 742 2724 aliqua
764 2643 952 2704 necessitate
978 2645 1129 2723 defuerit,
1150 2644 1284 2706 Gerardus

200 2737 279 2802 ‚eive
307 2731 492 2806 Fredricas,
522 2667 580 2788 vel
598 2745 682 2784 unus
706 2744 817 2784 eorum
838 2725 895 2805 qui
919 2747 993 2786 cum
1017 2750 1057 2790 eo
1086 2725 1187 2790 sospiti
1210 2735 1283 2798 sunt,

193 2837 321 2884 rcausas
340 2823 469 2882 teneat5
492 2820 524 2872 et
553 2807 606 2871 vel
629 2827 694 2866 una
717 2804 768 2864 die
791 2805 824 2864 in
847 2807 1025 2890 septimana
1047 2805 1113 2892 ipse
1130 2831 1228 2872 causas
1247 2817 1286 2868 te·

208 2910 306 2968 -ueat;
341 2907 374 2956 et
401 2895 587 2973 ubicunque
608 2887 750 2962 fuerint,
772 2886 811 2948 de
834 2909 912 2970 pace
935 2892 1152 2972 praevideant.
1180 2895 1184 2905 '

206 3007 210 3012 ·
293 2977 423 3044 XVlll.
464 2973 603 3036 Comites
628 2989 758 3051 quoque
785 2992 844 3052 per
871 2992 945 3033 suos
974 2972 1154 3035 ‘Comitatus
1178 2973 1214 3036 de
1233 2990 1286 3051 rap-

212 3062 337 3122 toribus
367 3069 398 3121 et
423 3057 514 3118 malis
542 3051 726 3115 hominihus
750 3052 958 3134 praevideant
983 3055 1126 3137 qualiter
1145 3065 1204 3140 p'ax
1225 3053 1285 3127 fiat,

215 3155 250 3206 et
272 3143 367 3204 malla
390 3147 531 3215 teneant,
555 3147 588 3198 et
611 3134 758 3196 omnibus
788 3134 846 3217 qui
872 3133 1000 3200 hostem·
1020 3138 1156 3218 debent,
1182 3139 1286 3198 denua.

215 3227 300 3288 tient
320 3234 356 3286 ut
378 3221 478 3306 parati
505 3219 571 3280 sint
591 3215 752 3301 quatinus,
779 3217 804 3276 si
827 3220 995 3281 necessitas
1016 3221 1127 3300 fuerit,
1148 3221 1180 3282 in
1196 3216 1248 3280 Dei
1264 3223 1287 3276 et

219 3319 362 3370 nostrum
380 3304 547 3368 servitium
562 3319 693 3383 pergere
713 3298 849 3392 valeant.
890 3302 931 3362 Et
950 3301 1039 3363 Missi
1057 3304 1166 3382 nostri,
1186 3303 1287 3383 quiper

219 3411 314 3454 omne
332 3409 468 3470 reguum
487 3393 630 3446 nostrum
651 3381 816 3442 constituti
836 3393 922 3460 suut,
943 3383 1137 3446 missaticum
1158 3391 1288 3455 nostrum,

218 3479 318 3560 prout
345 3471 392 3532 eis
414 3476 631 3550 opportunum
656 3463 766 3540 fuerit,
789 3485 883 3546 agere
904 3488 969 3526 non
993 3467 1167 3550 negligant,

209 3582 214 3588 ·
303 3549 397 3618 xlx.
437 3551 471 3612 Si
495 3568 595 3612 werra
615 3547 648 3606 in
670 3565 772 3626 regno
791 3548 981 3626 surrexerit,
1001 3569 1099 3630 quam
1122 3553 1225 3612 Comes
1244 3562 1288 3626 per

219 3661 254 3703 se
279 3634 489 3718 comprimere
514 3651 578 3690 non
597 3627 713 3712 possit,
735 3626 820 3687 lilius
846 3639 955 3691 noster
974 3651 1048 3693 cum
1070 3632 1212 3694 fidelibus
1230 3645 1288 3688 nost

220 3722 279 3784 tris
299 3740 370 3783 eam
389 3713 581 3798 quantocius
599 3708 810 3792 comprimere
834 3711 977 3791 studeat,
1003 3723 1173 3798 antequam
1193 3711 1288 3773 malum
1349 3725 1350 3738 ²

221 3805 255 3866 iu
280 3821 378 3881 regno
403 3806 511 3857 nostro
531 3813 711 3856 accrescere
733 3792 841 3874 possit.

209 3913 216 3918 ·
303 3880 381 3947 XX.
421 3881 465 3941 Ut
484 3877 569 3938 lilius
590 3884 698 3936 noster
716 3895 790 3934 cum
811 3873 960 3938 fidelibus
985 3878 1101 3942 nostris
1120 3877 1153 3938 in
1174 3877 1289 3956 illapar·

210 3979 254 4030 ‘te
279 3964 372 4048 regui
396 3970 540 4022 moretur
558 3959 613 4019 uhi
632 3958 734 4018 maior
761 3956 929 4021 necessitas
955 3960 1072 4040 fuerit,
1104 3969 1135 4021 et
1160 3979 1242 4020 nemo
1262 3953 1288 4012 in

223 4049 312 4112 villis
352 4042 468 4106 nostris
501 4041 553 4104 vel
581 4041 613 4102 in
651 4038 735 4101 villis
758 4039 866 4100 uxoris
895 4052 1021 4104 nostrae
1051 4040 1290 4103 mansionaticum

224 4130 378 4213 accipiat,
419 4135 451 4187 et
474 4123 753 4185 nullushomines
782 4130 905 4184 nostros
930 4123 995 4186 sive
1023 4126 1101 4188 alios
1130 4113 1289 4206 depraedari

176 4205 183 4222 ⁸
223 4215 348 4285 audeat,
365 4219 519 4270 eteorum
532 4205 587 4288 qui
611 4204 776 4265 nobiscum
791 4203 912 4266 vadunt
931 4206 1085 4269 beneficia
1104 4217 1135 4283 et
1146 4205 1234 4269 villae
1245 4195 1289 4260 suls

221 4293 422 4355 immunitate
441 4299 599 4352 maneant.
641 4287 737 4366 Quod
753 4287 779 4349 si
800 4285 916 4370 aliquis
932 4281 1183 4374 praesumpserit,
1199 4288 1226 4346 in
1248 4279 1289 4342 tri-
