2746 4992
225 289 296 354 230
450 313 480 360 a.
502 301 578 363 cna.
686 307 917 363 narnensem
1017 313 1073 366 ssa,

226 454 310 505 tores
328 446 548 527 unnsquisque
566 445 600 505 in
620 465 675 506 sua
697 444 827 506 civitate
845 446 1005 529 relinquat
1023 449 1077 527 qui
1102 449 1172 509 llaec
1195 453 1276 510 onnia

226 527 260 584 in
278 547 334 587 sna
352 528 479 588 civitate
497 527 742 608 prudentissime
756 539 919 610 peragant,
942 539 973 589 et
987 550 1136 610 pauperes
1150 534 1277 612 sanguina

226 606 347 670 Christi
365 611 521 688 redempti
538 631 664 692 semper
681 609 714 667 in
733 607 858 668 civitate
885 621 1082 690 praesentem
1104 612 1250 671 inveniant
1266 618 1279 672 al

225 710 291 770 quo
310 711 495 771 responsum
517 701 548 751 et
567 689 816 751 consolationem
840 693 1004 770 accipiant.
1048 694 1083 751 ln
1103 693 1173 752 vicis
1189 705 1279 770 auten,

227 783 260 834 et
277 772 363 831 villis
382 774 475 853 longe
494 774 509 832 al
530 773 656 833 civitate
673 773 820 848 remotis,
843 775 1013 833 constituat
1030 777 1231 856 unusquisque
1248 779 1280 834 E·

225 854 372 937 piscopos
388 855 580 915 reverendos
599 864 632 915 et
648 863 756 915 cautos
771 865 865 935 atque
882 856 1054 936 prudentia
1074 859 1210 936 [morum]
1224 868 1281 916 ten,

225 946 350 1018 peratos
372 935 593 1018 Presbyteros,
616 935 672 1018 qui
695 957 750 995 sua
765 936 833 996 vice
849 937 994 1017 superins
1010 947 1122 997 statuta
1144 941 1281 1017 [modeste]

224 1016 413 1100 perficiant,
435 1028 466 1078 et
488 1019 527 1076 nd
544 1040 622 1100 quos
642 1018 697 1077 alii
713 1019 895 1105 Presbyteri
909 1018 1053 1086 iuniores
1067 1029 1098 1079 et
1111 1022 1206 1082 minus
1219 1021 1282 1080 cauti

224 1121 315 1159 snam
335 1119 460 1160 eausam
474 1101 625 1164 referant,

308 1181 400 1242 Vlll.
440 1182 567 1244 Placuit
584 1179 674 1242 nohis
697 1181 748 1260 [et
767 1179 914 1242 fidelihus
942 1182 1077 1264 nostris]
1099 1203 1154 1264 pro
1169 1203 1283 1242 eommu-

225 1265 260 1324 ni
281 1262 417 1322 utilitate
439 1273 470 1325 et
501 1263 631 1323 instanti
660 1263 847 1323 necessitate
874 1272 910 1324 ut
944 1265 1054 1326 nullus
1086 1264 1284 1346 Episcoporun

225 1346 362 1428 graviter
381 1347 395 1404 f
402 1356 469 1406 erait
484 1346 509 1407 si
530 1346 597 1406 eius
613 1344 841 1426 parochianum
857 1367 914 1426 pro
940 1345 1125 1407 huiusmodi
1146 1367 1228 1407 causa
1247 1347 1284 1404 de·

224 1426 439 1510 praedationis
455 1429 535 1490 alter
555 1427 730 1510 Episcopus
745 1428 1076 1488 excommunicaverit.

308 1508 367 1569 lX.
410 1511 541 1590 thuia
565 1512 749 1571 adtentum
771 1509 889 1568 malum
914 1511 1060 1570 funditus
1091 1508 1285 1570 eradicandum

228 1593 342 1671 [atque
356 1592 558 1672 tollendum]
588 1599 619 1652 et
644 1600 767 1650 tantum
797 1591 917 1649 bonum
951 1591 1162 1674 plantandum
1194 1593 1284 1668 [atque

226 1673 449 1753 statuendum]
470 1696 528 1734 nec
546 1695 612 1734 esse
638 1672 734 1732 hahet
760 1672 944 1753 episcopalis
975 1673 1144 1734 auctoritas
1172 1672 1284 1732 iudiciali

221 1763 377 1835 potestate
394 1756 550 1831 adiuvari,
571 1755 693 1837 placuit
714 1755 805 1813 nobis
820 1755 997 1835 nostrisque
1020 1755 1166 1814 fidelibus
1182 1755 1211 1812 in
1224 1773 1286 1811 com-

224 1858 320 1898 mune
344 1846 380 1896 ut
409 1838 497 1898 Missi
524 1836 676 1897 deminici
701 1837 765 1896 suis
793 1836 826 1894 in
851 1837 928 1896 locis
953 1858 992 1896 ex
1020 1837 1083 1895 hoc
1106 1837 1233 1897 fideliter
1249 1835 1286 1892 ad·

223 1918 350 1993 iuvent,
374 1926 406 1979 et
438 1922 550 1979 Comes
575 1918 747 2000 praecipiat
771 1939 828 1978 suo
862 1918 1052 1978 Viceeerniti
1080 1921 1201 1998 suisque
1230 1915 1285 1993 [Vi-

224 2000 318 2060 cariis
345 2004 460 2082 atque]
494 2001 695 2061 Centenariis
717 2022 753 2059 ae
773 1999 906 2080 reliquis
930 2000 1085 2061 ministris
1109 1998 1284 2080 reipublicae,

223 2089 350 2140 necnon
378 2083 495 2144 francis
518 2082 702 2142 hominibus
731 2082 908 2140 mundanae
926 2082 1005 2163 legis
1026 2081 1216 2142 documentis
1233 2101 1284 2138 eru·

222 2164 318 2240 ditis,
341 2174 375 2224 ut
403 2186 461 2244 pro
490 2186 595 2224 amore
613 2165 673 2223 Dei
696 2163 921 2244 omnipotentis
942 2186 977 2222 ae
1005 2185 1084 2245 pace
1107 2173 1222 2224 sanctae
1242 2161 1285 2218 Ec-

222 2245 338 2306 clesiae
363 2255 395 2305 et
410 2246 560 2307 fidelitate
581 2255 686 2306 nostra
718 2266 757 2304 ex
778 2245 839 2304 hec
865 2245 1031 2320 adiuvent,
1062 2255 1210 2326 qnantum
1234 2261 1284 2298 me·

221 2325 285 2386 lius
307 2327 472 2406 potuerint
490 2331 651 2410 [temper
672 2349 704 2388 se
726 2349 819 2406 quam
845 2349 916 2386 cum
946 2328 1102 2387 Ministris
1121 2321 1284 2394 Ecclesiae]

222 2408 348 2489 quoties
368 2409 517 2492 Episcopi
542 2420 597 2469 ant
621 2409 756 2468 ministri
775 2408 922 2484 illorum,
949 2407 1014 2467 sive
1038 2410 1133 2468 etiam
1159 2407 1212 2489 ipsi
1231 2423 1285 2484 pau-

222 2512 327 2572 peres,
359 2491 476 2572 [super
503 2492 563 2553 hae
591 2493 647 2570 re]
681 2511 733 2552 eos
766 2490 1014 2571 appellaverint;
1044 2491 1089 2548 ita
1112 2501 1147 2550 ut
1176 2483 1285 2549 Ministri

222 2573 386 2650 Ecclesiae
407 2573 544 2634 habeant
560 2572 777 2645 auctoritatem
796 2572 843 2632 sui
866 2571 1029 2653 Episcopi,
1052 2583 1084 2632 et
1102 2570 1229 2634 Ministri
1245 2568 1285 2624 Cu

224 2654 308 2714 mitis
331 2655 548 2716 auctoritatem
573 2664 712 2716 nostram
737 2663 767 2713 et
789 2653 838 2714 sui
863 2653 1003 2717 Comitis.

304 2738 344 2802 X.
368 2737 523 2797 Volumus
544 2747 649 2796 autem
665 2743 702 2795 ut
721 2735 747 2796 si
766 2735 974 2818 episcopalem
993 2746 1046 2794 ant
1068 2736 1184 2816 regiam
1203 2737 1286 2817 ancto-

223 2818 349 2882 ritatem
370 2841 448 2880 ausu
466 2819 634 2879 temerario
657 2817 774 2898 aliquis
794 2838 851 2898 pro
873 2816 976 2875 nihile
993 2818 1133 2894 eluxerit,
1155 2817 1185 2876 in
1205 2815 1286 2873 Cont-

223 2910 293 2959 tata
310 2901 482 2960 consistens
504 2910 559 2959 aut
576 2901 637 2960 iter
662 2901 799 2973 faciens,
824 2899 849 2958 si
879 2898 966 2978 qued
989 2899 1108 2959 iniuste
1136 2893 1286 2977 abstulerit,

225 2981 372 3058 legaliter
391 2983 558 3041 emendare
587 2982 821 3063 contempserit,
846 2989 878 3038 et
903 2979 1034 3040 rebellis
1054 2981 1201 3054 existens,
1219 2976 1240 3034 si
1257 2972 1287 3063 ila

226 3057 347 3122 occisus
372 3063 479 3140 fuerit,
504 3063 586 3122 nulli
611 3062 753 3123 fidelium
775 3071 963 3138 nostrornm,
981 3064 1037 3142 qui
1063 3085 1137 3122 eum
1155 3059 1287 3122 occident,

226 3145 342 3224 aliquis
362 3143 477 3205 faidam
494 3153 609 3224 portet,
638 3166 741 3226 neque
762 3167 820 3224 pro
839 3143 906 3203 eins
928 3156 1028 3206 morte
1051 3145 1175 3226 aliquid
1190 3155 1287 3215 eomp0·

226 3235 289 3284 nat.
331 3226 365 3284 Si
385 3247 460 3286 vero
479 3221 594 3306 aliquis
606 3237 772 3308 parentum
791 3228 870 3304 [aut
890 3223 1289 3309 amicorum]eiusaliqua1¹1

226 3308 345 3386 [inde]
366 3308 483 3370 faidam
504 3318 629 3390 portare
648 3308 803 3384 voluerit,
833 3309 1021 3388 potestative
1052 3332 1123 3369 eam
1142 3311 1235 3366 iurare
1254 3301 1287 3354 ld·

227 3389 364 3468 ciemus,
389 3399 421 3452 et
444 3391 554 3451 fideles
572 3399 695 3452 nostros
720 3390 808 3472 regia
830 3389 1015 3453 auctoritate
1042 3391 1160 3452 exinde
1182 3385 1289 3446 adiuva·

226 3472 340 3532 hirnus.

309 3555 364 3618 XI.
403 3556 452 3614 De
474 3552 588 3615 nostris
608 3573 736 3634 quoqne
766 3549 932 3612 dominicis
957 3552 1097 3612 vassallis
1119 3551 1249 3610 iuhemus
1263 3545 1287 3634 tl

228 3633 251 3696 si
273 3635 387 3714 aliquis
403 3636 535 3717 praedas
559 3635 677 3716 egerit,
710 3635 822 3697 Comes
850 3634 882 3692 in
910 3634 1001 3696 euius
1027 3643 1180 3716 potestate
1202 3633 1286 3693 fucat,

229 3716 268 3774 ad
287 3718 540 3778 emendationem
559 3739 631 3777 eum
653 3716 800 3796 [venire]
820 3725 920 3779 vocet.
962 3715 1025 3793 Qui
1046 3717 1072 3776 si
1091 3714 1236 3776 Comitem
1249 3713 1288 3762 aul

229 3800 359 3860 Missum
382 3801 470 3860 illius
491 3799 600 3860 audire
628 3797 783 3872 noluerit,
803 3819 859 3877 per
884 3799 1017 3858 forciam
1042 3797 1123 3857 illud
1148 3790 1286 3876 emendare¹

229 3892 369 3964 cogatur,
394 3892 490 3964 prout
512 3881 565 3941 lex
586 3880 696 3955 docet,
724 3889 754 3937 et
779 3879 1043 3958 quemadmodum
1067 3881 1098 3937 in
1127 3873 1286 3958 Capitnlan-

227 3964 286 4023 lius
309 3967 430 4046 Regum
459 3967 710 4043 [antecessorum
731 3965 927 4040 nostrornm]
951 3971 1079 4022 tenetur
1101 3963 1248 4025 insertum,
1264 3969 1286 4004 nt

229 4047 339 4105 eodem
370 4048 441 4106 loco
465 4047 519 4106 ubi
549 4045 663 4125 praeda
690 4043 852 4103 commissa
876 4043 981 4106 siverit.
1022 4044 1117 4119 Qrvod
1143 4041 1166 4100 si
1187 4035 1287 4124 procla·

229 4128 362 4187 araverit
388 4152 419 4188 se
443 4139 515 4188 avite
536 4127 744 4210 praesentiam
766 4133 902 4184 nostram
934 4125 1017 4204 velle
1042 4121 1184 4202 distringi
1205 4123 1287 4198 ponus

229 4230 321 4286 quarn
345 4221 417 4274 unte
439 4210 602 4276 Comitem,
630 4229 687 4288 per
712 4205 878 4269 credibiles
898 4207 1093 4268 fideiussores
1119 4215 1171 4270 aut
1190 4217 1239 4281 per
1255 4215 1287 4253 St*
