2786 4980
288 341 416 413 neue.
522 345 656 405 neuun
673 345 909 404 rnaucomre
1016 349 1103 418 sss.¹
1230 337 1253 412 7

143 503 274 578 tionem,
288 495 327 558 ab
343 489 513 557 animabus
526 489 641 554 restris
653 499 686 552 et
696 489 715 550 a
725 487 882 554 felicitate
895 487 990 576 regni
999 495 1101 559 vestri
1111 497 1253 581 pellatis,

142 597 174 650 et
194 585 265 646 loca
282 575 486 644 venerabilia
504 583 537 634 et
548 572 693 636 habitum
710 593 748 634 ac
766 572 917 635 ordinem
931 595 1058 638 sacrum
1072 579 1120 644 eis
1136 580 1193 662 qni
1211 579 1254 646 sil

131 671 203 732 ·hoc
226 654 334 738 vocati
368 669 464 736 sunt,
486 655 566 719 viris
589 657 714 720 scilicet
743 678 785 718 ex
808 656 954 720 clericuli
979 669 1012 722 et
1033 663 1257 726 ecclesiastica

129 753 196 815 ··rel
221 744 402 810 monastico
422 741 546 802 Ordine
568 738 750 824 religiosis,
772 761 831 801 sen
849 751 882 803 et
898 743 932 802 in
953 763 1011 804 sno
1027 765 1108 809 sexu
1124 744 1255 808 feminis

79 887 82 892 ,
115 840 214 898 ‚Deo
235 829 352 892 dicatis
367 834 463 906 atque
480 823 615 900 devotis,
636 831 670 884 et
692 822 725 881 in
749 820 861 884 schola
882 824 1003 887 Christi
1035 828 1182 908 eruditis,
1214 825 1256 890 ad

143 912 398 979 custodiendum
420 915 453 967 et
466 905 702 988 providendum
721 904 943 978 committatis;
966 910 1072 992 quiet
1090 933 1174 994 qaue
1192 909 1257 974 Dei

145 1000 313 1071 scuriles,
334 1012 416 1075 quae
435 988 658 1050 suntCaesaris
668 988 797 1049 Caesari
813 989 959 1051 reddunt.
1002 994 1068 1071 Qui
1092 993 1119 1056 si
1145 993 1253 1056 minut

146 1082 294 1166 perfecte
311 1085 343 1136 et
354 1075 386 1133 in
405 1072 514 1134 divina
528 1071 686 1154 religione
707 1070 788 1132 etin
808 1071 1006 1153 reipublicae
1027 1075 1167 1138 utilitate
1180 1097 1255 1158 pro.

137 1162 304 1235 iecerint,
325 1166 380 1217 aut
399 1153 624 1236 corripiantur,
643 1163 699 1214 ant
717 1153 869 1216 meliores
892 1163 926 1215 et
948 1157 1096 1220 utiliores
1119 1159 1153 1220 in
1175 1159 1257 1222 locis

140 1265 265 1309 eorum
279 1239 523 1308 substituentem
544 1245 578 1297 et
600 1257 668 1297 non
682 1245 816 1321 propter
827 1257 1000 1319 pravorum
1014 1241 1192 1322 nequitiam
1203 1261 1258 1304 or·

137 1330 192 1390 do
209 1322 373 1406 religionis
391 1330 424 1382 et
438 1320 511 1380 loca
522 1318 734 1380 sacratissima
748 1318 794 1379 eis
816 1317 934 1401 quibus
956 1321 1083 1392 licitum
1105 1345 1173 1384 non
1198 1329 1257 1400 eet,

100 1457 103 1464 .
136 1407 401 1476 ‘committantum
425 1424 500 1464 cum
527 1402 787 1463 manifestissime
809 1401 968 1484 scriptura
991 1401 1190 1469 demonstret
1213 1405 1259 1468 0·

131 1515 215 1555 nam
230 1496 333 1550 morte
361 1488 568 1565 damnatum,
597 1483 655 1566 qui
685 1505 789 1545 arcam
814 1486 946 1546 Domini
973 1491 1064 1571 qnasi
1088 1491 1257 1553 cadentem

144 1576 291 1638 relevare
322 1571 448 1645 voluit,
471 1591 569 1650 quem
594 1567 649 1628 rel
674 1567 864 1648 contingere
889 1568 1052 1633 inlicitum
1068 1573 1099 1636 ei
1114 1573 1187 1641 fuit.

132 1693 135 1701 ,
210 1655 290 1722 ¹lV,
334 1653 547 1715 Occasionem
569 1651 665 1713 etiam
678 1660 709 1711 et
726 1650 980 1728 fomitem,nndc
998 1657 1077 1717 ordo
1095 1657 1258 1718 ecclesist-

130 1742 257 1817 *ticus,
280 1748 314 1799 et
328 1735 485 1797 canonica
507 1737 628 1812 forma,
651 1744 747 1816 atque
771 1736 946 1797 monastica
972 1739 1100 1821 religio,
1121 1757 1215 1822 saepe
1239 1739 1257 1798 i

148 1819 419 1904 longelsuperiori
437 1828 594 1899 tempore,
617 1839 691 1877 cum
710 1816 816 1876 minus
830 1819 998 1899 religiosos
1012 1822 1180 1906 Principes
1198 1819 1258 1882 ha·

149 1906 242 1982 huit,
265 1897 432 1972 titubavit5
456 1910 489 1962 et
504 1922 589 1981 pene
605 1899 779 1976 conlabens
800 1899 948 1982 deperiit;
968 1912 1001 1963 et
1022 1905 1161 1982 iterum,
1184 1923 1259 1966 cum

151 1989 286 2064 devotos
297 1996 329 2046 et
340 1985 373 2043 in
383 1983 444 2044 Dei
463 1984 533 2043 uelo
548 1985 713 2046 ferventes
727 1981 895 2065 Principes
909 1987 1055 2067 accipere
1065 1987 1193 2063 meruit,
1209 2002 1259 2048 re·

147 2066 350 2134 surrectione
371 2065 509 2148 quadam
521 2065 640 2126 revixit
659 2073 690 2124 et
702 2065 847 2147 vigorem
859 2068 993 2150 recepit,
1007 2079 1103 2150 atquc
1121 2068 1171 2130 sui
1186 2089 1260 2152 pro·

130 2179 133 2182 ·
148 2175 258 2216 cessus
272 2162 414 2232 tempore
434 2148 620 2225 ambularit,
630 2149 733 2229 (quod
746 2170 809 2210 non
827 2149 896 2210 sine
908 2150 995 2230 gravi
1015 2153 1126 2214 dolore
1147 2160 1179 2212 et
1194 2170 1259 2211 me·

133 2249 183 2298 'tu
201 2233 337 2296 ultionis
351 2231 479 2292 divinae
490 2231 638 2308 dicimus)
652 2230 684 2288 in
702 2233 801 2292 vestri
816 2233 982 2314 regiminis
999 2245 1143 2317 tempore
1154 2234 1187 2294 in
1204 2234 1258 2295 de·

95 2381 98 2388 Δ
132 2319 376 2392 structionem,
399 2335 465 2375 non
493 2313 527 2372 in
553 2312 826 2390 aedificationem,
847 2317 932 2377 sicut
953 2318 1075 2380 Paulus
1091 2317 1256 2392 docuerat,

133 2401 301 2464 vaccidisse
317 2397 544 2480 conspicimus.
587 2395 684 2474 Quod
700 2406 733 2456 et
750 2398 867 2460 uostris
884 2401 1035 2480 peccatis,
1048 2399 1105 2482 qui
1129 2400 1258 2482 dispen-

146 2496 266 2547 satores
283 2490 316 2542 et
336 2491 480 2562 pastores
494 2479 714 2540 Ecclesiarum
726 2501 795 2542 esse
820 2481 1000 2558 debuimus,
1022 2484 1182 2544 veraciter
1195 2481 1258 2540 im·

132 2573 305 2650 ·putamus;
331 2573 499 2640 eteorum,
521 2584 659 2643 qnorum
679 2563 818 2623 factione
840 2585 891 2623 res
910 2565 967 2623 ista
980 2565 1061 2624 adeo
1081 2564 1163 2623 male
1181 2564 1258 2644 pul·

133 2649 266 2709 inlusit
285 2659 318 2709 et
338 2646 501 2723 excrevit,
524 2645 586 2704 alia
615 2645 844 2728 praecedentia
865 2656 995 2725 peccata
1021 2646 1084 2706 hcc
1101 2645 1258 2706 meruisse

149 2753 208 2814 pro
233 2739 322 2791 certo
341 2728 530 2788 auctoritate
548 2728 657 2789 divina
676 2728 917 2808 cognoscimus:
939 2738 977 2788 ut
996 2728 1054 2807 qui
1085 2727 1258 2802 nocebant,

150 2813 232 2874 sieut
249 2812 405 2892 scriptum
420 2820 478 2886 est,
493 2810 788 2881 succrescentium
812 2809 913 2890 etqui
933 2811 966 2870 in
990 2809 1137 2870 sordibus
1156 2817 1259 2884 erant,

149 2896 374 2958 sordescerent
386 2893 500 2953 adhuc.
522 2892 614 2953 Unde
632 2895 736 2953 Deum
758 2892 886 2975 gravius
905 2894 946 2955 ad
969 2892 1169 2953 iracundiam
1188 2907 1261 2974 prc-

147 2986 316 3049 vocnrent,
331 2985 363 3034 et
380 2977 523 3048 sanctos,
538 2996 618 3056 quos
639 2976 867 3037 intercessores
885 2999 944 3060 pro
962 2977 1027 3038 suis
1043 2975 1185 3058 peccatis
1206 2972 1260 3034 he-

134 3061 225 3126 ·bere
255 3059 451 3134 debuerant,
475 3058 618 3118 infensos
638 3058 804 3136 haberent,
831 3069 864 3120 et
896 3061 1086 3121 Sacerdotes
1115 3080 1151 3120 ac
1175 3059 1261 3122 viros

148 3143 335 3224 religiosos,
358 3161 415 3202 seu
430 3139 549 3202 Christi
573 3162 742 3222 pauperes,
756 3164 837 3224 qnos
852 3148 1004 3216 {oratores
1023 3153 1055 3203 et
1071 3142 1260 3204 reconcilia-

149 3236 235 3288 tores
252 3223 311 3286 sibi
330 3221 369 3284 de
381 3245 436 3284 suo
455 3223 632 3308 promereri
649 3245 779 3286 necesse
797 3229 914 3304 fuerat,
931 3225 1178 3309 proclamatores
1201 3223 1260 3285 ad-

133 3331 282 3371 ·rersunr
296 3328 328 3368 se
347 3306 417 3367 fieri
435 3306 610 3384 irritarent,
621 3315 652 3366 et
666 3307 706 3366 ad
722 3310 887 3368 cumulum
906 3331 1035 3369 surorum
1053 3318 1259 3389 peccatorum

150 3392 247 3452 etiam
272 3391 496 3470 illapeccata,
517 3391 603 3449 unde
631 3389 663 3447 in
695 3402 869 3472 conspectu
886 3393 948 3452 Dei
967 3393 1124 3452 rationem
1144 3392 1181 3450 in
1205 3391 1258 3451 die

137 3471 307 3534 terribilis
323 3473 437 3533 iudicii
458 3472 642 3548 redderent,
665 3482 698 3533 et
721 3483 889 3554 aiergerent,
911 3495 993 3555 quae
1019 3475 1068 3533 illi
1094 3474 1260 3536 commise-

137 3566 226 3616 -runt
243 3557 301 3636 qui
317 3555 428 3615 eadem
439 3554 506 3636 ipsa
517 3563 645 3636 peccata
664 3557 1262 3636 perintereessionemfidelissimarum

150 3639 350 3698 oblationum
362 3639 558 3699 deleverunt
568 3659 646 3718 quas
656 3638 945 3716 ecclesiasticarum
957 3662 1066 3701 rerum
1075 3655 1261 3721 peruasores

149 3722 335 3782 inconsulte
360 3721 444 3780 etin
470 3721 649 3802 perniciem
675 3723 724 3780 sui
753 3721 823 3781 sine
850 3723 1035 3783 reverentia
1072 3723 1260 3782 abutuntur.

150 3805 249 3880 Quod
269 3805 312 3862 ita
331 3825 443 3863 verum
460 3826 527 3864 csse
545 3813 580 3862 ut
594 3801 741 3879 dicimus,
751 3802 908 3863 Dominus
924 3801 1260 3886 protestatundiccns:

134 3887 288 3946 Peccata
298 3887 410 3967 populi
422 3889 484 3945 neci
501 3885 678 3947 consedeant.
694 3887 827 3947 Peccata
845 3887 932 3945 enim
954 3887 1067 3967 populi
1086 3885 1260 3952 comedunt

147 3970 203 4050 qni
213 3977 326 4030 contra
339 3968 562 4031 auctoritatem,
573 3969 725 4028 divinatur
732 3989 782 4030 res
791 3968 1020 4030 ecclesiasticus
1032 3967 1175 4050 indebite
1189 3990 1257 4046 per·

147 4052 284 4128 vadunt,
296 4059 331 4118 et
350 4072 410 4112 nec
425 4051 667 4111 intercessionis
681 4073 752 4132 ope,
770 4074 829 4113 nec
844 4051 1094 4132 praedicationis
1112 4052 1260 4124 consilio,

135 4135 199 4195 'vel
217 4155 416 4217 quocunque
433 4131 545 4195 divino
561 4134 683 4194 auxilio
705 4157 762 4215 pro
779 4135 917 4217 pcccalis
932 4157 1042 4194 eorum
1063 4134 1117 4213 qui
1140 4155 1190 4194 eas
1209 4138 1261 4196 sle-

100 4243 103 4250 *
137 4217 281 4294 derant,
305 4216 470 4292 laborant,
493 4238 553 4276 nec
575 4217 628 4298 pio
646 4219 746 4296 uperi,
771 4220 811 4278 ud
832 4217 920 4298 quod
941 4217 1020 4277 fides
1040 4218 1180 4277 lideliurn
1210 4244 1260 4279 sius

137 4301 333 4377 tradiderat,
358 4300 516 4362 inservire
536 4300 736 4381 permittunt.
754 4304 801 4362 Dc
818 4323 883 4383 quo
900 4301 1081 4383 periculoso
1095 4305 1178 4362 lactc
1195 4323 1257 4375 ros,
