<?xml version="1.0" encoding="UTF-8"?>
<!DOCTYPE html PUBLIC "-//W3C//DTD XHTML 1.0 Transitional//EN"
    "http://www.w3.org/TR/xhtml1/DTD/xhtml1-transitional.dtd">
<html xmlns="http://www.w3.org/1999/xhtml" xml:lang="en" lang="en">
 <head>
  <title>
</title>
<meta http-equiv="Content-Type" content="text/html;charset=utf-8" />
  <meta name='ocr-system' content='tesseract 3.04.00' />
  <meta name='ocr-capabilities' content='ocr_page ocr_carea ocr_par ocr_line ocrx_word'/>
</head>
<body>
  <div class='ocr_page' id='page_1' title='image "./corpusiurisgerm01visigoog_0155.png"; bbox 0 0 2658 4978; ppageno 0'>
   <div class='ocr_carea' id='block_1_1' title="bbox 174 309 1057 402">
    <p class='ocr_par' dir='ltr' id='par_1_1' title="bbox 174 309 1057 402">
     <span class='ocr_line' id='line_1_1' title="bbox 174 309 1057 402; baseline 0.011 -22"><span class='ocrx_word' id='word_1_1' title='bbox 174 309 246 384; x_wconf 78' lang='lat'><strong>144</strong></span> <span class='ocrx_word' id='word_1_2' title='bbox 388 329 423 382; x_wconf 79' lang='lat' dir='ltr'><strong>n.</strong></span> <span class='ocrx_word' id='word_1_3' title='bbox 444 325 531 384; x_wconf 81' lang='lat' dir='ltr'><strong>cau.</strong></span> <span class='ocrx_word' id='word_1_4' title='bbox 637 323 892 384; x_wconf 74' lang='lat' dir='ltr'><strong>unsaramma</strong></span> <span class='ocrx_word' id='word_1_5' title='bbox 998 329 1057 402; x_wconf 75' lang='lat' dir='ltr'><strong>eol.</strong></span> 
     </span>
    </p>
   </div>
   <div class='ocr_carea' id='block_1_2' title="bbox 168 465 1316 4081">
    <p class='ocr_par' dir='ltr' id='par_1_2' title="bbox 176 465 1258 558">
     <span class='ocr_line' id='line_1_2' title="bbox 176 465 1258 558; baseline 0.009 -28"><span class='ocrx_word' id='word_1_6' title='bbox 176 477 224 530; x_wconf 90' lang='lat' dir='ltr'><strong>tet</strong></span> <span class='ocrx_word' id='word_1_7' title='bbox 234 472 454 530; x_wconf 80' lang='lat' dir='ltr'>contemnere.</span> <span class='ocrx_word' id='word_1_8' title='bbox 474 467 516 529; x_wconf 87' lang='lat' dir='ltr'><strong>Et</strong></span> <span class='ocrx_word' id='word_1_9' title='bbox 530 466 556 529; x_wconf 84' lang='lat' dir='ltr'><strong>si</strong></span> <span class='ocrx_word' id='word_1_10' title='bbox 570 465 718 532; x_wconf 87' lang='lat' dir='ltr'><strong>dominus</strong></span> <span class='ocrx_word' id='word_1_11' title='bbox 737 467 790 531; x_wconf 78' lang='lat' dir='ltr'><strong>vel</strong></span> <span class='ocrx_word' id='word_1_12' title='bbox 802 469 963 552; x_wconf 86' lang='lat' dir='ltr'><strong>magister,</strong></span> <span class='ocrx_word' id='word_1_13' title='bbox 977 474 1051 552; x_wconf 85' lang='lat' dir='ltr'><strong>(qai</strong></span> <span class='ocrx_word' id='word_1_14' title='bbox 1064 473 1258 558; x_wconf 73' lang='lat' dir='ltr'><strong>liberestwl,</strong></span> 
     </span>
    </p>

    <p class='ocr_par' dir='ltr' id='par_1_3' title="bbox 173 549 1257 622">
     <span class='ocr_line' id='line_1_3' title="bbox 173 549 1257 622; baseline 0.003 -10"><span class='ocrx_word' id='word_1_15' title='bbox 173 561 229 612; x_wconf 85' lang='lat' dir='ltr'><strong>out</strong></span> <span class='ocrx_word' id='word_1_16' title='bbox 257 549 429 611; x_wconf 85' lang='lat' dir='ltr'><strong>advocatus</strong></span> <span class='ocrx_word' id='word_1_17' title='bbox 457 549 571 610; x_wconf 83' lang='lat' dir='ltr'><strong>lulium</strong></span> <span class='ocrx_word' id='word_1_18' title='bbox 591 550 759 612; x_wconf 87' lang='lat' dir='ltr'><strong>hominurn</strong></span> <span class='ocrx_word' id='word_1_19' title='bbox 788 571 843 610; x_wconf 89' lang='lat' dir='ltr'><strong>eos</strong></span> <span class='ocrx_word' id='word_1_20' title='bbox 870 552 921 615; x_wconf 85' lang='lat' dir='ltr'><strong>vel</strong></span> <span class='ocrx_word' id='word_1_21' title='bbox 955 553 1071 615; x_wconf 86' lang='lat' dir='ltr'><strong>Coruiti</strong></span> <span class='ocrx_word' id='word_1_22' title='bbox 1097 559 1147 619; x_wconf 79' lang='lat' dir='ltr'><strong>vel</strong></span> <span class='ocrx_word' id='word_1_23' title='bbox 1171 561 1257 622; x_wconf 74' lang='lat' dir='ltr'><strong>Misso</strong></span> 
     </span>
    </p>

    <p class='ocr_par' dir='ltr' id='par_1_4' title="bbox 174 629 1258 713">
     <span class='ocr_line' id='line_1_4' title="bbox 174 629 1258 713; baseline 0.006 -17"><span class='ocrx_word' id='word_1_24' title='bbox 174 643 284 696; x_wconf 89' lang='lat' dir='ltr'><strong>nostro</strong></span> <span class='ocrx_word' id='word_1_25' title='bbox 307 629 348 689; x_wconf 86' lang='lat' dir='ltr'><strong>ad</strong></span> <span class='ocrx_word' id='word_1_26' title='bbox 372 629 574 712; x_wconf 81' lang='lat' dir='ltr'><strong>disciplinam</strong></span> <span class='ocrx_word' id='word_1_27' title='bbox 598 633 822 696; x_wconf 88' lang='lat' dir='ltr'><strong>sustinendam</strong></span> <span class='ocrx_word' id='word_1_28' title='bbox 838 635 1081 713; x_wconf 80' lang='lat' dir='ltr'><strong>contradixerit,</strong></span> <span class='ocrx_word' id='word_1_29' title='bbox 1108 640 1157 701; x_wconf 82' lang='lat' dir='ltr'><strong>rel</strong></span> <span class='ocrx_word' id='word_1_30' title='bbox 1176 643 1258 704; x_wconf 88' lang='lat' dir='ltr'><strong>Misso</strong></span> 
     </span>
    </p>

    <p class='ocr_par' dir='ltr' id='par_1_5' title="bbox 172 711 1258 799">
     <span class='ocr_line' id='line_1_5' title="bbox 172 711 1258 799; baseline 0.003 -21"><span class='ocrx_word' id='word_1_31' title='bbox 172 726 282 778; x_wconf 88' lang='lat' dir='ltr'><strong>nostro</strong></span> <span class='ocrx_word' id='word_1_32' title='bbox 304 711 409 772; x_wconf 90' lang='lat' dir='ltr'><strong>iussus</strong></span> <span class='ocrx_word' id='word_1_33' title='bbox 433 725 635 794; x_wconf 88' lang='lat' dir='ltr'><strong>praesentare</strong></span> <span class='ocrx_word' id='word_1_34' title='bbox 658 715 816 790; x_wconf 82' lang='lat' dir='ltr'><strong>noluerit,</strong></span> <span class='ocrx_word' id='word_1_35' title='bbox 836 717 1035 799; x_wconf 89' lang='lat' dir='ltr'><strong>praediolum</strong></span> <span class='ocrx_word' id='word_1_36' title='bbox 1062 719 1197 781; x_wconf 88' lang='lat' dir='ltr'><strong>bannum</strong></span> <span class='ocrx_word' id='word_1_37' title='bbox 1216 746 1258 784; x_wconf 84' lang='lat' dir='ltr'><strong>se·</strong></span> 
     </span>
    </p>

    <p class='ocr_par' dir='ltr' id='par_1_6' title="bbox 172 793 1258 942">
     <span class='ocr_line' id='line_1_6' title="bbox 172 793 1258 942; baseline 0.008 -85"><span class='ocrx_word' id='word_1_38' title='bbox 172 798 304 942; x_wconf 49' lang='lat' dir='ltr'><strong>{appula</strong></span> <span class='ocrx_word' id='word_1_39' title='bbox 329 793 507 856; x_wconf 89' lang='lat' dir='ltr'><strong>solidorum</strong></span> <span class='ocrx_word' id='word_1_40' title='bbox 527 806 716 881; x_wconf 87' lang='lat' dir='ltr'><strong>componat,</strong></span> <span class='ocrx_word' id='word_1_41' title='bbox 738 794 822 858; x_wconf 88' lang='lat' dir='ltr'><strong>sicut</strong></span> <span class='ocrx_word' id='word_1_42' title='bbox 850 797 885 858; x_wconf 90' lang='lat' dir='ltr'><strong>iu</strong></span> <span class='ocrx_word' id='word_1_43' title='bbox 909 801 1073 882; x_wconf 89' lang='lat' dir='ltr'><strong>praedicto</strong></span> <span class='ocrx_word' id='word_1_44' title='bbox 1099 805 1258 890; x_wconf 73' lang='lat' dir='ltr'><strong>capitulari</strong></span> 
     </span>
     <span class='ocr_line' id='line_1_7' title="bbox 202 889 325 940; baseline -0.016 0"><span class='ocrx_word' id='word_1_45' title='bbox 202 901 218 940; x_wconf 88' lang='lat' dir='ltr'><strong>a</strong></span> <span class='ocrx_word' id='word_1_46' title='bbox 244 889 325 940; x_wconf 89' lang='lat' dir='ltr'><strong>etur.</strong></span> 
     </span>
    </p>

    <p class='ocr_par' dir='ltr' id='par_1_7' title="bbox 170 958 1260 2112">
     <span class='ocr_line' id='line_1_8' title="bbox 253 958 1257 1046; baseline 0.012 -29"><span class='ocrx_word' id='word_1_47' title='bbox 253 958 347 1024; x_wconf 82' lang='lat' dir='ltr'><strong>xvl.</strong></span> <span class='ocrx_word' id='word_1_48' title='bbox 388 960 431 1018; x_wconf 91' lang='lat' dir='ltr'><strong>Ut</strong></span> <span class='ocrx_word' id='word_1_49' title='bbox 447 959 473 1020; x_wconf 93' lang='lat' dir='ltr'><strong>si</strong></span> <span class='ocrx_word' id='word_1_50' title='bbox 493 959 611 1044; x_wconf 88' lang='lat' dir='ltr'><strong>aliquis</strong></span> <span class='ocrx_word' id='word_1_51' title='bbox 633 961 729 1023; x_wconf 89' lang='lat' dir='ltr'><strong>homo</strong></span> <span class='ocrx_word' id='word_1_52' title='bbox 749 985 767 1024; x_wconf 88' lang='lat' dir='ltr'><strong>a</strong></span> <span class='ocrx_word' id='word_1_53' title='bbox 789 961 943 1046; x_wconf 85' lang='lat' dir='ltr'><strong>proximis</strong></span> <span class='ocrx_word' id='word_1_54' title='bbox 966 961 1114 1027; x_wconf 82' lang='lat' dir='ltr'><strong>kalendis</strong></span> <span class='ocrx_word' id='word_1_55' title='bbox 1134 967 1203 1028; x_wconf 89' lang='lat' dir='ltr'><strong>Iulii</strong></span> <span class='ocrx_word' id='word_1_56' title='bbox 1225 970 1257 1029; x_wconf 89' lang='lat' dir='ltr'><strong>dc</strong></span> 
     </span>
     <span class='ocr_line' id='line_1_9' title="bbox 171 1045 1260 1129; baseline 0.004 -23"><span class='ocrx_word' id='word_1_57' title='bbox 171 1046 231 1107; x_wconf 84' lang='lat' dir='ltr'><strong>irae</strong></span> <span class='ocrx_word' id='word_1_58' title='bbox 253 1064 336 1104; x_wconf 85' lang='lat' dir='ltr'><strong>nova</strong></span> <span class='ocrx_word' id='word_1_59' title='bbox 362 1051 469 1100; x_wconf 85' lang='lat' dir='ltr'><strong>nostra</strong></span> <span class='ocrx_word' id='word_1_60' title='bbox 495 1054 622 1103; x_wconf 89' lang='lat' dir='ltr'><strong>moneta</strong></span> <span class='ocrx_word' id='word_1_61' title='bbox 650 1047 805 1122; x_wconf 89' lang='lat' dir='ltr'><strong>mixtum,</strong></span> <span class='ocrx_word' id='word_1_62' title='bbox 837 1046 888 1106; x_wconf 86' lang='lat' dir='ltr'><strong>vcl</strong></span> <span class='ocrx_word' id='word_1_63' title='bbox 911 1045 1018 1108; x_wconf 87' lang='lat' dir='ltr'><strong>minus</strong></span> <span class='ocrx_word' id='word_1_64' title='bbox 1044 1067 1139 1129; x_wconf 89' lang='lat' dir='ltr'><strong>quam</strong></span> <span class='ocrx_word' id='word_1_65' title='bbox 1161 1049 1260 1110; x_wconf 82' lang='lat' dir='ltr'><strong>debeat</strong></span> 
     </span>
     <span class='ocr_line' id='line_1_10' title="bbox 170 1124 1257 1214; baseline 0.002 -25"><span class='ocrx_word' id='word_1_66' title='bbox 170 1134 359 1210; x_wconf 82' lang='lat' dir='ltr'><strong>pensantem</strong></span> <span class='ocrx_word' id='word_1_67' title='bbox 382 1124 552 1185; x_wconf 88' lang='lat' dir='ltr'><strong>denarium</strong></span> <span class='ocrx_word' id='word_1_68' title='bbox 580 1126 761 1203; x_wconf 80' lang='lat' dir='ltr'><strong>invenerit,</strong></span> <span class='ocrx_word' id='word_1_69' title='bbox 785 1128 980 1210; x_wconf 84' lang='lat' dir='ltr'><strong>constringat</strong></span> <span class='ocrx_word' id='word_1_70' title='bbox 1001 1151 1076 1189; x_wconf 91' lang='lat' dir='ltr'><strong>eum</strong></span> <span class='ocrx_word' id='word_1_71' title='bbox 1098 1131 1152 1210; x_wconf 92' lang='lat' dir='ltr'><strong>qui</strong></span> <span class='ocrx_word' id='word_1_72' title='bbox 1170 1131 1257 1214; x_wconf 88' lang='lat' dir='ltr'><strong>ipsum</strong></span> 
     </span>
     <span class='ocr_line' id='line_1_11' title="bbox 171 1205 1257 1293; baseline 0.001 -22"><span class='ocrx_word' id='word_1_73' title='bbox 171 1209 341 1271; x_wconf 90' lang='lat' dir='ltr'><strong>denarium</strong></span> <span class='ocrx_word' id='word_1_74' title='bbox 360 1205 400 1264; x_wconf 88' lang='lat' dir='ltr'><strong>ad</strong></span> <span class='ocrx_word' id='word_1_75' title='bbox 420 1207 648 1288; x_wconf 86' lang='lat' dir='ltr'><strong>negotiandum</strong></span> <span class='ocrx_word' id='word_1_76' title='bbox 668 1210 817 1289; x_wconf 90' lang='lat' dir='ltr'><strong>protulit,</strong></span> <span class='ocrx_word' id='word_1_77' title='bbox 841 1219 873 1268; x_wconf 91' lang='lat' dir='ltr'><strong>et</strong></span> <span class='ocrx_word' id='word_1_78' title='bbox 892 1209 958 1293; x_wconf 88' lang='lat' dir='ltr'><strong>ipso</strong></span> <span class='ocrx_word' id='word_1_79' title='bbox 984 1210 1072 1272; x_wconf 89' lang='lat' dir='ltr'><strong>dieat</strong></span> <span class='ocrx_word' id='word_1_80' title='bbox 1089 1234 1105 1269; x_wconf 87' lang='lat' dir='ltr'><strong>a</strong></span> <span class='ocrx_word' id='word_1_81' title='bbox 1121 1234 1257 1293; x_wconf 89' lang='lat' dir='ltr'><strong>quocum</strong></span> 
     </span>
     <span class='ocr_line' id='line_1_12' title="bbox 172 1287 1258 1372; baseline 0.001 -20"><span class='ocrx_word' id='word_1_82' title='bbox 172 1290 310 1372; x_wconf 86' lang='lat' dir='ltr'><strong>aceepit;</strong></span> <span class='ocrx_word' id='word_1_83' title='bbox 330 1297 360 1347; x_wconf 90' lang='lat' dir='ltr'><strong>et</strong></span> <span class='ocrx_word' id='word_1_84' title='bbox 371 1287 416 1348; x_wconf 90' lang='lat' dir='ltr'><strong>sic</strong></span> <span class='ocrx_word' id='word_1_85' title='bbox 432 1287 471 1348; x_wconf 87' lang='lat' dir='ltr'><strong>de</strong></span> <span class='ocrx_word' id='word_1_86' title='bbox 485 1311 581 1348; x_wconf 89' lang='lat' dir='ltr'><strong>manu</strong></span> <span class='ocrx_word' id='word_1_87' title='bbox 598 1291 637 1350; x_wconf 86' lang='lat' dir='ltr'><strong>ad</strong></span> <span class='ocrx_word' id='word_1_88' title='bbox 648 1312 778 1350; x_wconf 89' lang='lat' dir='ltr'><strong>manum</strong></span> <span class='ocrx_word' id='word_1_89' title='bbox 793 1291 913 1367; x_wconf 82' lang='lat' dir='ltr'><strong>veniat,</strong></span> <span class='ocrx_word' id='word_1_90' title='bbox 929 1313 1032 1372; x_wconf 90' lang='lat' dir='ltr'><strong>usque</strong></span> <span class='ocrx_word' id='word_1_91' title='bbox 1049 1293 1124 1353; x_wconf 86' lang='lat' dir='ltr'><strong>dum</strong></span> <span class='ocrx_word' id='word_1_92' title='bbox 1135 1295 1173 1354; x_wconf 90' lang='lat' dir='ltr'><strong>ad</strong></span> <span class='ocrx_word' id='word_1_93' title='bbox 1187 1295 1258 1355; x_wconf 86' lang='lat' dir='ltr'><strong>salsi·</strong></span> 
     </span>
     <span class='ocr_line' id='line_1_13' title="bbox 172 1371 1254 1452; baseline 0.001 -17"><span class='ocrx_word' id='word_1_94' title='bbox 172 1373 245 1435; x_wconf 86' lang='lat' dir='ltr'><strong>tatis</strong></span> <span class='ocrx_word' id='word_1_95' title='bbox 265 1381 429 1430; x_wconf 79' lang='lat' dir='ltr'><strong>auctorem</strong></span> <span class='ocrx_word' id='word_1_96' title='bbox 452 1371 671 1452; x_wconf 84' lang='lat' dir='ltr'><strong>perveniatur.</strong></span> <span class='ocrx_word' id='word_1_97' title='bbox 711 1374 753 1434; x_wconf 92' lang='lat' dir='ltr'><strong>Et</strong></span> <span class='ocrx_word' id='word_1_98' title='bbox 768 1373 921 1434; x_wconf 84' lang='lat' dir='ltr'><strong>inventus</strong></span> <span class='ocrx_word' id='word_1_99' title='bbox 942 1375 1055 1452; x_wconf 84' lang='lat' dir='ltr'><strong>mixti,</strong></span> <span class='ocrx_word' id='word_1_100' title='bbox 1084 1376 1137 1437; x_wconf 81' lang='lat' dir='ltr'><strong>rel</strong></span> <span class='ocrx_word' id='word_1_101' title='bbox 1165 1377 1254 1436; x_wconf 90' lang='lat' dir='ltr'><strong>minus</strong></span> 
     </span>
     <span class='ocr_line' id='line_1_14' title="bbox 170 1453 1257 1538; baseline 0.002 -24"><span class='ocrx_word' id='word_1_102' title='bbox 170 1477 267 1538; x_wconf 90' lang='lat' dir='ltr'><strong>quam</strong></span> <span class='ocrx_word' id='word_1_103' title='bbox 280 1453 393 1514; x_wconf 87' lang='lat' dir='ltr'><strong>debeat</strong></span> <span class='ocrx_word' id='word_1_104' title='bbox 412 1453 574 1532; x_wconf 86' lang='lat' dir='ltr'><strong>pensantis</strong></span> <span class='ocrx_word' id='word_1_105' title='bbox 591 1454 722 1515; x_wconf 87' lang='lat' dir='ltr'><strong>denarii.</strong></span> <span class='ocrx_word' id='word_1_106' title='bbox 733 1465 912 1536; x_wconf 84' lang='lat' dir='ltr'><strong>monetator</strong></span> <span class='ocrx_word' id='word_1_107' title='bbox 930 1455 964 1514; x_wconf 90' lang='lat' dir='ltr'><strong>in</strong></span> <span class='ocrx_word' id='word_1_108' title='bbox 981 1456 1037 1516; x_wconf 89' lang='lat' dir='ltr'><strong>illa</strong></span> <span class='ocrx_word' id='word_1_109' title='bbox 1061 1467 1142 1517; x_wconf 84' lang='lat' dir='ltr'><strong>terra</strong></span> <span class='ocrx_word' id='word_1_110' title='bbox 1158 1458 1187 1516; x_wconf 92' lang='lat' dir='ltr'><strong>in</strong></span> <span class='ocrx_word' id='word_1_111' title='bbox 1206 1480 1257 1538; x_wconf 91' lang='lat' dir='ltr'><strong>qna</strong></span> 
     </span>
     <span class='ocr_line' id='line_1_15' title="bbox 170 1535 1257 1616; baseline 0.002 -18"><span class='ocrx_word' id='word_1_112' title='bbox 170 1538 291 1598; x_wconf 87' lang='lat' dir='ltr'><strong>iudicia</strong></span> <span class='ocrx_word' id='word_1_113' title='bbox 310 1535 488 1595; x_wconf 90' lang='lat' dir='ltr'><strong>secundum</strong></span> <span class='ocrx_word' id='word_1_114' title='bbox 510 1538 626 1616; x_wconf 81' lang='lat' dir='ltr'><strong>Legem</strong></span> <span class='ocrx_word' id='word_1_115' title='bbox 645 1539 818 1598; x_wconf 87' lang='lat' dir='ltr'><strong>Romanam</strong></span> <span class='ocrx_word' id='word_1_116' title='bbox 838 1537 1070 1615; x_wconf 83' lang='lat' dir='ltr'><strong>terminantur,</strong></span> <span class='ocrx_word' id='word_1_117' title='bbox 1100 1541 1257 1600; x_wconf 86' lang='lat' dir='ltr'><strong>secundnm</strong></span> 
     </span>
     <span class='ocr_line' id='line_1_16' title="bbox 171 1616 1257 1703; baseline 0 -22"><span class='ocrx_word' id='word_1_118' title='bbox 171 1620 272 1703; x_wconf 87' lang='lat' dir='ltr'><strong>ipsam</strong></span> <span class='ocrx_word' id='word_1_119' title='bbox 290 1619 408 1696; x_wconf 81' lang='lat' dir='ltr'><strong>Legem</strong></span> <span class='ocrx_word' id='word_1_120' title='bbox 427 1617 598 1678; x_wconf 89' lang='lat' dir='ltr'><strong>iudicetur.</strong></span> <span class='ocrx_word' id='word_1_121' title='bbox 640 1621 682 1678; x_wconf 91' lang='lat' dir='ltr'><strong>Et</strong></span> <span class='ocrx_word' id='word_1_122' title='bbox 706 1619 738 1679; x_wconf 92' lang='lat' dir='ltr'><strong>in</strong></span> <span class='ocrx_word' id='word_1_123' title='bbox 767 1621 822 1678; x_wconf 89' lang='lat' dir='ltr'><strong>illa</strong></span> <span class='ocrx_word' id='word_1_124' title='bbox 843 1629 926 1678; x_wconf 87' lang='lat' dir='ltr'><strong>terra</strong></span> <span class='ocrx_word' id='word_1_125' title='bbox 947 1616 980 1676; x_wconf 91' lang='lat' dir='ltr'><strong>in</strong></span> <span class='ocrx_word' id='word_1_126' title='bbox 1006 1641 1072 1699; x_wconf 87' lang='lat' dir='ltr'><strong>qua</strong></span> <span class='ocrx_word' id='word_1_127' title='bbox 1093 1621 1204 1681; x_wconf 81' lang='lat' dir='ltr'><strong>iudicia</strong></span> <span class='ocrx_word' id='word_1_128' title='bbox 1220 1644 1257 1683; x_wconf 87' lang='lat' dir='ltr'><strong>sc·</strong></span> 
     </span>
     <span class='ocr_line' id='line_1_17' title="bbox 171 1699 1257 1782; baseline 0.002 -20"><span class='ocrx_word' id='word_1_129' title='bbox 171 1701 316 1762; x_wconf 87' lang='lat' dir='ltr'><strong>cundum</strong></span> <span class='ocrx_word' id='word_1_130' title='bbox 334 1699 452 1778; x_wconf 82' lang='lat' dir='ltr'><strong>Legem</strong></span> <span class='ocrx_word' id='word_1_131' title='bbox 470 1701 643 1760; x_wconf 84' lang='lat' dir='ltr'><strong>Romanam</strong></span> <span class='ocrx_word' id='word_1_132' title='bbox 658 1723 723 1760; x_wconf 92' lang='lat' dir='ltr'><strong>non</strong></span> <span class='ocrx_word' id='word_1_133' title='bbox 748 1700 941 1777; x_wconf 88' lang='lat' dir='ltr'><strong>iudicantur,</strong></span> <span class='ocrx_word' id='word_1_134' title='bbox 964 1703 1170 1782; x_wconf 87' lang='lat' dir='ltr'><strong>monetarius,</strong></span> <span class='ocrx_word' id='word_1_135' title='bbox 1188 1704 1257 1764; x_wconf 90' lang='lat' dir='ltr'><strong>sicut</strong></span> 
     </span>
     <span class='ocr_line' id='line_1_18' title="bbox 171 1779 1257 1864; baseline 0.003 -21"><span class='ocrx_word' id='word_1_136' title='bbox 171 1804 267 1864; x_wconf 86' lang='lat' dir='ltr'><strong>supra</strong></span> <span class='ocrx_word' id='word_1_137' title='bbox 287 1779 439 1856; x_wconf 85' lang='lat' dir='ltr'><strong>diximus,</strong></span> <span class='ocrx_word' id='word_1_138' title='bbox 459 1780 531 1840; x_wconf 86' lang='lat' dir='ltr'><strong>falsi</strong></span> <span class='ocrx_word' id='word_1_139' title='bbox 546 1781 670 1842; x_wconf 88' lang='lat' dir='ltr'><strong>denarii</strong></span> <span class='ocrx_word' id='word_1_140' title='bbox 691 1805 820 1842; x_wconf 86' lang='lat' dir='ltr'><strong>manum</strong></span> <span class='ocrx_word' id='word_1_141' title='bbox 843 1783 1009 1844; x_wconf 85' lang='lat' dir='ltr'><strong>dexteram</strong></span> <span class='ocrx_word' id='word_1_142' title='bbox 1027 1786 1159 1864; x_wconf 90' lang='lat' dir='ltr'><strong>perdat,</strong></span> <span class='ocrx_word' id='word_1_143' title='bbox 1189 1786 1257 1846; x_wconf 89' lang='lat' dir='ltr'><strong>sicut</strong></span> 
     </span>
     <span class='ocr_line' id='line_1_19' title="bbox 171 1861 1255 1948; baseline 0 -24"><span class='ocrx_word' id='word_1_144' title='bbox 171 1866 204 1924; x_wconf 90' lang='lat' dir='ltr'><strong>in</strong></span> <span class='ocrx_word' id='word_1_145' title='bbox 229 1873 344 1946; x_wconf 87' lang='lat' dir='ltr'><strong>quarto</strong></span> <span class='ocrx_word' id='word_1_146' title='bbox 376 1861 459 1922; x_wconf 88' lang='lat' dir='ltr'><strong>libro</strong></span> <span class='ocrx_word' id='word_1_147' title='bbox 483 1863 705 1944; x_wconf 86' lang='lat' dir='ltr'><strong>Capitulorum</strong></span> <span class='ocrx_word' id='word_1_148' title='bbox 734 1865 938 1941; x_wconf 89' lang='lat' dir='ltr'><strong>continetur,</strong></span> <span class='ocrx_word' id='word_1_149' title='bbox 975 1867 1080 1947; x_wconf 89' lang='lat' dir='ltr'><strong>capite</strong></span> <span class='ocrx_word' id='word_1_150' title='bbox 1113 1867 1255 1948; x_wconf 84' lang='lat' dir='ltr'><strong>trigesimo</strong></span> 
     </span>
     <span class='ocr_line' id='line_1_20' title="bbox 171 1943 1252 2029; baseline 0.002 -22"><span class='ocrx_word' id='word_1_151' title='bbox 171 1949 278 2007; x_wconf 85' lang='lat' dir='ltr'><strong>tertio.</strong></span> <span class='ocrx_word' id='word_1_152' title='bbox 318 1947 360 2004; x_wconf 91' lang='lat' dir='ltr'><strong>Et</strong></span> <span class='ocrx_word' id='word_1_153' title='bbox 372 1945 427 2024; x_wconf 91' lang='lat' dir='ltr'><strong>qui</strong></span> <span class='ocrx_word' id='word_1_154' title='bbox 442 1943 503 2003; x_wconf 91' lang='lat' dir='ltr'><strong>hoc</strong></span> <span class='ocrx_word' id='word_1_155' title='bbox 518 1948 726 2024; x_wconf 89' lang='lat' dir='ltr'><strong>consenserit,</strong></span> <span class='ocrx_word' id='word_1_156' title='bbox 748 1947 774 2009; x_wconf 91' lang='lat' dir='ltr'><strong>si</strong></span> <span class='ocrx_word' id='word_1_157' title='bbox 789 1948 872 2007; x_wconf 86' lang='lat' dir='ltr'><strong>liber</strong></span> <span class='ocrx_word' id='word_1_158' title='bbox 885 1955 946 2018; x_wconf 90' lang='lat' dir='ltr'><strong>est,</strong></span> <span class='ocrx_word' id='word_1_159' title='bbox 971 1948 1133 2029; x_wconf 85' lang='lat' dir='ltr'><strong>sexaginta</strong></span> <span class='ocrx_word' id='word_1_160' title='bbox 1151 1949 1252 2010; x_wconf 88' lang='lat' dir='ltr'><strong>solidos</strong></span> 
     </span>
     <span class='ocr_line' id='line_1_21' title="bbox 171 2025 1252 2112; baseline -0.001 -23"><span class='ocrx_word' id='word_1_161' title='bbox 171 2036 350 2109; x_wconf 89' lang='lat' dir='ltr'><strong>componat.</strong></span> <span class='ocrx_word' id='word_1_162' title='bbox 395 2025 427 2086; x_wconf 90' lang='lat' dir='ltr'><strong>Si</strong></span> <span class='ocrx_word' id='word_1_163' title='bbox 449 2045 558 2087; x_wconf 84' lang='lat' dir='ltr'><strong>servus</strong></span> <span class='ocrx_word' id='word_1_164' title='bbox 588 2028 639 2088; x_wconf 84' lang='lat' dir='ltr'><strong>rel</strong></span> <span class='ocrx_word' id='word_1_165' title='bbox 666 2031 825 2102; x_wconf 88' lang='lat' dir='ltr'><strong>colonus,</strong></span> <span class='ocrx_word' id='word_1_166' title='bbox 860 2029 966 2090; x_wconf 90' lang='lat' dir='ltr'><strong>nudus</strong></span> <span class='ocrx_word' id='word_1_167' title='bbox 993 2051 1069 2089; x_wconf 88' lang='lat' dir='ltr'><strong>cum</strong></span> <span class='ocrx_word' id='word_1_168' title='bbox 1093 2030 1184 2112; x_wconf 80' lang='lat' dir='ltr'><strong>virgis</strong></span> <span class='ocrx_word' id='word_1_169' title='bbox 1209 2053 1252 2090; x_wconf 82' lang='lat' dir='ltr'><strong>va·</strong></span> 
     </span>
    </p>

    <p class='ocr_par' dir='ltr' id='par_1_8' title="bbox 195 2111 1021 2188">
     <span class='ocr_line' id='line_1_22' title="bbox 195 2111 1021 2188; baseline 0.001 -19"><span class='ocrx_word' id='word_1_170' title='bbox 195 2111 264 2171; x_wconf 92' lang='lat' dir='ltr'><strong>ulet</strong></span> <span class='ocrx_word' id='word_1_171' title='bbox 282 2115 327 2188; x_wconf 75' lang='lat' dir='ltr'><strong>x).</strong></span> <span class='ocrx_word' id='word_1_172' title='bbox 1016 2123 1021 2134; x_wconf 85' lang='grc'><strong>”</strong></span> 
     </span>
    </p>

    <p class='ocr_par' dir='ltr' id='par_1_9' title="bbox 168 2133 1252 2936">
     <span class='ocr_line' id='line_1_23' title="bbox 169 2133 1251 2272; baseline 0 -18"><span class='ocrx_word' id='word_1_173' title='bbox 169 2133 192 2196; x_wconf 72' lang='lat' dir='ltr'>P</span> <span class='ocrx_word' id='word_1_174' title='bbox 252 2191 363 2255; x_wconf 88' lang='lat' dir='ltr'><strong>XVlI.</strong></span> <span class='ocrx_word' id='word_1_175' title='bbox 407 2193 450 2251; x_wconf 89' lang='lat' dir='ltr'><strong>Ut</strong></span> <span class='ocrx_word' id='word_1_176' title='bbox 482 2191 655 2272; x_wconf 87' lang='lat' dir='ltr'><strong>diligenter</strong></span> <span class='ocrx_word' id='word_1_177' title='bbox 677 2193 816 2254; x_wconf 89' lang='lat' dir='ltr'><strong>Comites</strong></span> <span class='ocrx_word' id='word_1_178' title='bbox 845 2201 877 2252; x_wconf 91' lang='lat' dir='ltr'><strong>et</strong></span> <span class='ocrx_word' id='word_1_179' title='bbox 902 2192 1044 2254; x_wconf 89' lang='lat' dir='ltr'><strong>Ministri</strong></span> <span class='ocrx_word' id='word_1_180' title='bbox 1074 2194 1251 2272; x_wconf 87' lang='lat' dir='ltr'><strong>reipublicae</strong></span> 
     </span>
     <span class='ocr_line' id='line_1_24' title="bbox 169 2273 1252 2359; baseline -0.004 -21"><span class='ocrx_word' id='word_1_181' title='bbox 169 2297 230 2359; x_wconf 88' lang='lat' dir='ltr'><strong>per</strong></span> <span class='ocrx_word' id='word_1_182' title='bbox 247 2296 321 2335; x_wconf 91' lang='lat' dir='ltr'><strong>suos</strong></span> <span class='ocrx_word' id='word_1_183' title='bbox 335 2273 502 2334; x_wconf 86' lang='lat' dir='ltr'><strong>comitatus</strong></span> <span class='ocrx_word' id='word_1_184' title='bbox 523 2296 559 2333; x_wconf 88' lang='lat' dir='ltr'><strong>ac</strong></span> <span class='ocrx_word' id='word_1_185' title='bbox 576 2275 752 2336; x_wconf 90' lang='lat' dir='ltr'><strong>ministeria</strong></span> <span class='ocrx_word' id='word_1_186' title='bbox 765 2274 958 2356; x_wconf 85' lang='lat' dir='ltr'><strong>provideant</strong></span> <span class='ocrx_word' id='word_1_187' title='bbox 977 2296 1018 2335; x_wconf 91' lang='lat' dir='ltr'><strong>ne</strong></span> <span class='ocrx_word' id='word_1_188' title='bbox 1040 2276 1074 2336; x_wconf 90' lang='lat' dir='ltr'><strong>in</strong></span> <span class='ocrx_word' id='word_1_189' title='bbox 1098 2277 1197 2356; x_wconf 86' lang='lat' dir='ltr'><strong>aliquo</strong></span> <span class='ocrx_word' id='word_1_190' title='bbox 1216 2277 1252 2335; x_wconf 91' lang='lat' dir='ltr'><strong>lo·</strong></span> 
     </span>
     <span class='ocr_line' id='line_1_25' title="bbox 171 2347 1252 2440; baseline -0.004 -21"><span class='ocrx_word' id='word_1_191' title='bbox 171 2381 209 2419; x_wconf 92' lang='lat' dir='ltr'><strong>co</strong></span> <span class='ocrx_word' id='word_1_192' title='bbox 235 2356 361 2418; x_wconf 87' lang='lat' dir='ltr'><strong>occulta</strong></span> <span class='ocrx_word' id='word_1_193' title='bbox 381 2356 434 2416; x_wconf 87' lang='lat' dir='ltr'><strong>vel</strong></span> <span class='ocrx_word' id='word_1_194' title='bbox 449 2355 655 2416; x_wconf 83' lang='lat' dir='ltr'><strong>frandulenta</strong></span> <span class='ocrx_word' id='word_1_195' title='bbox 672 2367 797 2418; x_wconf 89' lang='lat' dir='ltr'><strong>moneta</strong></span> <span class='ocrx_word' id='word_1_196' title='bbox 813 2347 883 2416; x_wconf 86' lang='lat' dir='ltr'><strong>lieri</strong></span> <span class='ocrx_word' id='word_1_197' title='bbox 901 2357 1011 2440; x_wconf 90' lang='lat' dir='ltr'><strong>possit.</strong></span> <span class='ocrx_word' id='word_1_198' title='bbox 1053 2359 1097 2418; x_wconf 92' lang='lat' dir='ltr'><strong>Et</strong></span> <span class='ocrx_word' id='word_1_199' title='bbox 1117 2360 1141 2419; x_wconf 90' lang='lat' dir='ltr'><strong>si</strong></span> <span class='ocrx_word' id='word_1_200' title='bbox 1154 2359 1252 2417; x_wconf 82' lang='lat' dir='ltr'><strong>inven-</strong></span> 
     </span>
     <span class='ocr_line' id='line_1_26' title="bbox 169 2438 1252 2520; baseline -0.005 -19"><span class='ocrx_word' id='word_1_201' title='bbox 169 2449 222 2501; x_wconf 87' lang='lat' dir='ltr'><strong>tus</strong></span> <span class='ocrx_word' id='word_1_202' title='bbox 246 2462 282 2500; x_wconf 86' lang='lat' dir='ltr'><strong>ac</strong></span> <span class='ocrx_word' id='word_1_203' title='bbox 298 2438 521 2520; x_wconf 89' lang='lat' dir='ltr'><strong>comprobatus</strong></span> <span class='ocrx_word' id='word_1_204' title='bbox 537 2438 677 2519; x_wconf 87' lang='lat' dir='ltr'><strong>quilibet</strong></span> <span class='ocrx_word' id='word_1_205' title='bbox 712 2439 811 2500; x_wconf 86' lang='lat' dir='ltr'><strong>fuerit</strong></span> <span class='ocrx_word' id='word_1_206' title='bbox 844 2439 1085 2500; x_wconf 85' lang='lat' dir='ltr'><strong>fraudulentam</strong></span> <span class='ocrx_word' id='word_1_207' title='bbox 1111 2449 1252 2500; x_wconf 89' lang='lat' dir='ltr'><strong>monetam</strong></span> 
     </span>
     <span class='ocr_line' id='line_1_27' title="bbox 168 2519 1250 2606; baseline -0.003 -23"><span class='ocrx_word' id='word_1_208' title='bbox 168 2520 375 2606; x_wconf 85' lang='lat' dir='ltr'><strong>percutiens,</strong></span> <span class='ocrx_word' id='word_1_209' title='bbox 404 2520 488 2580; x_wconf 89' lang='lat' dir='ltr'><strong>sicut</strong></span> <span class='ocrx_word' id='word_1_210' title='bbox 516 2523 724 2582; x_wconf 89' lang='lat' dir='ltr'><strong>constitutum</strong></span> <span class='ocrx_word' id='word_1_211' title='bbox 750 2530 797 2582; x_wconf 90' lang='lat' dir='ltr'><strong>est</strong></span> <span class='ocrx_word' id='word_1_212' title='bbox 823 2519 862 2582; x_wconf 92' lang='lat' dir='ltr'><strong>de</strong></span> <span class='ocrx_word' id='word_1_213' title='bbox 893 2523 973 2582; x_wconf 90' lang='lat' dir='ltr'><strong>falso</strong></span> <span class='ocrx_word' id='word_1_214' title='bbox 995 2521 1188 2596; x_wconf 88' lang='lat' dir='ltr'><strong>monetario,</strong></span> <span class='ocrx_word' id='word_1_215' title='bbox 1219 2543 1250 2580; x_wconf 85' lang='lat' dir='ltr'><strong>cx</strong></span> 
     </span>
     <span class='ocr_line' id='line_1_28' title="bbox 169 2601 1249 2688; baseline -0.004 -24"><span class='ocrx_word' id='word_1_216' title='bbox 169 2605 313 2688; x_wconf 85' lang='lat' dir='ltr'><strong>praefato</strong></span> <span class='ocrx_word' id='word_1_217' title='bbox 334 2601 512 2684; x_wconf 76' lang='lat' dir='ltr'><strong>capitulari</strong></span> <span class='ocrx_word' id='word_1_218' title='bbox 543 2604 828 2683; x_wconf 88' lang='lat' dir='ltr'><strong>praedecessorum</strong></span> <span class='ocrx_word' id='word_1_219' title='bbox 866 2614 1067 2680; x_wconf 89' lang='lat' dir='ltr'><strong>nostrorum,</strong></span> <span class='ocrx_word' id='word_1_220' title='bbox 1105 2603 1249 2662; x_wconf 88' lang='lat' dir='ltr'><strong>manasei</strong></span> 
     </span>
     <span class='ocr_line' id='line_1_29' title="bbox 169 2683 1250 2768; baseline -0.005 -22"><span class='ocrx_word' id='word_1_221' title='bbox 169 2695 351 2768; x_wconf 89' lang='lat' dir='ltr'><strong>amputetur</strong></span> <span class='ocrx_word' id='word_1_222' title='bbox 355 2689 408 2762; x_wconf 84' lang='lat' dir='ltr'><strong>y).</strong></span> <span class='ocrx_word' id='word_1_223' title='bbox 435 2685 477 2744; x_wconf 89' lang='lat' dir='ltr'><strong>Et</strong></span> <span class='ocrx_word' id='word_1_224' title='bbox 492 2685 549 2766; x_wconf 86' lang='lat' dir='ltr'><strong>qui</strong></span> <span class='ocrx_word' id='word_1_225' title='bbox 567 2683 629 2746; x_wconf 90' lang='lat' dir='ltr'><strong>hoc</strong></span> <span class='ocrx_word' id='word_1_226' title='bbox 651 2685 862 2762; x_wconf 87' lang='lat' dir='ltr'><strong>consenserit,</strong></span> <span class='ocrx_word' id='word_1_227' title='bbox 875 2686 900 2746; x_wconf 91' lang='lat' dir='ltr'><strong>si</strong></span> <span class='ocrx_word' id='word_1_228' title='bbox 921 2687 1004 2745; x_wconf 83' lang='lat' dir='ltr'><strong>liber</strong></span> <span class='ocrx_word' id='word_1_229' title='bbox 1029 2696 1087 2762; x_wconf 89' lang='lat' dir='ltr'><strong>est,</strong></span> <span class='ocrx_word' id='word_1_230' title='bbox 1108 2685 1250 2766; x_wconf 81' lang='lat' dir='ltr'><strong>sexaginta</strong></span> 
     </span>
     <span class='ocr_line' id='line_1_30' title="bbox 169 2766 1250 2850; baseline -0.006 -20"><span class='ocrx_word' id='word_1_231' title='bbox 169 2769 289 2830; x_wconf 91' lang='lat' dir='ltr'><strong>solidos</strong></span> <span class='ocrx_word' id='word_1_232' title='bbox 313 2775 491 2850; x_wconf 87' lang='lat' dir='ltr'><strong>componat.</strong></span> <span class='ocrx_word' id='word_1_233' title='bbox 533 2766 567 2827; x_wconf 84' lang='lat' dir='ltr'><strong>si</strong></span> <span class='ocrx_word' id='word_1_234' title='bbox 594 2787 704 2832; x_wconf 83' lang='lat' dir='ltr'><strong>servus</strong></span> <span class='ocrx_word' id='word_1_235' title='bbox 727 2768 781 2830; x_wconf 91' lang='lat' dir='ltr'><strong>vel</strong></span> <span class='ocrx_word' id='word_1_236' title='bbox 802 2769 953 2845; x_wconf 91' lang='lat' dir='ltr'><strong>colonus,</strong></span> <span class='ocrx_word' id='word_1_237' title='bbox 977 2767 1084 2828; x_wconf 89' lang='lat' dir='ltr'><strong>nudus</strong></span> <span class='ocrx_word' id='word_1_238' title='bbox 1108 2789 1176 2828; x_wconf 87' lang='lat' dir='ltr'><strong>cnm</strong></span> <span class='ocrx_word' id='word_1_239' title='bbox 1196 2766 1250 2827; x_wconf 82' lang='lat' dir='ltr'><strong>air·</strong></span> 
     </span>
     <span class='ocr_line' id='line_1_31' title="bbox 170 2850 379 2936; baseline -0.01 -26"><span class='ocrx_word' id='word_1_240' title='bbox 170 2851 217 2936; x_wconf 86' lang='lat' dir='ltr'><strong>gis</strong></span> <span class='ocrx_word' id='word_1_241' title='bbox 237 2850 379 2931; x_wconf 74' lang='lat' dir='ltr'><strong>vapulet.</strong></span> 
     </span>
    </p>

    <p class='ocr_par' dir='ltr' id='par_1_10' title="bbox 168 2927 1316 4081">
     <span class='ocr_line' id='line_1_32' title="bbox 252 2927 1248 3008; baseline -0.008 -14"><span class='ocrx_word' id='word_1_242' title='bbox 252 2930 382 2994; x_wconf 86' lang='lat' dir='ltr'><strong>XVlll.</strong></span> <span class='ocrx_word' id='word_1_243' title='bbox 423 2931 513 2992; x_wconf 88' lang='lat' dir='ltr'><strong>Etsi</strong></span> <span class='ocrx_word' id='word_1_244' title='bbox 541 2931 638 2992; x_wconf 86' lang='lat' dir='ltr'><strong>falsus</strong></span> <span class='ocrx_word' id='word_1_245' title='bbox 662 2927 871 3008; x_wconf 88' lang='lat' dir='ltr'><strong>monetarius,</strong></span> <span class='ocrx_word' id='word_1_246' title='bbox 894 2939 949 2990; x_wconf 86' lang='lat' dir='ltr'><strong>ant</strong></span> <span class='ocrx_word' id='word_1_247' title='bbox 976 2931 1015 2991; x_wconf 90' lang='lat' dir='ltr'><strong>de</strong></span> <span class='ocrx_word' id='word_1_248' title='bbox 1043 2931 1108 2992; x_wconf 90' lang='lat' dir='ltr'><strong>illis</strong></span> <span class='ocrx_word' id='word_1_249' title='bbox 1134 2929 1206 2990; x_wconf 89' lang='lat' dir='ltr'><strong>locis</strong></span> <span class='ocrx_word' id='word_1_250' title='bbox 1223 2929 1248 2987; x_wconf 91' lang='lat' dir='ltr'><strong>in</strong></span> 
     </span>
     <span class='ocr_line' id='line_1_33' title="bbox 168 3011 1250 3098; baseline -0.006 -24"><span class='ocrx_word' id='word_1_251' title='bbox 168 3015 287 3098; x_wconf 87' lang='lat' dir='ltr'><strong>quibus</strong></span> <span class='ocrx_word' id='word_1_252' title='bbox 305 3022 465 3072; x_wconf 91' lang='lat' dir='ltr'><strong>monetam</strong></span> <span class='ocrx_word' id='word_1_253' title='bbox 479 3014 683 3095; x_wconf 84' lang='lat' dir='ltr'><strong>percutiens,</strong></span> <span class='ocrx_word' id='word_1_254' title='bbox 715 3021 769 3071; x_wconf 90' lang='lat' dir='ltr'><strong>ant</strong></span> <span class='ocrx_word' id='word_1_255' title='bbox 791 3011 957 3074; x_wconf 88' lang='lat' dir='ltr'><strong>denarium</strong></span> <span class='ocrx_word' id='word_1_256' title='bbox 983 3013 1102 3072; x_wconf 87' lang='lat' dir='ltr'><strong>falsum</strong></span> <span class='ocrx_word' id='word_1_257' title='bbox 1125 3013 1162 3072; x_wconf 92' lang='lat' dir='ltr'><strong>de</strong></span> <span class='ocrx_word' id='word_1_258' title='bbox 1182 3033 1250 3070; x_wconf 86' lang='lat' dir='ltr'><strong>nora</strong></span> 
     </span>
     <span class='ocr_line' id='line_1_34' title="bbox 170 3090 1250 3178; baseline -0.007 -22"><span class='ocrx_word' id='word_1_259' title='bbox 170 3107 299 3157; x_wconf 86' lang='lat' dir='ltr'><strong>moneta</strong></span> <span class='ocrx_word' id='word_1_260' title='bbox 319 3094 360 3153; x_wconf 88' lang='lat' dir='ltr'><strong>nd</strong></span> <span class='ocrx_word' id='word_1_261' title='bbox 382 3096 611 3175; x_wconf 81' lang='lat' dir='ltr'><strong>negotiandum</strong></span> <span class='ocrx_word' id='word_1_262' title='bbox 631 3095 816 3178; x_wconf 87' lang='lat' dir='ltr'><strong>profereus,</strong></span> <span class='ocrx_word' id='word_1_263' title='bbox 838 3104 875 3154; x_wconf 90' lang='lat' dir='ltr'><strong>ut</strong></span> <span class='ocrx_word' id='word_1_264' title='bbox 902 3095 1082 3177; x_wconf 84' lang='lat' dir='ltr'><strong>constringi</strong></span> <span class='ocrx_word' id='word_1_265' title='bbox 1106 3102 1137 3154; x_wconf 89' lang='lat' dir='ltr'><strong>et</strong></span> <span class='ocrx_word' id='word_1_266' title='bbox 1157 3090 1250 3176; x_wconf 86' lang='lat' dir='ltr'><strong>puniri</strong></span> 
     </span>
     <span class='ocr_line' id='line_1_35' title="bbox 169 3175 1316 3258; baseline -0.009 -19"><span class='ocrx_word' id='word_1_267' title='bbox 169 3200 237 3239; x_wconf 88' lang='lat' dir='ltr'><strong>non</strong></span> <span class='ocrx_word' id='word_1_268' title='bbox 256 3176 365 3258; x_wconf 91' lang='lat' dir='ltr'><strong>possit,</strong></span> <span class='ocrx_word' id='word_1_269' title='bbox 387 3175 470 3236; x_wconf 87' lang='lat' dir='ltr'><strong>siout</strong></span> <span class='ocrx_word' id='word_1_270' title='bbox 491 3188 539 3238; x_wconf 89' lang='lat' dir='ltr'><strong>est</strong></span> <span class='ocrx_word' id='word_1_271' title='bbox 559 3177 792 3253; x_wconf 75' lang='lat' dir='ltr'><strong>constitutum,</strong></span> <span class='ocrx_word' id='word_1_272' title='bbox 811 3175 844 3235; x_wconf 92' lang='lat' dir='ltr'><strong>in</strong></span> <span class='ocrx_word' id='word_1_273' title='bbox 865 3177 976 3237; x_wconf 87' lang='lat' dir='ltr'><strong>liscum</strong></span> <span class='ocrx_word' id='word_1_274' title='bbox 992 3189 1137 3237; x_wconf 87' lang='lat' dir='ltr'><strong>nostrum</strong></span> <span class='ocrx_word' id='word_1_275' title='bbox 1157 3175 1203 3236; x_wconf 85' lang='lat' dir='ltr'><strong>vel</strong></span> <span class='ocrx_word' id='word_1_276' title='bbox 1224 3175 1249 3230; x_wconf 91' lang='lat' dir='ltr'><strong>in</strong></span> <span class='ocrx_word' id='word_1_277' title='bbox 1315 3178 1316 3184; x_wconf 77' lang='grc'>’</span> 
     </span>
     <span class='ocr_line' id='line_1_36' title="bbox 168 3258 1249 3342; baseline -0.006 -23"><span class='ocrx_word' id='word_1_278' title='bbox 168 3279 396 3342; x_wconf 89' lang='lat' dir='ltr'><strong>quamcunque</strong></span> <span class='ocrx_word' id='word_1_279' title='bbox 425 3258 668 3336; x_wconf 84' lang='lat' dir='ltr'><strong>immunitatem,</strong></span> <span class='ocrx_word' id='word_1_280' title='bbox 690 3267 744 3317; x_wconf 90' lang='lat' dir='ltr'><strong>aut</strong></span> <span class='ocrx_word' id='word_1_281' title='bbox 766 3258 902 3327; x_wconf 86' lang='lat' dir='ltr'><strong>alienius</strong></span> <span class='ocrx_word' id='word_1_282' title='bbox 924 3259 1065 3339; x_wconf 90' lang='lat' dir='ltr'><strong>potentis</strong></span> <span class='ocrx_word' id='word_1_283' title='bbox 1085 3266 1249 3339; x_wconf 83' lang='lat' dir='ltr'><strong>potestatem</strong></span> 
     </span>
     <span class='ocr_line' id='line_1_37' title="bbox 168 3337 1250 3423; baseline -0.007 -21"><span class='ocrx_word' id='word_1_284' title='bbox 168 3343 222 3402; x_wconf 79' lang='lat' dir='ltr'><strong>uel</strong></span> <span class='ocrx_word' id='word_1_285' title='bbox 245 3339 481 3423; x_wconf 83' lang='lat' dir='ltr'><strong>proprietatem,</strong></span> <span class='ocrx_word' id='word_1_286' title='bbox 504 3341 703 3422; x_wconf 86' lang='lat' dir='ltr'><strong>confugerit,</strong></span> <span class='ocrx_word' id='word_1_287' title='bbox 735 3338 762 3400; x_wconf 90' lang='lat' dir='ltr'><strong>si</strong></span> <span class='ocrx_word' id='word_1_288' title='bbox 787 3339 821 3398; x_wconf 91' lang='lat' dir='ltr'><strong>iu</strong></span> <span class='ocrx_word' id='word_1_289' title='bbox 846 3349 990 3400; x_wconf 90' lang='lat' dir='ltr'><strong>nostrum</strong></span> <span class='ocrx_word' id='word_1_290' title='bbox 1014 3338 1190 3420; x_wconf 86' lang='lat' dir='ltr'><strong>confugerit</strong></span> <span class='ocrx_word' id='word_1_291' title='bbox 1211 3337 1250 3394; x_wconf 83' lang='lat' dir='ltr'><strong>ls-</strong></span> 
     </span>
     <span class='ocr_line' id='line_1_38' title="bbox 169 3420 1248 3502; baseline -0.008 -17"><span class='ocrx_word' id='word_1_292' title='bbox 169 3445 261 3500; x_wconf 90' lang='lat' dir='ltr'><strong>eum,</strong></span> <span class='ocrx_word' id='word_1_293' title='bbox 282 3421 469 3502; x_wconf 82' lang='lat' dir='ltr'><strong>requiratur</strong></span> <span class='ocrx_word' id='word_1_294' title='bbox 494 3446 511 3482; x_wconf 91' lang='lat' dir='ltr'><strong>a</strong></span> <span class='ocrx_word' id='word_1_295' title='bbox 534 3423 681 3484; x_wconf 89' lang='lat' dir='ltr'><strong>ministro</strong></span> <span class='ocrx_word' id='word_1_296' title='bbox 708 3431 826 3482; x_wconf 90' lang='lat' dir='ltr'><strong>nostro.</strong></span> <span class='ocrx_word' id='word_1_297' title='bbox 867 3423 910 3482; x_wconf 91' lang='lat' dir='ltr'><strong>Et</strong></span> <span class='ocrx_word' id='word_1_298' title='bbox 933 3422 960 3482; x_wconf 90' lang='lat' dir='ltr'><strong>si</strong></span> <span class='ocrx_word' id='word_1_299' title='bbox 983 3421 1039 3481; x_wconf 90' lang='lat' dir='ltr'><strong>ille</strong></span> <span class='ocrx_word' id='word_1_300' title='bbox 1062 3444 1134 3482; x_wconf 90' lang='lat' dir='ltr'><strong>enm</strong></span> <span class='ocrx_word' id='word_1_301' title='bbox 1153 3420 1248 3480; x_wconf 86' lang='lat' dir='ltr'><strong>delen·</strong></span> 
     </span>
     <span class='ocr_line' id='line_1_39' title="bbox 169 3502 1247 3584; baseline -0.011 -17"><span class='ocrx_word' id='word_1_302' title='bbox 169 3506 255 3567; x_wconf 89' lang='lat' dir='ltr'><strong>derit</strong></span> <span class='ocrx_word' id='word_1_303' title='bbox 279 3507 335 3564; x_wconf 79' lang='lat' dir='ltr'><strong>ant</strong></span> <span class='ocrx_word' id='word_1_304' title='bbox 357 3505 576 3580; x_wconf 85' lang='lat' dir='ltr'><strong>occultaverit,</strong></span> <span class='ocrx_word' id='word_1_305' title='bbox 602 3504 771 3564; x_wconf 86' lang='lat' dir='ltr'><strong>nuntietur</strong></span> <span class='ocrx_word' id='word_1_306' title='bbox 787 3503 896 3582; x_wconf 85' lang='lat' dir='ltr'><strong>nobis,</strong></span> <span class='ocrx_word' id='word_1_307' title='bbox 926 3513 1086 3584; x_wconf 89' lang='lat' dir='ltr'><strong>quatenus</strong></span> <span class='ocrx_word' id='word_1_308' title='bbox 1107 3503 1148 3562; x_wconf 84' lang='lat' dir='ltr'><strong>ita</strong></span> <span class='ocrx_word' id='word_1_309' title='bbox 1165 3502 1195 3559; x_wconf 90' lang='lat' dir='ltr'><strong>in</strong></span> <span class='ocrx_word' id='word_1_310' title='bbox 1218 3519 1247 3557; x_wconf 88' lang='lat' dir='ltr'><strong>oo</strong></span> 
     </span>
     <span class='ocr_line' id='line_1_40' title="bbox 168 3583 1248 3670; baseline -0.014 -20"><span class='ocrx_word' id='word_1_311' title='bbox 168 3587 347 3650; x_wconf 86' lang='lat' dir='ltr'><strong>secundnm</strong></span> <span class='ocrx_word' id='word_1_312' title='bbox 367 3587 552 3670; x_wconf 88' lang='lat' dir='ltr'><strong>Capitnlare</strong></span> <span class='ocrx_word' id='word_1_313' title='bbox 568 3586 694 3667; x_wconf 86' lang='lat' dir='ltr'><strong>regium</strong></span> <span class='ocrx_word' id='word_1_314' title='bbox 717 3586 919 3662; x_wconf 83' lang='lat' dir='ltr'><strong>vindicetur,</strong></span> <span class='ocrx_word' id='word_1_315' title='bbox 942 3606 982 3645; x_wconf 88' lang='lat' dir='ltr'><strong>ne</strong></span> <span class='ocrx_word' id='word_1_316' title='bbox 1004 3585 1091 3645; x_wconf 93' lang='lat' dir='ltr'><strong>ullus</strong></span> <span class='ocrx_word' id='word_1_317' title='bbox 1114 3583 1188 3641; x_wconf 89' lang='lat' dir='ltr'><strong>alius</strong></span> <span class='ocrx_word' id='word_1_318' title='bbox 1204 3602 1248 3637; x_wconf 83' lang='lat' dir='ltr'><strong>tul·</strong></span> 
     </span>
     <span class='ocr_line' id='line_1_41' title="bbox 168 3662 1246 3752; baseline -0.011 -22"><span class='ocrx_word' id='word_1_319' title='bbox 168 3693 265 3752; x_wconf 88' lang='lat' dir='ltr'><strong>quam</strong></span> <span class='ocrx_word' id='word_1_320' title='bbox 288 3669 457 3730; x_wconf 85' lang='lat' dir='ltr'><strong>falsitatem</strong></span> <span class='ocrx_word' id='word_1_321' title='bbox 476 3678 583 3729; x_wconf 85' lang='lat' dir='ltr'><strong>nostra</strong></span> <span class='ocrx_word' id='word_1_322' title='bbox 607 3669 796 3730; x_wconf 84' lang='lat' dir='ltr'><strong>auctoritate</strong></span> <span class='ocrx_word' id='word_1_323' title='bbox 818 3669 870 3730; x_wconf 79' lang='lat' dir='ltr'><strong>vel</strong></span> <span class='ocrx_word' id='word_1_324' title='bbox 902 3675 1056 3748; x_wconf 89' lang='lat' dir='ltr'><strong>potestate</strong></span> <span class='ocrx_word' id='word_1_325' title='bbox 1087 3662 1246 3726; x_wconf 87' lang='lat' dir='ltr'><strong>consentire</strong></span> 
     </span>
     <span class='ocr_line' id='line_1_42' title="bbox 169 3747 1247 3824; baseline -0.01 -13"><span class='ocrx_word' id='word_1_326' title='bbox 169 3763 223 3812; x_wconf 89' lang='lat' dir='ltr'><strong>aut</strong></span> <span class='ocrx_word' id='word_1_327' title='bbox 243 3752 418 3812; x_wconf 87' lang='lat' dir='ltr'><strong>defendere</strong></span> <span class='ocrx_word' id='word_1_328' title='bbox 443 3752 567 3811; x_wconf 88' lang='lat' dir='ltr'><strong>audeat.</strong></span> <span class='ocrx_word' id='word_1_329' title='bbox 619 3751 653 3811; x_wconf 86' lang='lat' dir='ltr'><strong>si</strong></span> <span class='ocrx_word' id='word_1_330' title='bbox 677 3759 783 3810; x_wconf 85' lang='lat' dir='ltr'><strong>autem</strong></span> <span class='ocrx_word' id='word_1_331' title='bbox 805 3749 840 3809; x_wconf 93' lang='lat' dir='ltr'><strong>in</strong></span> <span class='ocrx_word' id='word_1_332' title='bbox 869 3749 1102 3808; x_wconf 86' lang='lat' dir='ltr'><strong>immunitatem</strong></span> <span class='ocrx_word' id='word_1_333' title='bbox 1130 3747 1177 3805; x_wconf 84' lang='lat' dir='ltr'><strong>vel</strong></span> <span class='ocrx_word' id='word_1_334' title='bbox 1201 3764 1247 3824; x_wconf 89' lang='lat' dir='ltr'><strong>po-</strong></span> 
     </span>
     <span class='ocr_line' id='line_1_43' title="bbox 168 3827 1313 3916; baseline -0.011 -22"><span class='ocrx_word' id='word_1_335' title='bbox 168 3844 313 3895; x_wconf 90' lang='lat' dir='ltr'><strong>testatem</strong></span> <span class='ocrx_word' id='word_1_336' title='bbox 337 3844 390 3893; x_wconf 89' lang='lat' dir='ltr'><strong>aut</strong></span> <span class='ocrx_word' id='word_1_337' title='bbox 419 3833 646 3916; x_wconf 88' lang='lat' dir='ltr'><strong>proprietatem</strong></span> <span class='ocrx_word' id='word_1_338' title='bbox 671 3833 807 3894; x_wconf 85' lang='lat' dir='ltr'><strong>alicuius</strong></span> <span class='ocrx_word' id='word_1_339' title='bbox 832 3831 972 3912; x_wconf 90' lang='lat' dir='ltr'><strong>potentis</strong></span> <span class='ocrx_word' id='word_1_340' title='bbox 994 3827 1189 3912; x_wconf 82' lang='lat' dir='ltr'><strong>confugerit,</strong></span> <span class='ocrx_word' id='word_1_341' title='bbox 1211 3845 1247 3882; x_wconf 86' lang='lat' dir='ltr'><strong>sc·</strong></span> <span class='ocrx_word' id='word_1_342' title='bbox 1310 3834 1313 3863; x_wconf 82' lang='lat'>¹</span> 
     </span>
     <span class='ocr_line' id='line_1_44' title="bbox 169 3907 1246 3997; baseline -0.017 -18"><span class='ocrx_word' id='word_1_343' title='bbox 169 3917 312 3979; x_wconf 83' lang='lat' dir='ltr'><strong>cundum</strong></span> <span class='ocrx_word' id='word_1_344' title='bbox 333 3916 421 3997; x_wconf 91' lang='lat' dir='ltr'><strong>quod</strong></span> <span class='ocrx_word' id='word_1_345' title='bbox 446 3915 480 3974; x_wconf 89' lang='lat' dir='ltr'><strong>in</strong></span> <span class='ocrx_word' id='word_1_346' title='bbox 505 3917 600 3977; x_wconf 86' lang='lat' dir='ltr'><strong>tertio</strong></span> <span class='ocrx_word' id='word_1_347' title='bbox 626 3917 710 3976; x_wconf 84' lang='lat' dir='ltr'><strong>libro</strong></span> <span class='ocrx_word' id='word_1_348' title='bbox 735 3913 946 3993; x_wconf 84' lang='lat' dir='ltr'><strong>Capituloris,</strong></span> <span class='ocrx_word' id='word_1_349' title='bbox 975 3913 1093 3973; x_wconf 85' lang='lat' dir='ltr'>XXVI.</span> <span class='ocrx_word' id='word_1_350' title='bbox 1119 3907 1246 3991; x_wconf 88' lang='lat' dir='ltr'><strong>capitulo,</strong></span> 
     </span>
     <span class='ocr_line' id='line_1_45' title="bbox 169 3987 1312 4081; baseline -0.01 -21"><span class='ocrx_word' id='word_1_351' title='bbox 169 4000 356 4062; x_wconf 88' lang='lat' dir='ltr'><strong>continetur</strong></span> <span class='ocrx_word' id='word_1_352' title='bbox 377 3999 415 4059; x_wconf 90' lang='lat' dir='ltr'><strong>de</strong></span> <span class='ocrx_word' id='word_1_353' title='bbox 433 4018 472 4058; x_wconf 91' lang='lat' dir='ltr'><strong>eo</strong></span> <span class='ocrx_word' id='word_1_354' title='bbox 494 3997 552 4081; x_wconf 89' lang='lat' dir='ltr'><strong>qui</strong></span> <span class='ocrx_word' id='word_1_355' title='bbox 571 4001 694 4061; x_wconf 78' lang='lat' dir='ltr'><strong>lurtum</strong></span> <span class='ocrx_word' id='word_1_356' title='bbox 707 4007 762 4058; x_wconf 85' lang='lat' dir='ltr'><strong>aut</strong></span> <span class='ocrx_word' id='word_1_357' title='bbox 780 3994 1007 4070; x_wconf 86' lang='lat' dir='ltr'><strong>homicidium,</strong></span> <span class='ocrx_word' id='word_1_358' title='bbox 1029 3993 1081 4057; x_wconf 84' lang='lat' dir='ltr'><strong>vel</strong></span> <span class='ocrx_word' id='word_1_359' title='bbox 1104 3987 1249 4074; x_wconf 76' lang='lat' dir='ltr'><strong>quodlibet</strong></span> <span class='ocrx_word' id='word_1_360' title='bbox 1311 3993 1312 4006; x_wconf 61' lang='lat'>¹</span> 
     </span>
    </p>
   </div>
   <div class='ocr_carea' id='block_1_3' title="bbox 178 4141 482 4157">
    <p class='ocr_par' dir='ltr' id='par_1_11' title="bbox 178 4141 482 4157">
     <span class='ocr_line' id='line_1_46' title="bbox 178 4141 482 4157; baseline 0 -5"><span class='ocrx_word' id='word_1_361' title='bbox 178 4141 482 4157; x_wconf 49' lang='lat' dir='ltr'><strong>m*-</strong></span> 
     </span>
    </p>
   </div>
   <div class='ocr_carea' id='block_1_4' title="bbox 141 4153 1195 4366">
    <p class='ocr_par' dir='ltr' id='par_1_12' title="bbox 141 4153 1195 4366">
     <span class='ocr_line' id='line_1_47' title="bbox 203 4153 1195 4264; baseline -0.013 -16"><span class='ocrx_word' id='word_1_362' title='bbox 203 4175 297 4264; x_wconf 65' lang='lat' dir='ltr'><strong>wlal·</strong></span> <span class='ocrx_word' id='word_1_363' title='bbox 313 4210 374 4262; x_wconf 84' lang='lat' dir='ltr'><strong>mss.</strong></span> <span class='ocrx_word' id='word_1_364' title='bbox 393 4192 520 4264; x_wconf 80' lang='lat' dir='ltr'><strong>quilibet.</strong></span> <span class='ocrx_word' id='word_1_365' title='bbox 810 4193 849 4263; x_wconf 80' lang='lat' dir='ltr'><strong>y)</strong></span> <span class='ocrx_word' id='word_1_366' title='bbox 867 4191 899 4246; x_wconf 85' lang='lat' dir='ltr'><strong>al.</strong></span> <span class='ocrx_word' id='word_1_367' title='bbox 919 4209 980 4248; x_wconf 80' lang='lat' dir='ltr'><strong>mss.</strong></span> <span class='ocrx_word' id='word_1_368' title='bbox 1000 4185 1164 4244; x_wconf 80' lang='lat' dir='ltr'><strong>abscidatur.</strong></span> <span class='ocrx_word' id='word_1_369' title='bbox 1191 4153 1195 4160; x_wconf 30' lang='lat'>¹</span> 
     </span>
     <span class='ocr_line' id='line_1_48' title="bbox 141 4282 518 4366; baseline -0.003 -27"><span class='ocrx_word' id='word_1_370' title='bbox 141 4359 145 4366; x_wconf 24' lang='grc' dir='ltr'>ι</span> <span class='ocrx_word' id='word_1_371' title='bbox 204 4287 240 4356; x_wconf 78' lang='lat' dir='ltr'><strong>x)</strong></span> <span class='ocrx_word' id='word_1_372' title='bbox 257 4285 291 4337; x_wconf 84' lang='lat' dir='ltr'><strong>al.</strong></span> <span class='ocrx_word' id='word_1_373' title='bbox 309 4301 357 4340; x_wconf 85' lang='lat' dir='ltr'><strong>ms.</strong></span> <span class='ocrx_word' id='word_1_374' title='bbox 375 4282 518 4345; x_wconf 78' lang='lat' dir='ltr'><strong>caedatur.</strong></span> 
     </span>
    </p>
   </div>
   <div class='ocr_carea' id='block_1_5' title="bbox 0 0 1334 4978">
    <p class='ocr_par' dir='ltr' id='par_1_13' title="bbox 0 0 1334 4978">
     <span class='ocr_line' id='line_1_49' title="bbox 0 0 1334 4978; baseline 0 1"><span class='ocrx_word' id='word_1_375' title='bbox 0 0 1334 4978; x_wconf 95' lang='lat' dir='ltr'><strong> </strong></span> 
     </span>
    </p>
   </div>
  </div>
 </body>
</html>
