2658 4978
174 331 247 406 124
401 351 434 407 a.
453 347 532 408 can.
639 346 880 405 camuranam
981 349 1047 410 aaa,

173 514 230 555 nos
244 490 325 554 tales
339 479 492 556 efficimus
511 489 552 552 da
577 488 725 574 qualibus
746 489 902 554 Dominus
926 507 984 574 por
1001 487 1201 573 Prophetam
1223 490 1266 551 di·

172 575 236 636 :ite
259 575 360 658 Cauri
373 573 490 635 uiduae
503 593 565 635 non
583 570 760 651 ingreditur
776 571 821 630 ad
841 593 893 632 eos
903 595 915 640 ,¹
937 572 1012 656 quia
1040 574 1091 634 sic
1116 572 1200 654 apud
1217 595 1267 634 nos

172 665 219 719 est
237 657 321 716 facta
334 655 455 718 venalis
471 654 609 731 iustitia,
631 653 721 715 atad
740 675 808 714 eam
836 673 930 716 nerno
951 652 1053 738 possit
1082 655 1265 738 pervenire,

171 737 234 800 nisi
250 738 333 799 viam
348 738 378 800 ei
397 737 584 819 aperuerint
607 756 757 812 munera,
780 733 853 798 ideo
880 745 954 796 vota
975 735 1128 798 fidelium
1156 743 1188 797 et
1204 758 1267 821 pre·

170 821 214 882 tia
228 829 450 903 peccatorum,
472 839 554 902 quae
577 817 674 880 sacris
698 816 778 879 loeis
804 818 930 878 conlata
955 819 1115 896 luerunt,
1143 828 1267 899 propter

138 923 146 932 ³
168 911 299 984 peecata
317 910 424 962 nostra
438 901 478 962 de
497 900 559 961 boe
575 922 676 983 regno
695 907 771 959 sunt
790 900 918 980 penitus
942 909 1131 982 exportata,
1155 908 1186 958 et
1198 921 1266 959 ven·

170 984 282 1046 dentes
302 982 456 1044 iustitiam
468 992 500 1044 et
520 982 702 1058 raritatem,
725 989 757 1041 et
770 980 803 1039 in
828 979 876 1040 bis
891 981 1017 1043 scilicet
1043 983 1152 1066 ipsum
1167 979 1264 1042 Chris-

167 1075 236 1127 tum
250 1064 306 1146 qui
328 1073 375 1126 est
395 1063 487 1126 uobis
511 1065 617 1125 bDeo
643 1065 743 1123 factus
764 1061 905 1142 iustitia,
928 1073 960 1126 et
983 1064 1043 1146 qui
1070 1063 1170 1126 dixit:
1202 1065 1263 1140 Ego

166 1168 235 1208 sum
260 1145 405 1230 Veritas,
428 1146 489 1207 uisi
514 1145 611 1227 digne
645 1145 882 1228 poenituerint,
911 1167 984 1207 cum
1006 1147 1090 1208 Iuda
1120 1143 1262 1206 traditore

168 1226 307 1306 Christi,
330 1231 459 1290 aeterua
477 1237 646 1309 expectant
669 1226 826 1288 incendia.
867 1230 909 1288 Et
937 1229 1013 1309 quia
1039 1228 1173 1310 sanguis
1197 1247 1262 1286 san-

168 1312 299 1394 guinem
310 1310 433 1391 tetigit,
456 1309 489 1369 id
510 1319 568 1386 est,
590 1310 702 1391 culpae
722 1307 825 1390 culpis
840 1310 1115 1379 adiunctaesunt‚
1140 1319 1171 1369 et
1189 1307 1261 1368 sicut

167 1394 321 1476 scriptum
347 1401 412 1470 est,
442 1390 630 1452 adulterium
652 1404 683 1450 et
705 1389 927 1464 homicidium,
958 1405 989 1451 et
1011 1391 1213 1452 mendacium
1234 1401 1260 1448 et

157 1473 284 1560 sartum
315 1487 345 1536 et
364 1474 557 1558 periurium,
581 1470 835 1544 inundaverunt,
866 1482 898 1534 et
922 1473 1116 1554 iniquitates
1145 1480 1259 1531 nostrae

165 1577 384 1652 supergressae
406 1564 481 1618 sunt
506 1555 608 1636 capita
630 1564 737 1615 nostra
770 1553 843 1615 ideo
875 1555 1001 1617 nobiles
1030 1553 1137 1615 nostri
1168 1563 1199 1615 et
1224 1553 1256 1611 de

166 1639 339 1722 episcopali
355 1637 469 1699 ordine
485 1647 518 1697 et
538 1637 580 1698 de
596 1636 667 1697 aliis
686 1635 854 1697 ordinibus
873 1636 1097 1714 interierunt,
1128 1645 1160 1697 ct
1184 1632 1257 1714 capti

166 1743 238 1782 cum
256 1721 392 1782 maximo
409 1718 600 1780 detrimento
621 1725 653 1779 ct
673 1719 766 1800 regni
787 1729 820 1780 et
835 1719 1016 1795 Ecclesiae,
1040 1727 1121 1779 sunt
1143 1726 1196 1778 aut
1211 1736 1255 1775 rc-

165 1801 286 1884 dempti
304 1810 359 1863 aut
378 1801 572 1883 interempti.
623 1801 664 1861 Et
684 1799 760 1882 quia
787 1822 845 1861 nos
874 1821 934 1882 per
953 1811 1088 1885 paccata
1118 1795 1255 1860 nostrai

163 1893 253 1946 terra
266 1883 443 1945 viventium
462 1882 655 1965 peregrinati
677 1903 809 1960 sumus,
831 1883 971 1963 idcirco,
999 1885 1088 1945 sicut
1113 1881 1254 1962 scripturn

165 1975 234 2026 est:
255 1967 414 2048 Propheta
435 1977 464 2024 et
484 1964 642 2026 Sacerdos
666 1965 770 2025 ierunt
798 1967 832 2025 in
860 1978 975 2028 terram
1005 1987 1102 2050 quam
1136 1967 1252 2042 ignora-

163 2049 247 2110 bant.
287 2048 329 2108 Et
342 2056 411 2133 post
429 2045 508 2107 baec
529 2047 656 2123 omnia,
684 2045 755 2128 pius
776 2048 888 2123 Pater,
917 2049 1009 2109 cuins
1031 2047 1145 2108 multis
1167 2043 1252 2103 mise·

162 2129 339 2192 rationibus
358 2149 424 2188 non
444 2149 552 2190 sumus
573 2127 771 2210 consumpti,
792 2129 868 2210 quia
900 2151 966 2189 non
985 2130 1179 2191 defecerunt
1197 2123 1249 2183 mi-

58 2271 61 2277 .
162 2212 337 2273 serationes
357 2210 445 2289 eius,
466 2219 610 2271 materna
636 2211 755 2292 pietate
782 2232 838 2271 nos
863 2211 1021 2293 flagellat,
1058 2221 1093 2274 et
1115 2214 1250 2292 expectat

162 2300 199 2352 ut
224 2292 291 2374 ipsa
306 2292 431 2354 vexatio
451 2293 551 2354 donet
564 2292 766 2354 intellectum
783 2292 907 2353 auditui
935 2303 1070 2373 nostro,
1100 2292 1173 2374 quia
1197 2287 1245 2346 illa

162 2374 294 2436 credere
318 2373 480 2434 noluimus
501 2395 583 2456 quae
614 2374 876 2456 perscripturus
909 2375 999 2434 nobis
1023 2397 1058 2437 se
1093 2377 1245 2435 illaturam

160 2456 325 2540 promisit,
347 2456 374 2516 si
402 2455 491 2516 illius
515 2457 714 2518 voluntatem
737 2478 801 2516 non
827 2456 1008 2517 fecerimus.
1049 2459 1094 2516 Et
1120 2450 1246 2515 ostendit

162 2539 254 2600 nobis
272 2539 303 2599 iu
319 2538 532 2600 exterioribus
547 2538 775 2612 vastationibus
797 2559 877 2620 quae
901 2538 940 2600 de
967 2537 1173 2598 interioribus
1197 2534 1244 2591 de·

160 2620 421 2704 populationibus
440 2621 622 2702 intelligere
646 2620 834 2696 debeamus,
857 2629 889 2680 et
910 2620 1077 2682 intellecta
1108 2620 1146 2679 ad
1166 2615 1246 2675 illam

161 2704 328 2764 redeamus
345 2713 378 2764 et
390 2703 555 2764 credamus
572 2701 648 2785 quia
667 2703 783 2764 iterum
801 2703 892 2763 nobis
913 2703 946 2761 in
963 2703 1129 2786 Scriptura
1146 2693 1245 2758 multi-

159 2785 290 2869 pliciter
312 2784 467 2868 promisit.
507 2786 596 2845 later
619 2806 702 2867 qaae
723 2785 881 2846 veraciter
902 2783 985 2844 sicut
1006 2786 1125 2845 veritas
1159 2777 1244 2840 dixit:

159 2868 367 2928 Revertimini
388 2865 433 2926 ad
448 2888 515 2940 me,
537 2878 568 2926 et
584 2887 638 2945 ego
656 2878 801 2927 reuertar
814 2865 858 2926 ad
873 2887 941 2926 uos.
981 2867 1038 2926 Et:
1064 2869 1171 2948 Quare
1191 2875 1245 2916 mo·

161 2950 287 3010 riemini
302 2951 483 3027 inpeccatis
501 2949 630 3007 vestris?
669 2948 711 3008 Et
726 2950 801 3030 quia
818 2969 882 3007 non
909 2947 1105 3008 credidimus
1125 2938 1244 3030 promit·-

159 3029 260 3104 tenti‚
283 3030 447 3092 credamus
463 3030 591 3090 tandem
610 3029 783 3110 aliquando
794 3031 846 3092 vel
867 3029 984 3090 iuranti
999 3053 1007 3088 ε
1031 3029 1112 3090 Vivo
1129 3047 1190 3104 ego,
1205 3018 1245 3076 dl·

160 3113 203 3173 cit
220 3111 391 3182 Dominus,
416 3111 490 3171 nolo
511 3123 643 3171 mortem
655 3113 829 3194 peccatoris
838 3154 849 3181 ,
872 3111 930 3170 sed
949 3123 982 3170 nt
1007 3121 1201 3172 convertatur
1219 3109 1244 3156 el

160 3193 257 3252 uiuat.
297 3193 341 3252 Et
359 3192 419 3253 nisi
438 3192 583 3253 conversi
597 3193 771 3269 fuerimus,
793 3193 877 3253 sicut
911 3193 973 3252 iam
995 3191 1158 3264 videmus,
1188 3183 1243 3266 glt·

161 3273 251 3334 dium
265 3295 359 3334 suum
372 3274 525 3348 vibravit,
548 3296 657 3334 areum
673 3295 784 3352 suum,
807 3275 840 3334 id
866 3284 935 3351 est,
959 3273 1134 3334 vindictam
1150 3277 1242 3329 teten-

161 3355 229 3433 dit,
251 3364 284 3415 et
305 3356 482 3437 paravitad
510 3359 722 3418 exercendam
744 3357 907 3416 duriorem
939 3355 1121 3420 vindictam.
1166 3347 1243 3410 Sicu!

161 3437 238 3498 item
256 3437 295 3498 de
318 3438 462 3520 reprobis
490 3439 612 3499 dictum
645 3448 715 3499 est:
747 3439 854 3516 Ignis,
884 3438 1034 3520 sulphur,
1068 3450 1099 3497 et
1130 3429 1242 3517 spiritus

125 3556 131 3567 ·
158 3519 387 3604 procellarum,
407 3542 483 3603 pars
503 3520 611 3581 calicis
631 3525 751 3580 eorum.
793 3519 835 3578 Et
861 3518 923 3580 hoe
949 3518 1036 3598 quod
1062 3518 1197 3578 videmus
1215 3511 1242 3599 {il

162 3601 337 3678 sentimus,
358 3621 430 3683 pars
453 3611 485 3662 et
516 3600 694 3671 vindictao;
717 3600 790 3681 quia
805 3600 923 3659 maiora
938 3611 970 3660 et
991 3601 1083 3696 plura
1102 3605 1133 3660 et
1149 3610 1241 3690 grara-

139 3719 142 3726 ·
162 3705 217 3744 ora
239 3684 371 3744 venient
385 3703 572 3766 supernos,
595 3683 656 3744 nisi
674 3682 829 3742 fuerimus
863 3703 1026 3758 conversa,
1049 3690 1084 3741 ut
1106 3684 1240 3756 scriptum

162 3771 222 3826 est:
244 3766 402 3843 Pugnabit
422 3787 482 3849 pro
496 3785 531 3826 eo
548 3765 633 3825 orbis
654 3778 806 3824 terrarum
820 3775 931 3824 contra
947 3766 1131 3824 insensatos.
1150 3751 1239 3823 Unde,

162 3846 246 3908 sicut
260 3846 338 3908 dicit
353 3846 539 3928 Apostoluss
561 3846 648 3906 Sicut
664 3846 861 3906 exlaibnimus
888 3846 1032 3914 membra¹
1050 3858 1153 3906 nostra
1167 3851 1238 3927 aram

161 3928 336 4009 iniquitatis
349 3931 477 4010 peccato
498 3927 542 3987 od
553 3927 753 3987 seruiendum
768 3926 983 3986 immunditiae
995 3935 1025 3986 et
1034 3920 1194 4008 iniquitati,
1204 3925 1240 4008 tlt

162 4011 364 4071 exhibeamus
382 4011 519 4072 membra
536 4022 644 4070 nostra
670 4009 791 4068 seruire
816 4009 952 4068 iustitiae
980 4010 1013 4068 ira
1033 4003 1239 4090 sanctificatw·

82 4111 84 4118 ·
162 4113 241 4152 nem.
283 4091 367 4169 Quia
386 4089 554 4174 stipendia,
578 4089 689 4164 idest,
710 4090 879 4150 retributio
898 4087 1040 4171 peccati,
1064 4107 1158 4156 mors3
1179 4097 1238 4161 gra·

161 4174 206 4234 tia
220 4173 393 4234 autemDei
411 4195 470 4255 pro
490 4173 581 4234 nobis
597 4170 745 4254 operibus
762 4169 771 4229 i
796 4193 828 4232 sa
843 4173 959 4233 donata
976 4180 1023 4232 est
1040 4171 1104 4232 vita
1120 4174 1238 4228 aeterna·

161 4256 203 4318 Et
215 4254 299 4318 sicut
313 4255 441 4339 quando
462 4257 599 4320 solemus
617 4251 655 4316 de
681 4254 748 4321 istis
770 4196 994 4338 iisqueatibus
1023 4249 1182 4316 itineribus
1198 4257 1238 4302 tt·
