2658 4978
181 379 252 463 166
409 397 440 454 a.
461 390 539 454 crta
641 381 906 454 causamme
996 398 1057 460 aas.

179 540 333 604 nuntient
356 538 433 625 quia
454 538 482 600 si
503 533 695 618 Episcopus,
725 543 781 600 aut
807 535 947 599 Ministri
971 537 1197 622 Episcopomm
1214 559 1264 624 pro

180 622 372 687 criminibus
391 622 524 684 colonos
544 617 777 700 flagellaverint
800 641 874 682 cum
894 619 994 700 virgis
1010 633 1139 706 propter
1161 635 1265 685 metum

159 757 162 762 .
179 707 336 783 aliorum,
352 713 386 768 et
401 713 437 764 nt
455 701 515 784 ipsi
531 700 695 762 criminosi
709 701 922 784 corrigantur,
945 722 1017 763 cum
1029 704 1266 769 talidiscretiono

179 789 249 852 siue
259 789 324 848 ulla
334 787 501 848 occasione
512 780 664 860 indebita,
685 784 768 844 sicut
778 784 810 845 in
825 784 949 868 synodo
959 786 1164 846 conlocatum
1177 797 1228 865 est,
1241 797 1267 847 ct

179 872 233 932 vel
257 870 350 932 iuviti
361 865 593 959 poenitentiam
608 866 828 946 temporaliter
847 875 879 926 et
893 868 1214 950 corporaliteragant
1235 889 1267 930 ne

180 953 386 1014 aeternaliter
402 957 561 1034 pereant„
581 947 607 1008 si
624 947 774 1009 Seniores
796 949 939 1028 ipsorum
953 949 1141 1010 colonorum
1154 951 1268 1032 indigne

180 1035 335 1112 tulerint,
357 1044 389 1096 et
405 1028 743 1112 aliquam-uindictam
763 1030 840 1092 inde
859 1051 1011 1092 exercere
1031 1031 1206 1108 voluerint,
1225 1039 1269 1090 aut

181 1118 313 1178 cosdem
334 1114 466 1177 colonos
481 1134 522 1173 ne
541 1110 776 1193 distringantur
788 1111 989 1174 contendere
1008 1113 1267 1196 praesumpserint,

180 1199 284 1262 sciant
297 1198 374 1281 quia
389 1207 421 1260 et
441 1197 586 1258 bannum
601 1202 747 1255 nostrum
763 1203 972 1277 component,
992 1196 1127 1256 etsimul
1144 1193 1269 1257 cum'ea·

181 1281 472 1342 communicatione
500 1275 717 1340 ecclesiastica
747 1285 886 1340 nostram
908 1275 1135 1338 harmiscaram
1156 1277 1269 1340 durissi-

183 1384 267 1424 mam
281 1363 496 1426 sustinebunt.

265 1445 305 1507 X.
346 1447 389 1505 Ut
408 1440 496 1505 Missi
512 1440 611 1504 nostri
628 1437 777 1502 omnibus
791 1437 1265 1521 reipublicaelltinistrisdenun-

181 1529 265 1590 tient
280 1535 316 1589 ut
338 1527 453 1587 Comes
467 1525 519 1585 vel
541 1524 739 1608 reipublicae
758 1522 898 1584 Ministri
920 1524 1017 1584 simul
1035 1546 1110 1584 cum
1124 1521 1262 1604 Episcopo

183 1608 439 1690 uniuscuiusque
452 1605 621 1690 parochiae
636 1606 701 1668 siut
726 1606 760 1665 in
781 1603 969 1666 ministeriis
987 1607 1138 1680 illorum,
1160 1604 1269 1684 quaudo

183 1691 458 1772 idemEpiscopas
474 1711 563 1750 suam
584 1687 766 1771 parochiam
786 1687 1003 1764 circumierit,
1035 1687 1269 1768 cumEpiscopus

185 1774 232 1836 eis
245 1784 355 1834 uotum
368 1771 499 1832 iecerit:
521 1779 555 1833 et
565 1791 645 1852 quos
653 1791 712 1852 per
730 1769 1100 1830 excommunicationem
1116 1769 1270 1850 Episcopus

185 1857 345 1917 adducere
363 1875 428 1914 non
443 1853 597 1935 potuerit,
621 1852 683 1934 ipsi
705 1850 795 1934 regia
816 1851 1006 1914 auctoritate
1026 1862 1060 1913 et
1080 1860 1225 1933 potestate
1241 1847 1270 1909 ad

184 1937 416 2021 poeniteutiam
430 1945 525 2017 atque
542 1935 701 1996 rationem
719 1935 773 1996 vel
790 1933 1040 1994 satisfactionem
1060 1934 1220 1998 adducant.

161 2084 164 2092 ,
225 2063 229 2074 1
268 2021 323 2081 xt.
363 2019 473 2079 Sciant
490 2017 587 2078 etiam
607 2017 718 2078 fideles
734 2015 835 2077 nostri
857 2015 934 2097 qnia
956 2016 1173 2078 concessimus
1192 2014 1220 2072 in
1234 2029 1270 2094 sy·

187 2100 274 2163 nodo
288 2098 526 2162 venerabilibus
541 2098 708 2181 Episcopis
730 2109 771 2159 n'c
786 2119 883 2180 snper
901 2095 1059 2158 beneficia
1079 2095 1269 2160 ecclesiastica

185 2186 239 2245 vel
261 2182 469 2264 praestarias,
489 2181 610 2244 etiamsi
629 2181 807 2262 Episcopus
834 2188 890 2239 aut
915 2179 1056 2262 quilibet
1082 2176 1268 2240 monasterio·

184 2284 258 2326 rum
276 2266 438 2326 Praelatus
460 2263 731 2323 inrationabiliter
758 2261 905 2342 petierit,
936 2273 1108 2344 praecepta
1127 2259 1268 2322 confirma·

185 2348 283 2409 tionis
307 2357 431 2409 nostrae
450 2345 519 2405 ullo
536 2345 631 2405 modo
647 2344 810 2408 faciamus.
852 2341 895 2403 Et
911 2342 985 2405 ideo
1004 2345 1045 2406 ab
1073 2338 1267 2404 inrationabili

185 2430 343 2512 petitione
366 2450 399 2490 se
413 2426 635 2508 uuusquisque
656 2432 843 2507 compescat.

270 2512 340 2576 ΧΠ.
383 2512 425 2571 Ut
441 2510 526 2570 Missi
552 2509 651 2571 nostri
679 2507 826 2568 omuibus
852 2523 913 2586 per
938 2503 1072 2568 illorum
1099 2503 1266 2567 missaticam

187 2591 382 2654 denuntient
404 2614 445 2652 ue
468 2591 734 2651 commutationes
754 2608 863 2649 rerum
887 2586 939 2648 vel
965 2589 1195 2671 mancipiorum
1213 2587 1267 2665 qui·

179 2673 267 2736 libet
287 2676 450 2735 Praelatus
474 2674 657 2734 earumdem
675 2693 782 2732 rerum
801 2668 1091 2731 ecclesiasticarum
1106 2671 1171 2731 siue
1187 2667 1266 2729 licen·

185 2758 229 2818 tia
247 2758 297 2819 rel
316 2777 475 2818 consensu
506 2765 617 2816 nostro
644 2755 749 2815 faeere
780 2760 973 2832 praesumat,
995 2773 1104 2834 neque
1132 2749 1265 2829 mancipia

188 2839 403 2901 ecelesiastica
421 2837 590 2919 quisquam
609 2837 670 2898 nisi
693 2835 732 2895 ad
757 2835 938 2895 libertatem
956 2843 1139 2895 commutet:
1169 2832 1264 2892 videli-

187 2931 238 2982 cet
256 2929 293 2982 nt
316 2919 474 3001 marucipia
497 2939 580 3001 quae
597 2940 657 3003 pro
677 2914 893 2978 ecclesiastico
913 2915 1095 2992 dabuntur,
1116 2917 1148 2974 in
1172 2915 1265 2976 Eccle-

187 3005 250 3065 siae
269 3003 421 3064 servitute
439 3009 660 3077 permaneaut;
684 3007 716 3058 et
732 2995 966 3059 ecclesiasticus
994 2998 1092 3062 homo
1115 2997 1170 3080 qui
1196 3016 1264 3058 coro·
1312 3023 1313 3028 ¹

191 3094 330 3148 mutatus
353 3081 470 3157 luerit,
492 3092 646 3164 perpetua
665 3080 814 3142 libertate
830 3081 964 3154 fruatur.

446 3195 749 3258 TITULUS
812 3195 1042 3260 XXXIX.

338 3297 780 3340 APUB'SANGTUM
831 3297 1148 3344 ARNULFUM·

190 3359 305 3433 Auno
353 3363 636 3436 Incuruationis
671 3363 899 3434 Dominioae
940 3355 1261 3442 DCCCLXVIII,

186 3461 398 3532 Iurlietione
429 3463 585 3553 prima,
621 3461 735 3530 Meris
772 3462 945 3547 civitate,
979 3465 1087 3553 opud
1120 3473 1262 3532 sanctam

186 3558 406 3653 Arunlsom,
425 3561 498 3630 hae
518 3561 715 3654 pactiones
741 3561 838 3631 inter
852 3560 1131 3632 Hlurlouvicum
1154 3573 1185 3628 cr
1200 3559 1261 3628 lio·

187 3660 306 3728 roiam
323 3661 510 3746 gloriosos
536 3660 656 3746 Reges
671 3661 808 3745 jactae
832 3671 941 3740 sunt,
981 3661 1041 3726 iria
1074 3655 1260 3751 praesenti

186 3755 276 3844 bros,
305 3759 516 3828 Hincmuro
542 3755 864 3850 Arelaiepiscopo,
900 3755 1096 3827 Lasitbeito
1122 3755 1260 3827 Archia-

183 3857 368 3950 pisoopo‚
396 3853 563 3948 Altsrirlo
591 3855 803 3950 Episcopo,
830 3857 916 3926 item
942 3857 1150 3928 Ilincmaro
1173 3851 1260 3944 Epis·
1310 3861 1311 3864 ’

187 3977 301 4050 copto,
331 3953 520 4045 thorio
551 3953 761 4047 Episcopo,
793 3955 921 4026 Orione
944 3956 1152 4050 Episcopo,
1177 3946 1260 4042 regui

416 4055 554 4126 Karolt
574 4055 735 4145 gloriosi
762 4054 879 4146 Regis
905 4055 1057 4124 XXIX.

189 4159 333 4280 Antonio
355 4225 386 4280 et
402 4213 553 4299 deinceps
574 4216 610 4278 ad
634 4218 693 4280 Dei
715 4219 932 4292 voluntatem,
965 4229 998 4280 ot
1025 4229 1146 4282 sanctae
1167 4210 1257 4276 Eccle-

185 4304 248 4360 siae
278 4301 542 4362 restaurationem
573 4309 603 4362 et
625 4300 780 4362 bonorem
803 4311 895 4383 atque
920 4302 1158 4377 defensionem,
1187 4287 1257 4356 etad
