2658 4978
103 357 174 433 180
344 375 375 428 Α.
395 367 477 426 citu.
597 358 843 416 carnotenis
961 361 1021 424 ⁸72.

367 521 687 595 ultus-ns
747 517 920 584 XLIV.

171 685 184 696 '·
280 657 1023 716 Arnnuuunnuvrvltntu.

105 777 219 852 Aizno
270 763 553 842 incarnationis
613 754 840 828 Dominicae
900 747 1203 822 DCCCLXXII.

105 873 317 951 Indictione
343 869 485 960 quintu,
512 861 640 953 qrtiuto
667 857 758 924 Idus
781 850 1019 946 Septembris,
1046 851 1087 918 in
1105 851 1206 941 pla-

106 981 179 1047 cito
200 969 370 1062 generali
395 963 501 1056 opud
528 957 704 1046 Gondalfi
734 953 885 1039 villam,
925 974 1008 1018 cum
1034 949 1206 1019 Hludou.

104 1077 211 1150 ericus
245 1075 483 1139 sacramento
518 1057 687 1150 superius
729 1056 874 1143 scripta
913 1049 1133 1139 disrupisset
1170 1057 1208 1114 et

105 1172 307 1266 aequivoco
343 1188 411 1234 suo
451 1160 577 1231 itidem
615 1153 854 1222 Hindouoico
898 1147 1124 1241 Imperatori
1164 1169 1209 1214 se

106 1269 351 1344 coniunxisset
365 1277 381 1350 ,'
413 1273 448 1328 et
470 1264 707 1326 sacramento
731 1273 825 1342 quoe
856 1248 1027 1340 superius
1060 1243 1210 1336 scripta

105 1384 191 1441 sont
203 1367 296 1460 fieri
321 1361 500 1446 iussisset,
513 1351 728 1446 ingilberga
751 1346 902 1435 Regina
926 1357 961 1412 et
984 1343 1116 1431 legatis
1139 1367 1212 1411 se-

107 1469 167 1541 dis
209 1460 473 1557 Apostolicoe,
521 1455 701 1522 Formoso
742 1447 885 1516 scilicet
925 1455 961 1510 et
995 1429 1209 1526 Gaderico,

103 1561 388 1664 praesentibus,
432 1553 505 1630 tao
546 1557 759 1640 tempestate
798 1553 972 1630 urgente,
1020 1539 1211 1633 Episcopi

106 1687 232 1737 omnes
258 1684 302 1730 ex
327 1681 441 1746 regno
464 1650 623 1744 gloriosi
657 1643 774 1734 Regis
807 1641 947 1712 Karoli
973 1639 1080 1710 nanc
1108 1661 1213 1731 pro·
1318 1692 1323 1709 ,

99 1765 305 1859 sessionem
329 1758 433 1847 iufra
457 1749 637 1842 scriptam
654 1745 849 1835 jecerunt,
885 1751 921 1807 et
957 1762 1081 1808 omnes
1118 1734 1215 1805 laici

108 1865 181 1937 doc
220 1857 495 1929 sacromentum
535 1845 706 1917 similiter
738 1841 845 1933 infra
882 1838 1064 1931 scriptum
1099 1836 1216 1906 inra-

587 1951 727 2015 verunt.

248 2121 582 2186 Prorrssso
631 2105 1111 2165 Eerssorosuic'

109 2261 296 2385 Quantum
318 2303 422 2366 sciero
446 2306 479 2357 et
503 2298 659 2378 potuero,
690 2285 864 2348 adiuvante
884 2282 1043 2358 Domino,
1074 2280 1220 2342 consilio

109 2415 141 2467 et
163 2395 285 2460 auxilio
307 2383 483 2450 secundum
505 2395 612 2436 meum
633 2370 847 2430 ministerium
876 2365 980 2426 fidelis
1007 2363 1097 2424 vobis
1118 2364 1219 2422 adiu-

52 2553 55 2558 ,
109 2498 161 2549 tor
182 2501 256 2554 ero,
277 2483 313 2532 ut
333 2487 468 2548 regnum
491 2458 579 2542 quod
600 2455 692 2518 vobis
718 2454 806 2510 Deus
827 2448 962 2510 donavit
994 2449 1045 2507 vel
1075 2447 1220 2506 donare.

42 2613 44 2618 ,
109 2570 178 2640 rit,
214 2561 254 2621 ad
282 2552 382 2636 ipsius
405 2546 660 2628 voluntatemet
680 2541 806 2594 sunctae
826 2529 991 2591 Ecclesiae
1013 2551 1049 2591 ac
1072 2527 1222 2589 debitum

111 2649 238 2732 regium
259 2640 414 2700 honorem
428 2638 571 2690 vestrum
592 2630 626 2680 et
646 2626 783 2678 vestrum
804 2612 1013 2690 fideliumque
1035 2619 1223 2672 vestrorum

113 2727 320 2798 salvationem
341 2714 460 2777 hahere
483 2716 514 2770 et
536 2702 680 2766 obtinere
702 2707 734 2758 et
754 2695 919 2756 continere
941 2693 1077 2774 possitis.

268 2851 708 2916 securamen
748 2827 1069 2887 Lurcosun.

179 2979 343 3052 Quantum
365 2961 467 3024 sciero
489 2964 521 3014 et
540 2959 688 3034 potuero,
704 2942 877 3004 adiuvante
904 2937 1055 3012 Domino,
1082 2931 1226 2996 consilio

118 3071 153 3127 ct
171 3055 294 3118 auxilio
317 3045 419 3106 fidelis
441 3037 530 3099 vobis
552 3033 774 3102 adiutorem,
798 3033 843 3102 ¹ut
862 3043 998 3104 regnum
1017 3016 1227 3100 quodliabe-

120 3147 164 3208 tis
186 3139 227 3198 nd
246 3131 308 3194 Dei
332 3128 531 3188 voluntatem
552 3125 584 3176 et
606 3113 732 3174 sanctae
753 3106 918 3168 Ecclesiae
947 3111 980 3162 et
1000 3108 1141 3161 vestrum
1163 3097 1227 3176 lio-

123 3241 237 3290 norem
258 3225 353 3293 atque
376 3209 415 3267 ad
436 3211 574 3266 vestram
594 3185 991 3264 salvationem-continere
1011 3179 1163 3264 possitis,
1194 3185 1231 3236 et

123 3304 212 3392 quod
231 3301 319 3360 Deus
351 3289 455 3351 adhuc
488 3281 579 3346 vobis
598 3271 816 3349 concesserit,
846 3267 1017 3350 adquirere
1052 3272 1085 3325 et
1115 3271 1231 3323 contra

127 3405 238 3453 omnes
258 3375 405 3440 homines
427 3364 603 3432 defendere
624 3354 766 3420 valeatis.

341 3509 558 3570 thnstts
602 3479 760 3552 annius
783 3478 1013 3547 'rensuum

214 3634 267 3698 sic
289 3622 441 3713 promitto
463 3637 521 3698 ego
542 3610 618 3704 quia
640 3605 679 3666 de
699 3603 759 3664 isto
787 3601 840 3663 die
866 3598 995 3658 inantea
1016 3593 1068 3654 isti
1102 3589 1231 3652 Seniori

133 3743 215 3797 meo,
228 3709 373 3798 quandiu
397 3703 524 3773 vixero,
542 3690 646 3756 tidelis
661 3695 693 3748 et
710 3685 864 3746 obediens
878 3690 909 3740 et
922 3679 1049 3739 adiutor
1062 3684 1233 3758 quantum-

136 3820 265 3883 cunque
279 3794 353 3878 plus
367 3798 399 3850 et
411 3782 526 3846 melius
541 3777 644 3839 sciero
661 3780 692 3832 ct
705 3778 841 3854 potuero
855 3773 887 3824 et
901 3759 1037 3822 consilio
1054 3769 1087 3818 ct
1110 3754 1233 3816 uuxilio

100 3895 104 3904 '
138 3879 316 3954 iocundum
337 3857 670 3934 meumministerium
691 3853 724 3911 in
748 3843 1098 3922 omnibuseroabsquc
1115 3837 1236 3914 fraude
1313 3864 1323 3882 a

140 3981 173 4036 ct
192 3964 277 4026 malo
295 3952 440 4040 ingenio,
453 3957 485 4008 et
499 3946 617 4023 absque
640 3936 707 3997 ulls
726 3930 893 3994 dolositate
908 3927 961 3989 vel
973 3923 1167 3985 seductione
1179 3941 1235 3980 seu

142 4045 352 4130 deceptione,
374 4043 407 4097 et
427 4031 545 4111 absque
566 4027 715 4103 respectu
735 4011 870 4075 alicuius
889 4027 1055 4093 personam
1077 4016 1111 4066 et
1130 4023 1235 4084 neque

167 4154 202 4196 er
222 4147 294 4202 me,
317 4137 422 4200 neque
443 4133 501 4197 per
521 4106 672 4178 Missum,
693 4116 799 4179 neque
819 4113 878 4176 per
897 4090 1031 4166 litteras,
1052 4087 1110 4148 sed
1131 4103 1235 4165 neque

168 4237 205 4278 er
232 4209 377 4273 emissa-m
403 4219 461 4258 seu
491 4185 705 4254 intromissam
728 4197 914 4262 personam,
949 4173 1002 4233 vel
1039 4185 1235 4253 quocunque

146 4296 241 4360 'ruodo
263 4311 300 4352 sc
325 4275 559 4371 significatione
578 4274 691 4333 contre
703 4283 799 4326 suum
811 4257 971 4320 honorem
990 4261 1024 4316 et
1038 4259 1165 4315 unone
1181 4249 1224 4311 Ee
