2786 4980
280 331 310 386 s
329 283 407 394 cuis
507 303 639 382 moun
655 323 900 394 ruscorum
981 335 1044 404 us,
1160 321 1222 398 ,13

116 473 205 535 aliud
228 491 294 533 non
312 468 488 545 audemus,
509 465 575 529 nisi
594 465 832 550 expectandum
853 491 951 554 quum
968 478 1128 544 maximus
1151 487 1224 571 cogi

112 564 235 640 postest
261 553 390 614 Galliae
413 549 673 631 Germaniaeque
690 562 909 633 conventum,
934 567 968 621 et
990 561 1025 624 in
1048 584 1089 626 eo
1107 579 1224 632 metro·

110 638 334 722 politanorum
369 633 638 716 reliquorumque
666 632 855 697 Antistitnm
890 638 1125 724 inquirendum
1154 673 1226 716 em

112 742 332 798 consensum„
369 715 426 778 cui
447 715 594 777 resistere
616 735 678 775 nec
704 715 854 780 volumus
878 741 940 784 nee
966 727 1120 795 valemus,
1159 735 1224 797 No.

112 805 165 866 bis
186 813 307 881 tamen,
329 799 358 864 si
386 797 468 881 quid
480 797 544 859 tale
567 795 666 858 alicui
686 799 843 862 committi
887 815 994 888 ostest,
1016 818 1051 874 et
1075 835 1142 878 non
1156 817 1222 880 ulis

113 908 213 968 quam
235 901 321 968 quae
346 879 568 966 praetenditur
591 879 672 941 latet
697 902 811 962 causa,
838 884 849 945 i
878 886 1111 972 ipotiuimum
1139 921 1220 963 con·

114 969 233 1030 venire
253 967 388 1031 videtur
409 963 466 1047 qui
490 972 523 1022 et
546 961 773 1026 communione
794 969 967 1034 sacerdotii
984 976 1094 1058 nobis,
1115 991 1149 1046 et
1166 1003 1220 1048 ex·

118 1048 294 1113 cellentiae
317 1057 440 1112 vernae
459 1043 706 1129 propinquitatis
727 1047 909 1134 privilegio,
935 1059 1085 1128 societur.

200 1131 281 1194 ΧΠ.
323 1129 496 1194 Veniemus
520 1149 608 1189 nunc
637 1128 679 1188 ad
707 1129 853 1194 ultimam
882 1148 1006 1218 partem
1026 1143 1217 1210 admonitio.

122 1210 174 1276 nis
191 1211 333 1283 nostrae;
362 1233 458 1294 quam
475 1232 539 1292 qua
561 1209 745 1273 intentione
770 1213 952 1300 fundimus,
986 1223 1113 1289 dederit
1129 1230 1219 1295 Deus

119 1305 158 1358 ut
177 1318 234 1357 vos
259 1319 296 1356 ac
321 1315 470 1376 proceres
498 1292 686 1374 caeterique
715 1293 827 1358 fideles
849 1321 886 1362 ea
914 1303 1087 1370 devotione
1114 1313 1220 1374 susci-

114 1377 216 1462 piatis.
258 1377 415 1442 Videmus
444 1374 532 1436 enim
553 1374 636 1436 iram
661 1376 723 1438 Dei
747 1379 840 1442 nobis
868 1393 901 1446 et
921 1387 1010 1450 vobis
1034 1391 1218 1476 imminere,

113 1482 188 1522 cum
209 1481 269 1542 pro
286 1459 408 1542 rapinis
427 1467 459 1519 et
483 1457 679 1519 immanibus
699 1459 771 1522 aliis
799 1464 997 1548 sceleribus,
1020 1483 1091 1535 tum
1120 1476 1218 1540 etiam

110 1542 248 1603 maxime
270 1543 360 1638 quod
387 1541 553 1603 Ecclesiae
581 1541 768 1637 facultates,
801 1565 880 1627 quas
908 1553 1012 1636 Reges
1036 1568 1069 1620 et
1094 1559 1218 1645 reliqui

110 1624 291 1688 Christiani
314 1627 385 1686 Deo
413 1633 577 1686 voverunt
602 1622 643 1684 ad
669 1624 857 1689 alimentum
887 1655 1054 1698 servorum
1092 1641 1155 1704 Dei
1184 1653 1218 1707 et

108 1728 305 1790 pauperum,
333 1707 373 1768 ad
397 1706 625 1788 exceptionem
645 1704 831 1801 bospitum,
860 1715 1117 1802 redemptionem
1144 1746 1217 1812 cap-

107 1789 268 1868 tivorum,
291 1799 385 1871 atque
401 1790 597 1871 templorum
609 1788 672 1848 Der
698 1789 974 1878 instaurationem,
990 1823 1079 1867 nnnc
1100 1805 1134 1868 in
1154 1813 1218 1871 issu

106 1872 311 1936 secularium
324 1871 518 1934 detinentur.
537 1870 621 1930 Hinc
635 1871 728 1932 multi
740 1875 826 1937 servi
834 1879 897 1940 Dei
913 1884 1083 1964 penuriam
1098 1890 1164 1956 cibi
1184 1903 1219 1955 et

107 1964 210 2038 potus
228 1977 264 2016 ac
278 1954 541 2017 vestimentorum
552 1952 729 2034 patiuntur,
751 1978 907 2041 pauperes
927 1979 1114 2034 consuetum
1132 1975 1218 2036 elee-

107 2058 278 2118 mosynam
301 2057 366 2096 non
392 2036 820 2120 accipiunt,·negleguntur
839 2041 998 2128 hospites,
1024 2051 1219 2118 fraudantur·

106 2119 246 2200 captivi,
278 2119 416 2180 etfama
441 2121 587 2178 omnium
609 2119 724 2180 merito
757 2123 925 2195 laceratur.
973 2131 1016 2193 Et
1030 2137 1164 2216 quidem
1187 2142 1216 2202 si

104 2201 192 2262 haec
222 2223 241 2262 a
265 2201 402 2282 Paganis
430 2210 597 2283 pateretur
624 2202 794 2284 Ecclesia,
852 2210 1016 2274 alientiam
1047 2217 1216 2301 flagitaret.

76 2279 79 2290 ’
103 2284 207 2344 Nunc
234 2293 343 2344 autem
369 2283 512 2365 oppressi
538 2305 556 2342 a
582 2283 658 2344 filiis
679 2288 805 2367 nostris,
827 2229 893 2354 boc
910 2306 978 2374 est,
1001 2298 1040 2359 ab
1061 2302 1113 2364 his
1133 2327 1216 2386 quos

104 2365 164 2428 vel
189 2385 248 2427 nos
270 2365 325 2427 vel
347 2365 528 2444 decessores
542 2365 643 2432 nostri
667 2367 701 2428 in
730 2370 858 2436 Christo
879 2381 1070 2460 genuimus,
1102 2385 1216 2450 Chris.

104 2447 214 2520 tianos
257 2457 312 2508 eos
343 2456 452 2508 nostro
473 2448 654 2509 ministerio
681 2451 857 2530 facientes,
889 2461 1013 2523 nullam
1039 2467 1216 2548 patientiae

106 2529 365 2598 consolationem
384 2530 569 2613 recipimus,
592 2533 746 2612 quoniam
773 2537 813 2598 de
837 2537 970 2602 illorum
997 2544 1129 2609 interitu
1149 2553 1215 2613 for·

107 2611 277 2674 midamus.
320 2615 427 2689 Certe,
449 2613 539 2694 quod
555 2615 677 2692 nullus,
696 2637 889 2700 quamquam
904 2623 1214 2712 impudentissimus,

107 2715 229 2776 negare
241 2735 242 2741 κ
254 2693 396 2772 audebit,
416 2695 573 2777 possessio
596 2697 761 2760 Ecclesiae
782 2709 892 2762 votum
914 2715 962 2765 est
980 2706 1137 2792 fidelium,
1156 2737 1215 2798 pa·

97 2775 298 2841 trimonium
322 2797 526 2860 pauperum,
554 2778 734 2862 redemptio
763 2782 951 2848 animarum.
994 2789 1116 2855 Votum
1136 2817 1214 2880 ergo

102 2859 242 2920 alterius
266 2859 429 2943 quomodo
454 2859 623 2942 quisquam
641 2864 711 2946 Deo
732 2864 830 2925 audet
858 2870 1005 2950 auferre,
1036 2872 1216 2940 baeredita-

101 2951 172 3002 tem
198 2963 378 3024 pauperum
406 2962 471 3024 qua
496 2941 676 3004 temeritate
699 2948 874 3028 praesumit
900 2951 1076 3020 invadere?
1118 2962 1213 3025 Unde

98 3021 162 3084 alii
185 3045 258 3086 snas
284 3024 405 3084 animas
432 3025 657 3102 redemerunt,
681 3048 739 3088 cur
764 3028 841 3094 inde
867 3032 925 3094 alii
951 3057 1023 3101 suas
1049 3043 1213 3124 perdunt?

96 3106 222 3186 ltaque
245 3106 402 3187 quaedam
419 3107 490 3168 loca
507 3107 714 3186 venerabilia,
742 3113 831 3192 quod
852 3137 1020 3200 nunquam
1045 3135 1214 3191 antealuu·

97 3187 212 3250 ditum
240 3197 307 3266 cst,
327 3189 403 3250 laici
427 3211 468 3252 ex
492 3189 620 3270 integro
647 3193 830 3273 possident,
852 3204 1066 3279 quorumdam
1086 3215 1212 3290 partem

92 3267 164 3336 eibi
187 3270 376 3347 vindicant,
406 3272 618 3353 quorumdam
646 3276 777 3354 praedia
801 3281 1029 3362 multipliciter
1052 3289 1155 3353 divisa
1175 3296 1227 3356 jn.

91 3351 337 3414 haereditatem
355 3353 416 3414 sibi
431 3354 510 3415 dari
528 3356 687 3422 fecerunt.
725 3359 863 3442 AEgyptii
888 3365 1089 3450 Sacerdotes,
1118 3376 1212 3441 famis

96 3435 295 3496 necessitate
315 3435 450 3497 caeteris
482 3446 598 3508 cuncta
625 3437 855 3517 vendentibus,
890 3469 963 3510 suas
994 3456 1212 3531 possessiones

95 3517 329 3590 retinuerunt,
351 3528 383 3580 et
405 3518 478 3579 falsi
501 3519 546 3580 dii
572 3522 794 3582 reverentiam
812 3547 830 3584 a
856 3529 921 3590 suis
943 3532 1124 3598 cultoribus
1146 3561 1212 3601 me.

95 3609 241 3660 ruerunt
260 3621 357 3681 quam
377 3601 412 3660 in
428 3601 489 3662 hac
510 3611 599 3685 parte
620 3603 707 3664 solus
722 3615 754 3665 et
774 3627 867 3668 verus
880 3612 969 3673 Deus
989 3636 1054 3676 non
1075 3618 1210 3690 obtinet.

96 3683 170 3742 Oza
194 3703 370 3764 percussus
380 3693 437 3761 est,
460 3694 629 3766 propterea
649 3688 738 3766 quod
755 3699 919 3752 nutantem
941 3717 1045 3758 arcam
1059 3701 1212 3766 subleva·-

95 3784 137 3826 re
152 3765 378 3848 praesumpsit,
400 3787 496 3847 quam
523 3777 652 3850 tangere
683 3770 772 3828 nefas
795 3782 871 3839 erat.
918 3777 1211 3844 Rideatsboeiali-

96 3846 195 3928 quis,
224 3845 300 3923 uisi,
327 3848 414 3930 quod
436 3851 559 3910 summo
585 3849 696 3910 dolore
721 3851 868 3932 dicimus,
893 3858 1024 3937 quidam
1045 3883 1212 3945 oppresso·

95 3949 150 3990 res
170 3929 338 3990 Ecclesiae
355 3928 490 4012 dignum
508 3931 574 3992 suis
594 3931 736 3994 moribus
749 3935 870 3997 exitum
893 3950 1001 4003 nostro
1018 3944 1113 4006 etiarn
1132 3957 1213 4010 tem-

94 4031 176 4094 pore
195 4011 400 4072 invcnerunt.
439 4012 602 4096 Propheta
624 4015 757 4080 clamat:
802 4021 865 4100 Qui
880 4021 1060 4098 disserunt,
1080 4029 1208 4090 heredi.

96 4103 159 4152 tote
176 4093 395 4176 possideamus
418 4101 631 4166 sanctuarium
648 4098 723 4170 Dei,
745 4102 832 4161 Deus
852 4123 1053 4246 meus,}porsc
1074 4111 1149 4173 illos
1172 4129 1208 4178 ut

96 4187 220 4247 rotam,
244 4177 382 4239 sesicut.
400 4177 644 4259 stipulom'ante
663 4177 787 4265 facicm
811 4187 908 4249 uenti.
979 4195 1207 4281 ostremoipse

96 4255 254 4320 Dominus
274 4257 365 4322 Iesus
391 4258 543 4332 conditor
565 4268 598 4325 et
613 4262 834 4350 redemptum-4
844 4264 934 4350 Quid
953 4272 1086 4357 proficit
1112 4281 1206 4346 tom
