2746 4992
255 299 397 360 aena.
503 298 639 357 arcun
678 298 918 356 raaucoauu
1026 304 1091 374 ⁸79.
1147 287 1224 362 223

197 441 246 501 De
268 459 369 522 regno
392 461 470 502 vero
484 440 573 522 quod
591 438 816 502 Hludouvicus
837 440 1018 523 Imperator
1039 443 1150 505 ltaliae
1169 445 1224 508 lra-

108 523 195 600 lauit,
209 521 287 605 quia
302 521 442 583 necdum
454 543 495 583 ex
511 522 571 594 illo
591 524 698 605 aliqua
713 522 832 586 divisio
852 527 934 585 facta
952 535 1012 602 est,
1033 521 1226 611 quicunque

107 606 209 668 modo
234 603 320 664 illud
340 613 440 682 tenet,
462 603 506 664 ita
526 615 645 683 teneat,
668 605 772 666 donec
791 606 931 667 Domino
951 608 1083 669 volente
1105 609 1234 672 iterum

106 687 209 754 simul
218 686 398 764 venientes,
410 708 483 748 cum
500 687 721 748 communibus
731 686 879 750 fidelibus
895 690 1011 751 nostris
1023 689 1243 756 inveniamur·

106 782 143 837 et
160 769 357 832 diffiniamus
372 770 460 851 quod
471 791 511 831 ex
519 769 582 831 hoc
591 770 707 831 melius
721 778 752 829 et
763 769 877 832 iustius
890 771 983 832 nohis
996 775 1100 834 visu-m
1111 775 1223 836 luerit.

192 853 242 913 De
263 871 364 934 regno
379 861 492 913 *autem
517 854 627 914 ltaliae
650 851 726 934 quia
747 853 842 913 modo
867 855 958 913 nulla
974 854 1055 915 ratio
1079 877 1146 918 esse
1161 880 1222 939 po-

104 945 191 1014 test,
222 955 333 996 omnes
365 935 469 996 scient
493 936 570 1018 quia
596 945 718 1018 partem
742 943 883 996 nostram
912 932 951 996 de
977 937 1036 996 illo
1062 959 1163 1020 regno
1188 932 1222 1001 et

104 1017 341 1101 requisivimus
373 1027 406 1079 et
435 1019 649 1099 requirimus,
681 1017 875 1090 et„Domiu0
910 1018 1088 1081 auxiliante
1111 1021 1220 1104 requi·

104 1117 227 1164 remus.

349 1225 421 1288 Isrt
451 1247 599 1300 erurrrr
630 1245 682 1288 mr
714 1246 854 1310 srarura
887 1248 973 1289 sorr.
1076 1278 1079 1283 .

189 1341 216 1405 I.
257 1344 300 1402 Ut
320 1340 397 1423 qnia
426 1339 556 1402 firmitas
585 1339 743 1400 amicitiae
765 1348 797 1400 et
818 1339 1057 1404 coniunctionis
1089 1352 1234 1408 nostrae¹

71 1437 75 1447 '
104 1425 224 1505 modo,
243 1423 435 1507 quibusdam
459 1422 741 1504 praepedientibus
762 1422 881 1498 causis,
914 1445 981 1484 csse
1008 1447 1073 1486 non
1097 1424 1233 1508 potnit,¹

102 1529 209 1590 usque
237 1508 278 1568 ad
300 1505 383 1566 illud
406 1504 560 1586 placitum
586 1526 651 1586 quo
675 1505 771 1564 simul
795 1513 831 1564 ut
860 1506 1088 1569 conveniamus
1113 1518 1216 1570 stetu-

100 1602 176 1652 tum
188 1590 353 1664 habemus,
374 1587 447 1648 talis
467 1586 606 1647 amicitia
628 1588 714 1648 inter
732 1607 790 1648 nos
811 1597 948 1666 maneat,
962 1591 1101 1649 Domino
1119 1591 1214 1650 auxi-

99 1673 219 1750 liante,
241 1673 281 1732 de
308 1670 405 1733 corde
431 1690 513 1751 puro
545 1679 577 1729 et
605 1668 801 1729 conscicntia
824 1669 907 1729 hona
934 1681 965 1731 et
986 1672 1049 1732 lide
1072 1693 1138 1733 non
1162 1673 1216 1740 [ἰο-Ι

42 1809 47 1817 .
99 1765 135 1815 ta
163 1764 200 1815 ut
223 1775 318 1814 nemo
341 1773 398 1814 suo
425 1751 494 1833 pari
514 1751 623 1827 vitam,
645 1772 791 1834 regnum,
814 1761 869 1810 aut
894 1751 1006 1814 fideles
1033 1775 1124 1831 suos,
1160 1756 1214 1816 vel

101 1835 233 1917 aliquid
268 1835 357 1916 quod
388 1835 429 1894 ad
457 1834 591 1894 salutem
618 1833 685 1894 sive
715 1835 959 1915 prosperitatem
988 1856 1024 1895 ac
1057 1836 1215 1898 honorem

101 1919 202 2000 regni
219 1918 371 2000 pertinet,
402 1916 559 1998 discupiat
576 1925 631 1974 aut
651 1915 861 1976 forconsiliet.

191 2001 235 2062 ll.
267 2003 320 2060 -Ut
340 1999 366 2059 si
385 1998 418 2057 in
435 1999 657 2078 cuiuscunque
672 2007 815 2062 nostrum
836 2019 973 2079 regnum
995 2000 1115 2081 Pagani
1146 2002 1213 2062 sive

100 2081 399 2166 pseudochristiani
419 2081 675 2154 insurrexerint,
696 2081 919 2160 unusquisque
938 2083 1095 2142 veraciter
1117 2105 1212 2143 suum

98 2185 234 2247 parem,
256 2165 443 2244 ubicunque
467 2162 636 2224 necessitas
650 2161 699 2221 illi
724 2163 838 2237 luerit,
863 2164 983 2244 etipse
1007 2164 1211 2224 rationabili-

98 2257 161 2308 ter·
174 2248 334 2329 potuerit,
355 2255 410 2305 aut
427 2266 486 2327 per
501 2244 705 2326 semetipsum
719 2254 773 2304 aut
785 2265 844 2326 per
854 2266 927 2304 suos
944 2245 1056 2306 fideles
1067 2317 1070 2322 .
1083 2258 1115 2309 et
1135 2269 1210 2308 con·

98 2327 180 2390 silio
198 2339 229 2390 et
245 2325 390 2404 auxilio,
412 2336 509 2410 prout
521 2327 635 2388 melius
652 2327 804 2408 potuerit,
825 2326 963 2392 adiuvet.

186 2411 251 2474 lli.
292 2415 335 2471 Ut
358 2411 384 2472 si
408 2431 466 2490 ego
487 2410 576 2470 vobis
606 2419 765 2490 superstes
795 2409 904 2485 fuero,
933 2408 1037 2469 lilium
1066 2420 1211 2473 vestrum

100 2489 346 2556 Hludouvicum
362 2491 466 2552 adhuc
485 2491 653 2574 parvulum
667 2501 699 2550 et
714 2490 792 2550 alios
814 2489 897 2550 filios
913 2500 1032 2551 vestros
1049 2514 1131 2573 quos
1151 2517 1209 2554 vo-

99 2577 157 2638 his
182 2576 340 2650 Dominus
362 2575 546 2650 donaverit,
586 2583 621 2633 ut
649 2594 786 2653 regnum
810 2581 980 2654 paternum
1011 2572 1208 2636 hereditario
1234 2581 1237 2584 ’

100 2659 178 2718 iure
197 2659 307 2739 quiete
325 2666 436 2717 tencre
450 2657 593 2737 possint,
616 2664 649 2716 et
662 2655 797 2715 consilio
814 2664 846 2714 et
863 2654 1005 2732 anxilio,
1027 2666 1124 2738 prout
1143 2679 1209 2718 me-

99 2742 169 2802 lius
189 2750 350 2823 potuero,
373 2738 540 2798 adiuvabo.
584 2738 618 2798 si
640 2746 747 2796 autem
769 2757 824 2797 vos
848 2735 926 2795 milri
949 2749 1109 2820 superstes
1132 2741 1208 2800 fue·

97 2823 193 2900 ritis,
216 2823 297 2883 lilios
320 2819 653 2882 meosHludouvicum
670 2829 703 2879 et
714 2818 969 2880 Karlomannum
986 2829 1018 2880 et
1032 2821 1110 2883 alios
1125 2843 1208 2906 quos

98 2904 217 2966 divina
235 2906 338 2987 pietas
366 2902 447 2961 mihi
478 2902 597 2962 donare
625 2899 782 2978 voluerit,
813 2910 849 2960 ut
870 2921 1007 2985 regnum
1035 2915 1206 2985 paternum

97 2985 213 3068 quiete
232 2997 344 3048 tenere
362 2985 501 3067 possint,
523 2984 671 3045 similiter
686 2993 718 3044 et
743 2984 930 3062 consiliovet
947 2985 1068 3046 auxilio
1079 3032 1089 3064 ,
1109 2995 1206 3071 prout

97 3069 221 3130 melius
241 3068 426 3152 potueritis,
449 3067 614 3128 adiuvetis
706 3129 711 3140 ,
1108 3113 1113 3123 .
1136 3089 1138 3092 ·
1196 3089 1199 3100 ·
1233 3076 1235 3082 ’

186 3151 246 3216 lV.
289 3153 331 3210 Ut
348 3150 374 3212 si
394 3147 494 3229 aliqui
517 3167 707 3210 susurrones
726 3158 758 3209 et
778 3147 992 3225 detractores,
1016 3152 1130 3232 etqui
1146 3176 1204 3237 pa..

97 3233 130 3294 ci
164 3244 293 3295 nostrae
318 3233 476 3308 invident,
493 3241 525 3291 et
541 3233 687 3312 quietum
700 3253 835 3312 regnum
851 3251 919 3292 csse
940 3251 1005 3290 non
1024 3237 1202 3315 patiuntur,

99 3317 191 3378 inter
210 3338 268 3378 nos
281 3314 360 3385 ‚lites
379 3325 411 3376 et
428 3321 651 3375 contentiones
666 3323 697 3374 et
721 3313 894 3374 discordias
913 3314 1070 3376 seminare
1092 3319 1203 3379 volue-

98 3399 189 3476 rint,
210 3400 322 3460 nullus
342 3403 486 3456 nostruin
507 3396 569 3456 hoc
592 3396 728 3476 recipiat
739 3405 792 3454 aut
805 3395 947 3454 libenter
960 3408 1116 3479 acceptet;
1140 3402 1202 3462 nisi

99 3481 186 3541 forte
199 3479 262 3541 hoc
277 3481 316 3540 ad
331 3480 488 3540 rationem
504 3500 610 3539 coram
629 3479 720 3538 nohis
742 3478 910 3558 utriusque
931 3486 963 3537 et
980 3481 1202 3544 communibus

99 3562 253 3624 fidelihus
273 3562 391 3623 nostris
410 3558 589 3642 perducere
612 3559 774 3624 voluerit.¹
804 3561 838 3620 Si
859 3579 936 3620 vcro
965 3558 1026 3620 hoc
1047 3563 1200 3641 noluerit,

101 3666 178 3704 cum
197 3646 290 3704 nullo
317 3653 461 3704 nostrum
481 3643 621 3725 aliquam
637 3642 819 3704 societatem
840 3641 972 3712 habeat3
1007 3643 1064 3704 sed
1090 3667 1200 3708 omnes

100 3726 198 3787 illum
215 3727 298 3788 sicut
310 3727 499 3786 mendacem
520 3737 552 3786 et
562 3727 736 3802 falsarium,
751 3733 784 3785 et
799 3726 886 3784 inter
903 3725 1020 3784 fratres
1039 3727 1200 3788 volentem

86 3809 260 3870 ‚seminare
289 3807 462 3869 discordias
482 3807 694 3868 communiter
723 3808 740 3866 a
768 3807 859 3868 nobis
880 3805 1072 3883 abiciamus,
1102 3831 1142 3870 nc
1158 3811 1198 3872 de

101 3901 228 3952 caetero
242 3890 379 3972 quisque
392 3889 468 3954 talia
479 3890 645 3951 mendacia
659 3889 789 3950 auribus
806 3883 923 3952 nost'ris
937 3888 1059 3950 inferre
1076 3892 1197 3959 audeat.

185 3972 226 4034 V.
269 3975 312 4032 Ut
336 3972 564 4048 communiter,
596 3981 693 4054 prout
730 3973 824 4033 citius
845 3971 1060 4054 potuerimus,
1088 3973 1198 4036 Missos

102 4063 228 4116 nostros
247 4055 287 4115 ad
303 4055 556 4114 Karlomaunum
571 4064 603 4115 et
622 4056 776 4114 Karolum
789 4054 944 4135 gloriosos
964 4054 1066 4136 Reges
1083 4054 1198 4139 diriga-
1225 4055 1226 4062 '

101 4158 183 4214 mus,
204 4139 262 4218 qui
282 4157 336 4198 cos
348 4136 388 4196 ad
404 4135 567 4217 placitum,
589 4136 676 4216 quod
686 4136 763 4197 'vnn
776 4137 850 4197 Idus
865 4135 1033 4197 Februarii
1045 4145 1198 4202 statutum

100 4217 271 4298 habemus,
293 4217 453 4296 invitent,
476 4227 507 4280 et
523 4231 558 4280 ut
580 4218 766 4280 nullatenus
790 4218 900 4282 venire
921 4216 1086 4302 differant,
1109 4223 1198 4288 obse·
