2746 4992
195 276 270 354 208
420 299 450 350 Α.
485 299 570 356 cnu.
675 300 916 356 restruerem
1012 306 1074 374 ιη,

195 437 345 505 fidelibus
371 439 488 514 nostris
510 461 549 501 eo
571 446 684 503 tenore
705 463 770 524 quo
791 443 955 524 coepimus
973 443 1154 526 honoretur,
1174 457 1203 510 et
1217 455 1270 534 pri-

193 524 352 606 vilegium
374 545 392 582 e
419 523 547 583 Domno
575 524 660 605 Papa
690 534 723 584 et
750 524 789 583 ah
815 527 963 588 omnibns
990 528 1149 611 Episcopis
1174 535 1272 596 confir.

194 616 327 685 matum,
342 605 507 688 imperiale
529 605 626 666 etiem
647 605 823 685 decretum,
845 609 884 668 ab
905 608 1050 672 omnihus
1070 612 1207 676 fidelibus
1222 639 1271 698 pro

192 689 255 752 Dei
279 700 312 753 et
333 698 441 750 nostro
463 709 570 750 umore
590 687 817 770 benignissime
842 701 939 774 etque
967 689 1188 759 inviolabiliter
1211 718 1273 760 con·

191 781 350 850 serretur,
370 780 402 834 et
425 791 444 830 a
472 769 539 831 filio
559 780 666 832 nostro
688 771 842 834 firmetur.

272 855 338 918 ΒΡ.
378 856 430 916 Dc
449 853 593 916 secundo
623 853 772 916 similiter
791 857 1032 938 respondemus.

274 936 340 1001 Ill.
381 939 425 996 Ut
444 935 525 997 tales
553 958 571 996 e
598 936 688 998 robis
713 937 893 1020 eligantur,
922 941 1066 1021 exceptis
1094 939 1157 1004 illis
1174 940 1274 1025 quibus

191 1019 453 1085 commendatum
474 1017 646 1097 habemus,
667 1040 807 1100 quorum
828 1021 961 1106 speciali
988 1023 1123 1087 consilio
1148 1033 1179 1088 et
1197 1026 1273 1088 ediu-

189 1107 275 1168 torio
297 1104 330 1164 iu
352 1101 515 1188 praesenti
536 1102 652 1164 itinere
675 1111 811 1165 utemur.

275 1187 341 1250 ΗΡ.
382 1187 431 1246 De
450 1184 546 1244 tertio
568 1206 636 1261 ros,
657 1184 742 1246 sicut
765 1187 881 1249 melius
902 1190 974 1250 Deo
999 1186 1171 1272 inspirante
1196 1191 1275 1252 vidis·

188 1272 249 1349 tis,
269 1268 365 1351 regni
389 1267 487 1330 vestri
510 1267 733 1329 defensionem
751 1279 847 1350 atque
863 1270 1048 1348 tuitionem,
1070 1281 1101 1332 et
1118 1272 1176 1332 filii
1191 1276 1274 1336 vestri

190 1352 367 1416 custodiam
392 1372 452 1432 per
471 1349 583 1412 fideles
603 1359 734 1426 vestros,
758 1360 824 1410 tam
840 1375 899 1434 per
911 1353 1102 1436 Episcopus,
1122 1377 1211 1436 quem
1225 1355 1275 1415 Au

188 1437 277 1498 butes
300 1445 332 1496 ct
351 1432 509 1504 Comites,
539 1433 726 1514 dispositum
752 1433 893 1512 habetis,
922 1444 956 1496 et
984 1440 1195 1504 necessarium
1219 1457 1274 1500 csse

189 1517 421 1602 cognoscimus.
463 1515 569 1597 lpsam
589 1515 829 1597 dispositionem
847 1541 905 1579 nos
923 1518 1124 1583 disordiuare
1146 1543 1205 1582 nou
1218 1541 1274 1600 pos-

188 1623 316 1678 sumus,
344 1619 404 1661 nec
427 1597 600 1670 debemus5
629 1607 662 1660 ct
689 1599 829 1680 qualiter
854 1601 946 1662 illam
979 1601 1097 1666 melius
1126 1603 1274 1688 disponere

188 1683 357 1770 possimus,
381 1704 446 1742 non
467 1682 614 1763 sepimus.

272 1766 333 1828 lV.
375 1765 545 1844 Quomodo
560 1761 666 1826 securi
686 1785 753 1826 esee
770 1767 927 1848 possimus
953 1789 1127 1850 quousque
1147 1771 1214 1830 Deo
1226 1768 1274 1830 do·

189 1858 287 1910 nante
304 1847 371 1909 huc
388 1856 614 1923 revertamur,
636 1847 654 1906 d
674 1848 766 1908 nullo
787 1870 924 1932 regnum
953 1860 1103 1913 nostrum
1121 1851 1273 1934 inquietari
1343 1903 1344 1920 ἶ

188 1954 297 2017 posse,
320 1940 478 2013 quantum
504 1933 594 1992 Deus
621 1949 679 1991 ros
714 1931 865 1994 adiuvare
895 1934 1059 2010 voluerit,
1093 1944 1126 1995 et
1153 1945 1274 1996 vestrum

188 2036 279 2098 posse
295 2013 460 2091 extiterit,
482 2021 515 2074 et
531 2011 692 2096 quomodo
710 2035 767 2074 nos
789 2015 829 2076 de
850 2016 916 2076 filio
944 2025 1056 2077 nostro
1074 2025 1108 2078 et
1132 2016 1170 2078 de
1196 2016 1272 2080 robis

187 2097 294 2160 securi
316 2117 383 2160 essc
397 2095 571 2178 possimus,
593 2103 625 2158 et
639 2117 695 2157 ros
711 2096 751 2157 de
774 2097 841 2157 filio
861 2107 971 2160 nostro
992 2099 1102 2161 securi
1126 2121 1190 2161 esse
1210 2121 1271 2181 pos·

187 2180 273 2258 sitis,
295 2189 329 2240 et
348 2179 415 2261 ipse
430 2179 470 2240 de
489 2178 588 2256 vobis,
601 2185 633 2237 et
652 2187 688 2237 ut
708 2200 763 2242 vos
785 2181 825 2242 ed
845 2180 986 2244 invicem
1006 2181 1139 2243 credere
1154 2181 1270 2264 possitis.

269 2263 334 2324 ΒΡ.
373 2264 422 2324 De
440 2270 578 2342 quarto,
600 2259 633 2320 in
657 2281 723 2341 quo
742 2263 897 2344 scriptum
919 2273 965 2326 est
986 2265 1148 2346 quomodo
1169 2285 1219 2326 ros
1238 2263 1270 2324 ds

187 2342 256 2408 filio
277 2353 383 2409 vestro
401 2343 506 2406 securi
524 2363 591 2404 esse
610 2343 753 2424 possitis,
776 2347 1005 2427 respondemus
1023 2347 1112 2430 qnia,
1132 2349 1197 2408 Deo
1211 2367 1270 2429 gra·
1343 2343 1344 2346 ’

184 2429 265 2507 tias,
285 2449 341 2491 ros
361 2427 501 2489 eundem
514 2426 617 2486 filium
633 2434 775 2488 restrum
803 2438 835 2490 et
864 2430 1042 2510 generastis
1066 2439 1100 2490 et
1124 2429 1270 2504 nutristis,

185 2522 220 2574 et
228 2510 287 2574 suh
298 2509 498 2572 nutrimento
509 2518 617 2571 restro
625 2511 712 2570 Deus
725 2510 765 2572 od
780 2509 863 2572 hanc
877 2521 1013 2574 aetatem
1021 2513 1116 2572 illum
1127 2511 1268 2593 perduxit,

185 2603 219 2657 et
233 2616 328 2654 nemo
342 2601 488 2654 nostrum
506 2591 600 2652 illum
618 2591 755 2672 amplius
773 2593 896 2656 salvare
915 2603 1033 2676 potest,
1053 2596 1106 2656 vel
1123 2595 1270 2674 (lebetam

185 2677 278 2761 sopit,
288 2697 460 2758 quemme,
478 2684 509 2736 et
521 2674 554 2734 in
565 2675 815 2736 vestroconsilio
833 2683 865 2737 et
883 2677 916 2736 in
927 2677 1098 2739 auxilioue
1112 2677 1270 2761 dispositio·

185 2783 228 2823 ne
243 2760 334 2820 illius
346 2758 478 2820 salvatio
492 2767 526 2818 et
538 2756 644 2817 honor
655 2766 726 2838 post
735 2759 840 2818 Deum
855 2768 886 2819 et
898 2760 1033 2821 Sanctus
1049 2761 1119 2822 eius
1133 2759 1269 2824 consistit,

183 2845 227 2906 Et
240 2842 381 2925 qualiter
393 2840 434 2902 ud
453 2839 514 2902 Dei
532 2841 732 2902 voluntatem
750 2849 783 2901 et
797 2850 923 2902 sauctae
942 2843 1111 2905 Ecclesiae
1142 2855 1175 2906 et
1192 2842 1271 2925 regni

183 2925 282 2986 vestri
305 2923 478 2984 utilitatem
499 2922 605 2983 securi
623 2922 662 2984 de
677 2921 735 2983 illo
754 2944 821 2984 esse
836 2925 960 3005 possitis
975 2926 1007 2986 in
1027 2935 1136 2990 vestra
1152 2923 1271 3008 disposi-

183 3009 275 3068 tione
294 3015 412 3071 mouet.
454 3006 496 3066 Et
513 3005 553 3066 de
566 3003 628 3065 hoc
646 3003 734 3088 quod
750 3005 794 3065 ibi
807 3006 962 3089 scriptum
979 3018 1048 3088 est,
1070 3011 1224 3092 quomodo
1237 3007 1270 3067 de

184 3089 277 3150 nobis
293 3087 399 3151 securi
416 3107 484 3147 esse
505 3087 652 3170 possitis,
674 3087 814 3167 qualiter
836 3091 1019 3171 usquedum
1052 3092 1123 3154 Deo
1146 3093 1269 3154 donante

182 3172 249 3234 lruc
270 3169 498 3246 revertamini,
520 3179 557 3230 ut
572 3171 590 3230 d
604 3169 697 3229 nullo
709 3189 845 3253 regnum
862 3182 1005 3234 vestrum
1025 3173 1197 3256 inquietari
1213 3192 1271 3256 pos·

182 3256 244 3332 sil,
266 3263 423 3337 quantum
443 3254 607 3314 Densnos
629 3252 740 3313 iuvere
775 3255 929 3332 voluerit,
960 3264 993 3316 et
1022 3269 1168 3320 nostrum
1195 3274 1270 3340 posse

182 3337 341 3401 extiterit:
362 3336 595 3418 respondemus
611 3335 687 3416 quie
702 3346 777 3396 sunt
793 3347 990 3400 sacramenta
1012 3360 1098 3421 quoe
1124 3340 1208 3402 rolris
1233 3338 1270 3396 f-

183 3423 302 3498 cimus‚
325 3429 359 3481 et
378 3428 428 3479 est
444 3418 600 3501 professio
611 3439 707 3498 quam
722 3419 813 3480 vobis
837 3429 870 3482 et
881 3421 1002 3482 Clerici
1024 3432 1057 3482 et
1076 3423 1167 3486 Laiei
1180 3421 1269 3482 inCr·

180 3505 298 3568 risiaco
319 3501 455 3564 fecimus
471 3510 504 3562 et
516 3500 770 3580 subscripsimus,
792 3513 825 3563 et
846 3510 894 3564 est
908 3505 1100 3586 perdonatio
1114 3525 1205 3588 quem
1221 3501 1269 3561 do·

181 3587 316 3650 minatio
334 3595 437 3647 vestra
454 3582 547 3644 nobis
561 3583 710 3645 fidelibus
735 3583 850 3648 vestris
876 3593 911 3646 et
938 3587 1131 3669 perdonavit
1156 3597 1188 3652 et
1211 3581 1269 3647 sul>-

181 3671 326 3753 scripsit‚
349 3679 381 3729 et
396 3676 445 3728 est
470 3666 626 3748 professio
653 3675 684 3727 et
703 3679 937 3731 sacramentum
962 3689 1045 3752 quse
1073 3672 1108 3732 in
1132 3661 1268 3734 Gundulfi

182 3754 265 3817 villa
287 3773 346 3834 pro
368 3749 461 3811 noris
477 3750 580 3810 causis
599 3751 836 3830 emergentibus
866 3773 906 3812 ex
933 3762 1034 3813 morte
1060 3751 1216 3817 Hlotlnrrii
1241 3753 1267 3806 et

181 3839 342 3902 missatico
359 3833 479 3895 Domni
502 3831 677 3914 Apostolici
693 3832 846 3893 Hadriani
866 3843 898 3894 et
911 3835 1071 3896 missatico
1089 3826 1267 3899 Hludouvlcl

182 3921 311 4004 nepotis
326 3920 424 3978 vestri
446 3915 537 3976 vohis
556 3915 700 3976 fecimus.
741 3917 797 3976 Est
815 3914 909 3976 etium
925 3919 1083 4000 professio
1103 3940 1195 4001 quem
1215 3913 1268 3972 lle·

181 4004 295 4067 miset
320 4003 359 4062 de
384 4009 490 4063 vestro
508 3997 661 4059 fidelitate
683 3999 770 4059 etde
788 3998 884 4058 vestri
906 4001 999 4084 regni
1020 4001 1222 4085 dispositione
1239 4014 1267 4052 sc

181 4085 374 4148 defensione
390 4092 422 4144 et
440 4082 479 4142 de
496 4101 596 4143 uxore
614 4089 768 4143 restruet
787 4082 826 4144 ‹le
844 4080 910 4143 filio
924 4093 1028 4146 vestro
1043 4077 1267 4166 quemhaoeus

182 4180 216 4232 et
245 4168 272 4230 si
295 4169 384 4228 Deus
415 4163 641 4227 adhuc'etiam
669 4164 805 4224 alterum
837 4165 980 4239 dederit,
1002 4167 1136 4250 professi
1156 4162 1267 4226 fuimus.

182 4255 275 4331 Quae
308 4249 416 4311 omnia
449 4248 603 4311 hactenus
634 4246 893 4312 conservarimus
915 4258 947 4312 et
967 4269 1213 4323 conservamus,
1242 4247 1267 4298 et
