2746 4992
207 293 283 368 224
436 317 470 368 s.
490 311 569 367 cna.
673 307 910 364 carrrosama
1010 317 1070 386 ⁸79,

205 459 308 522 crcnt.
348 451 391 516 Et
405 451 433 516 si
445 450 623 516 secundum
639 445 727 534 quod
741 458 886 533 optamus
903 450 1014 513 venire
1028 455 1195 537 voluerint,
1213 481 1281 523 com·

204 538 349 599 munitor
364 557 423 600 nos
437 535 478 598 ad
488 533 550 596 Dei
569 535 768 596 voluntatem
785 541 816 593 et
832 542 959 594 sauctae
978 534 1139 600 Ecclesiae
1157 541 1282 605 salvatia

206 641 281 682 nem
298 642 334 680 ac
348 637 551 680 communem
569 615 726 678 honorem
744 625 889 676 nostrum
910 624 942 677 et
956 619 1135 698 profectum
1151 647 1185 686 ac
1202 627 1284 686 saira-

204 713 350 764 mentum
369 701 468 764 totius
499 698 611 781 populi
636 695 811 759 Christiani
844 696 937 759 nobis
962 701 1136 781 commissi,
1164 708 1284 768 Domino

205 794 419 868 cooperante,
443 783 486 844 itu
499 781 731 864 coniungamus
746 786 782 838 ut
802 777 841 840 de
861 789 988 842 coetero
1015 781 1050 843 in
1080 805 1119 845 eo
1142 788 1196 868 qui
1216 811 1285 852 unus

205 875 252 929 est
273 887 372 928 unum
383 865 504 941 simus,
527 873 559 925 et
577 883 677 924 unum
694 861 849 937 velimus,
872 870 905 921 et
918 862 1057 946 idipsum
1071 865 1224 948 dicamus,
1241 893 1286 931 se·

205 950 349 1011 cundum
365 946 569 1031 Apostolum,
591 954 623 1008 ct
638 945 791 1006 faciamus
807 963 929 1023 omues,
948 957 981 1009 et
995 967 1062 1009 non
1081 948 1190 1010 sintin
1209 953 1285 1014 nobis

207 1032 275 1093 ulla
288 1030 468 1096 schismata.

289 1114 347 1175 Vl.
388 1113 424 1175 si
443 1121 549 1173 autem
566 1107 846 1170 ilfiobsecratione
860 1118 967 1171 nostra
988 1114 1097 1174 vocati
1118 1124 1149 1178 et
1165 1115 1286 1193 inritati,

206 1206 262 1258 uut
276 1195 365 1258 Missi
380 1216 493 1256 eorum
509 1193 551 1256 ad
579 1193 758 1276 praefatum
778 1191 939 1334 lplacitum
962 1194 1076 1257 venire
1102 1198 1284 1268 distulerint,

205 1301 281 1356 nos,
314 1278 492 1340 secundum
509 1275 761 1360 quodstatutum
803 1272 947 1350 abemus,
970 1274 1286 1342 illucomninoreni-

204 1357 240 1423 r'e
260 1370 293 1421 et
310 1383 367 1422 nos
384 1360 564 1422 secundum
577 1355 639 1418 Dei
660 1358 858 1418 voluntatem
887 1357 1089 1442 coniungere
1116 1363 1285 1423 omnimodis

205 1465 272 1504 non
297 1444 497 1512 omittamus;
522 1439 584 1500 nisi
604 1439 686 1498 forte
703 1438 776 1499 talis
790 1437 985 1500 inevitabilis
1001 1442 1173 1506 necessitas
1188 1465 1287 1505 erene-

204 1525 250 1588 rit
266 1545 325 1608 pro
342 1546 405 1608 qua
426 1525 459 1586 id
477 1521 546 1584 fiori
573 1521 757 1582 nullatenus
778 1522 886 1602 possit.
927 1523 969 1584 Et
993 1524 1021 1586 si
1050 1524 1113 1588 hoc
1132 1527 1284 1600 acciderit,

205 1608 246 1668 ad
264 1617 390 1690 tempus
405 1607 542 1689 quisque
557 1603 626 1686 pari
641 1624 699 1664 suo
716 1602 779 1664 hoc
803 1605 923 1666 rescire
939 1605 1055 1684 faciat,
1080 1618 1114 1669 et
1137 1618 1284 1691 propterea

205 1689 345 1750 amicitia
362 1699 468 1751 nostra
486 1710 544 1749 nec
563 1685 730 1746 minuatur
750 1706 811 1748 nec
824 1686 1030 1765 immutetur,
1053 1691 1174 1770 donec,
1194 1690 1284 1752 Domi·

206 1793 249 1832 no
266 1772 415 1847 volente,
436 1789 579 1852 congruo
595 1777 739 1850 tempore
756 1769 896 1850 perfecte
918 1771 1138 1838 confirmetur.

287 1852 364 1916 VlI.
406 1856 448 1914 Ut
468 1875 518 1914 res
538 1850 775 1926 Ecclesiarum,
810 1849 844 1910 in
867 1850 1093 1936 cuiuscunque
1121 1877 1217 1938 regno
1240 1875 1282 1914 ca-

204 1945 264 2020 put
284 1935 400 2013 fuerit,
429 1945 491 1996 tam
514 1933 554 1996 de
580 1932 840 2015 Episcopatibus‚
862 1954 958 2015 quam
986 1935 1027 1996 de
1048 1938 1207 2014 Abbatiis,
1227 1939 1283 1998 sine

206 2018 274 2078 ulla
294 2019 548 2081 contradictione
569 2017 721 2076 Rectores
741 2015 881 2096 ipsarum
901 2016 1122 2081 Ecclesiarum
1143 2021 1210 2081 illas
1228 2041 1283 2102 pos·

204 2100 340 2166 sideant.
379 2101 421 2162 Et
436 2101 460 2161 si
476 2097 600 2181 aliquid
617 2096 662 2156 ibi
682 2096 860 2158 misfactum
881 2097 899 2158 d
919 2119 1086 2180 quoquam
1108 2113 1172 2178 est,
1193 2100 1282 2162 iucu-

205 2181 387 2264 iuscunque
408 2203 510 2265 regno
538 2180 613 2240 iliae
634 2201 685 2242 res
706 2180 902 2260 consistunt,
923 2181 1075 2264 legaliter
1096 2184 1209 2246 exinde
1227 2182 1281 2243 ius·

171 2332 178 2343 Ι
205 2263 308 2326 titiam
329 2264 465 2326 reddere
487 2263 593 2325 faciat.
853 2269 856 2272 ’

287 2345 382 2413 tht.
424 2349 467 2408 Et
491 2345 568 2428 qnia
587 2366 646 2427 per
666 2365 762 2426 vagos
781 2352 813 2406 ct
832 2344 866 2406 in
881 2344 1048 2429 tyrannica
1067 2344 1281 2407 consuetudine

206 2428 429 2492 inreverentes
447 2429 594 2490 homines
608 2448 670 2510 pax
689 2436 721 2486 et
735 2425 826 2508 quies
836 2427 929 2510 regni
943 2428 1128 2510 perturbari
1140 2428 1225 2506 solet,
1236 2448 1281 2487 ro·

205 2512 312 2573 lamus
334 2519 369 2572 ut
384 2512 424 2572 ad
438 2531 665 2594 quemcunque
695 2519 838 2569 nostrum
857 2509 930 2572 talis
952 2511 1082 2572 venerit
1113 2519 1149 2572 ut
1178 2512 1215 2571 de
1243 2507 1282 2566 bis

100 2635 102 2640 ,
206 2597 288 2676 'qaae
308 2616 325 2654 c
349 2595 374 2654 it
392 2595 550 2656 rationem
567 2601 601 2652 et
621 2591 773 2652 iustitiam
789 2592 1010 2674 subterfugere
1022 2592 1136 2673 possit,
1159 2609 1283 2653 oemoex

208 2676 300 2737 nobis
324 2615 418 2737 fflum
436 2675 581 2738 adalind
600 2673 734 2754 recipiat
748 2676 801 2734 rel
820 2675 959 2735 retineat
979 2674 1042 2736 nisi
1069 2685 1107 2736 ut
1127 2674 1283 2735 adrentum

206 2759 368 2820 rationem
387 2768 419 2820 et
434 2758 573 2819 debitam
599 2753 857 2818 emendationem
877 2757 1084 2837 perducatur.
1105 2757 1147 2818 Et
1162 2756 1187 2817 si
1202 2755 1283 2815 ratio·
1336 2773 1337 2780 ¹

206 2860 282 2902 nem
298 2851 417 2902 rectam
433 2837 680 2920 subterfugerit,
702 2846 812 2900 omnes
825 2838 859 2898 in
877 2858 1046 2899 commune
1067 2839 1101 2900 in
1127 2838 1214 2900 cuius
1229 2856 1284 2916 reg·

207 2924 446 3001 numrencrit,
469 2924 563 2984 illum
581 2940 827 3003 persequamur,
862 2920 965 2981 donec
989 2930 1045 2980 aut
1078 2922 1119 2982 ud
1148 2921 1284 2982 rationem

199 3004 419 3087 perducatur,
442 3015 497 3065 aut
512 3006 551 3067 dc
578 3022 678 3082 regno
695 3002 897 3083 expellatur,
919 3001 971 3065 rel
987 3003 1146 3065 defeatur.

289 3085 349 3152 lx.
392 3085 550 3149 Vdfumus
566 3096 600 3145 ut
622 3083 653 3143 hi
669 3084 724 3164 qui
742 3084 855 3145 merito
873 3084 1104 3166 proprietatem
1126 3083 1246 3144 illorum
1257 3081 1283 3139 io

208 3176 317 3228 nostro
340 3191 441 3252 regno
466 3169 700 3250 perdiderunt,
727 3166 769 3225 ita
796 3166 981 3228 iudicentur
1001 3166 1087 3245 sicut
1109 3165 1283 3246 temporibus

208 3259 443 3312 antecessorum
461 3261 640 3313 nostrorum
659 3249 827 3310 inventum
843 3247 914 3308 fuit.
956 3248 1023 3326 Qui
1038 3271 1118 3312 vero
1136 3247 1240 3310 dicunt
1258 3266 1284 3306 se

209 3331 326 3394 iniuste
339 3334 566 3416 proprietatem
588 3333 718 3391 illorum
733 3329 922 3413 perdidisse,
944 3331 1078 3392 veniant
1098 3332 1133 3391 in
1166 3337 1284 3389 nostram

206 3416 441 3508 praesentiam,
464 3425 495 3476 ot
514 3415 597 3477 sicut
616 3414 733 3474 iustum
754 3424 817 3492 est,
839 3413 883 3473 ita
902 3411 967 3474 illis
987 3413 1169 3491 iudicetur,
1190 3419 1220 3472 et
1240 3429 1285 3472 sua

208 3517 274 3559 roca
302 3499 375 3558 iant.

206 3604 209 3610 ·
276 3519 362 3641 pIafoc
383 3577 919 3652 dicto,HlndonnicusHludouvici
928 3575 1025 3660 filius
1046 3575 1092 3637 ad
1110 3597 1165 3638 suo
1185 3570 1283 3636 rediib‘

208 3662 479 3724 etHludonvr'cns
500 3661 613 3722 [faroli
623 3658 720 3743 filins
745 3681 805 3743 per
835 3658 1035 3720 Arduennam
1062 3660 1192 3719 ueniens
1217 3673 1283 3744 anno

208 3747 442 3806 Inccrnationis
463 3743 638 3803 dominicae
660 3741 914 3807 Decctxxtx.
935 3742 969 3802 in
989 3740 1160 3822 Longlart'o
1179 3735 1283 3800 Notior·

207 3827 305 3889 'tatem
324 3827 454 3888 Domini
474 3825 653 3890 celebravit.
