2746 4992
188 293 262 368 etl
400 276 534 369 ascita.
646 311 882 390 οιιιτυιιιιιι
997 321 1053 386 tu·

188 456 322 532 toribus,
344 453 497 517 videlieet
517 463 554 514 nt
576 451 689 516 Iudaei
716 453 794 516 dent
821 452 991 533 decimam,
1012 465 1044 518 et
1068 459 1256 540 negotiatores

188 538 361 602 Christiani
386 535 596 598 uudeeImam.

187 651 190 660 ⁴
271 619 416 684 XXXII.
459 617 496 678 In
519 619 635 702 quihus
656 637 696 678 ex
716 617 832 679 nostris
857 619 982 702 palatiis
1005 617 1086 679 filius
1110 631 1216 696 noster,
1236 623 1257 684 si

186 703 360 768 necessitas
386 721 450 763 nou
475 701 593 778 suerit,
613 698 730 759 morari
757 701 807 761 vel
834 701 868 760 in
893 703 1009 783 quihus
1035 703 1193 766 forestibus
1206 723 1258 766 ue·

188 784 353 848 nationem
377 804 529 846 exercere
554 803 618 844 nen
640 781 763 843 debeat.
794 780 983 846 ‘carisiacus
1001 781 1124 866 penitus
1141 787 1259 848 eumf-

186 862 331 930 restibna
352 865 519 948 excipitur.
560 864 705 926 Silvacae
725 885 798 924 cum
819 875 885 928 toto
908 867 1110 928 Lauduuensi
1124 868 1260 933 similiter.

185 949 423 1031 Compendium
450 969 524 1009 cnm
547 946 662 1008 Causia
677 946 834 1012 similiter.
873 949 1109 1011 Salmoneiaeus
1125 950 1260 1015 similiter.

186 1031 227 1094 Iu
248 1031 388 1094 Ordreia
406 1030 486 1093 villa
510 1051 624 1112 porcos
646 1050 710 1089 non
735 1028 884 1111 accipiat;
906 1042 939 1092 et
952 1052 1018 1092 non
1041 1031 1083 1090 ibi
1102 1034 1195 1096 caelet
1209 1032 1261 1094 nisi

116 1187 118 1192 Ι
187 1114 223 1174 in
248 1114 454 1176 transeundo.
495 1113 532 1172 Iu
552 1111 715 1173 Attiniaco
738 1109 980 1194 parum·caciet.
1021 1113 1058 1174 Iu
1080 1115 1284 1210 Yernotpor»

188 1218 243 1259 cos
270 1196 407 1279 accipiat
432 1204 566 1256 tantum.
606 1194 784 1256 Arduenna
809 1196 937 1275 penitus
963 1195 1136 1279 excipitur,
1153 1217 1218 1258 nist
1234 1219 1262 1258 ιιι
1343 1206 1344 1228 ¹

187 1278 396 1354 transeundo.
436 1278 479 1338 Et
503 1276 600 1340 villae
627 1276 668 1336 ed
698 1275 863 1338 servitium
886 1289 1031 1340 nostrum
1056 1278 1202 1340 similiter.
1233 1280 1263 1340 Iu

189 1361 323 1444 Ligurio
343 1381 457 1442 porcos
479 1369 512 1420 et
538 1357 692 1420 feramina
719 1358 863 1442 accipiat.
912 1360 1110 1422 Aristallium
1133 1378 1199 1422 cum
1223 1361 1264 1420 l-

188 1454 271 1506 reste
292 1443 420 1524 penitus
445 1441 613 1524 excipitur.
660 1442 699 1503 In
725 1443 809 1502 Lens
831 1453 863 1503 et
890 1446 989 1505 Wara
1015 1451 1049 1504 et
1072 1443 1215 1505 Astenido
1240 1451 1266 1506 et

159 1541 162 1550 '
187 1525 344 1592 feramina
365 1533 397 1584 et
423 1545 536 1605 porcos
562 1545 676 1604 capere
695 1533 808 1607 potest.
851 1525 890 1586 In
912 1526 1138 1607 Rugitnsit,in
1163 1526 1265 1588 Scade·

187 1609 267 1683 holt,
290 1606 323 1666 in
338 1606 465 1682 Lannif,
486 1607 705 1667 tantummodo
725 1607 758 1668 in
773 1609 918 1685 transitu,
942 1619 973 1669 et
994 1607 1078 1669 sicut
1102 1609 1198 1668 minus
1216 1628 1264 1688 pn-

186 1699 256 1752 tost.
312 1691 349 1748 In
364 1688 504 1749 Crisiaco
526 1688 683 1754 similiter,
712 1691 748 1748 In
771 1691 863 1772 Lisga
876 1695 989 1772 porcos
1004 1699 1127 1750 tantum
1142 1689 1265 1770 accipiat

269 1770 425 1832 XXXIII.
467 1773 509 1830 Ut
535 1770 721 1831 Adclelmus
744 1772 784 1832 de
812 1773 983 1834 forestibus
1010 1772 1178 1855 diligenter
1201 1773 1266 1833 sciat

187 1862 268 1935 quot
293 1851 383 1935 porci
405 1860 439 1914 et
460 1852 616 1932 feramina
642 1853 676 1914 in
701 1875 893 1937 unaquaque
915 1877 931 1914 a
953 1854 1023 1916 filio
1050 1863 1156 1918 nostro
1178 1855 1265 1916 cacia-

133 1977 138 1987 ·
187 1946 219 1996 ta
239 1936 371 1998 suerint.
780 1973 783 1980 -
1235 1939 1239 1948 '

272 2097 360 2163 XVI.
382 2097 506 2164 kalend,
529 2097 688 2182 praedicti
713 2101 843 2171 mensis,
864 2112 1032 2182 postquam
1056 2103 1191 2164 Domnus
1213 2107 1267 2166 Im·

186 2195 319 2267 perator
339 2181 475 2240 Karolus
501 2181 702 2242 adnuntiavit
726 2183 914 2260 generaliter
941 2187 975 2242 in
991 2185 1142 2268 populum
1165 2186 1202 2245 de
1222 2206 1265 2246 suo

71 2295 73 2304 ·
188 2267 303 2324 itinere
335 2263 488 2334 Romam,
519 2275 550 2322 et
581 2264 655 2344 quio
680 2263 858 2324 ordinatum
882 2266 1014 2326 babebat
1041 2267 1173 2348 qualiter
1189 2267 1268 2351 filius

191 2367 264 2405 suus
287 2347 320 2403 in
346 2365 440 2422 regno
472 2347 532 2405 isto
560 2347 731 2417 consistat,
764 2359 794 2405 et
820 2366 951 2428 quorum
980 2349 1015 2407 in
1045 2351 1220 2430 specialibus
1245 2361 1268 2408 et

189 2427 387 2506 generalibus
414 2429 515 2485 caucis
540 2439 645 2486 artatur
677 2429 808 2488 consilio
832 2441 862 2486 et
890 2428 1061 2490 adiuvetur
1088 2433 1222 2508 auxilio,
1246 2441 1269 2490 et

190 2511 265 2590 quia
292 2508 471 2582 ordinatum
492 2509 624 2568 babebat
650 2509 807 2591 quomodo
831 2511 1021 2571 Nortmanni
1047 2513 1088 2572 de
1110 2515 1167 2574 isto
1191 2533 1268 2592 regno
1342 2567 1343 2574 ,

105 2589 110 2600 “
184 2591 412 2673 expellantur,
442 2603 472 2649 et
490 2602 601 2673 postca
625 2590 855 2670 defendantur,
886 2605 915 2652 ct
939 2595 967 2651 ri
998 2593 1117 2654 Werra
1145 2595 1182 2655 de
1205 2615 1268 2675 qua-

180 2693 311 2750 ·cunque
329 2685 420 2754 parte
441 2675 475 2731 in
494 2674 554 2731 isto
578 2693 671 2750 regno
702 2676 888 2751 surrexerit,
910 2678 1147 2757 comprimatur,
1170 2678 1212 2738 vel
1228 2676 1269 2734 de·
1342 2663 1343 2718 l

182 2753 365 2834 fendatur,·
380 2769 410 2813 ct
434 2753 569 2836 quiade
592 2755 789 2832 ‘generalibus
811 2769 840 2815 et
868 2759 1056 2838 specialibus
1078 2761 1175 2818 causis
1190 2775 1266 2837 gene-

190 2837 273 2896 ralia
298 2847 328 2894 et
350 2837 499 2917 specialia
521 2836 664 2920 Capitula
688 2839 819 2898 babebat
840 2837 1015 2919 disposita,
1038 2861 1116 2922 quae
1130 2840 1204 2924 filio
1222 2859 1266 2899 suo

191 2929 223 2976 et
234 2914 395 2999 fidelibus
421 2920 496 2994 suis,
517 2921 572 2997 qui
592 2920 626 2977 in
646 2921 705 2979 isto
730 2939 824 2997 regno
844 2921 1067 2994 remanebant,
1097 2922 1170 2982 data
1194 2922 1267 2981 babe-

191 2999 260 3074 bat,
284 3012 314 3057 et
330 3019 434 3058 secum
454 3001 615 3083 portabat,
638 3000 725 3060 discit
751 3003 825 3084 quia
849 3002 987 3085 deipsis
1018 3004 1169 3087 Capitulis
1188 3022 1266 3084 quae·

191 3077 265 3138 dom
294 3081 438 3162 Capitula
466 3097 615 3162 excerpta
640 3083 790 3154 babebat,
823 3105 901 3163 quae
933 3085 967 3142 in
998 3086 1127 3146 illorum
1150 3087 1267 3146 omnium

74 3224 76 3236 ‚
110 3171 117 3183 “
188 3163 332 3220 notitiam
371 3163 500 3222 recitari
528 3164 663 3228 uolebat.
714 3165 756 3224 Et
778 3177 848 3224 tunc
878 3167 968 3224 iussit
992 3167 1182 3226 Gauzlenum
1204 3166 1267 3226 Cau·

189 3242 352 3304 cellarium
364 3255 406 3304 'ut
432 3247 506 3305 baec
527 3247 687 3329 sequentia
711 3243 854 3330 Oapitula
875 3249 909 3307 in
930 3249 1083 3331 populum
1112 3252 1251 3311 recitaret.

228 3524 316 3588 Tou
341 3525 398 3588 aa
424 3507 682 3619 annuntiant
699 3503 843 3585 'russia
868 3524 1101 3590 uovrssnuc
1130 3521 1233 3620 arun

605 3621 895 3691 mmm

267 3813 295 3881 I.
325 3756 402 3875 DE
428 3812 551 3876 hanone
575 3822 607 3876 et
637 3803 728 3876 cultu
756 3814 817 3874 Dei
845 3824 939 3897 atque
969 3826 1150 3878 sanctarum
1174 3812 1267 3904 Eccle·

184 3897 304 3960 siarum
330 3918 419 3978 quac
437 3908 566 3958 anctore
588 3900 658 3958 Deo
683 3897 742 3960 sub
764 3896 886 3966 ditione
912 3909 942 3960 et
962 3900 1101 3962 tuitione
1120 3895 1266 3980 regimina

185 3983 286 4042 nostri
309 3981 507 4056 consistunt,
537 3981 675 4041 Domino
699 3981 1110 4058 mediante,‚decernimus
1137 3991 1171 4042 ut
1198 3982 1267 4040 sicut

185 4071 328 4145 tempore
352 4064 463 4125 heatae
484 4064 717 4124 recordationis
736 4062 853 4124 Domni
872 4073 904 4124 et
924 4065 1086 4125 Genitoris
1108 4061 1202 4125 nestri
1218 4081 1265 4121 ex·

98 4175 100 4180 ·
183 4145 290 4206 cultae
302 4155 335 4207 et
347 4145 521 4206 honoratae
542 4147 643 4228 'atque
660 4145 755 4206 rebus
769 4145 936 4228 ampliatae
959 4149 1102 4226 luerunt,
1113 4156 1144 4209 et
1164 4162 1265 4228 quuea

177 4237 290 4301 ,nostra
319 4227 510 4294 liberalitate
532 4229 705 4317 honoratae
735 4237 829 4311 atque
852 4229 967 4292 ditatae
989 4240 1072 4310 sunt,
1096 4231 1265 4292 decaetero
1340 4283 1341 4300 ἶ

60 3470 64 3479 .
165 3364 276 3480 ιιιιο
299 3417 508 3484 castrum
530 3417 658 3480 sectr
685 3418 860 3480 nonnus
882 3418 1083 3481 arnonus
1111 3417 1266 3481 tmana-
1341 3387 1342 3416 ³
