2658 4978
169 324 217 397 96
322 342 358 400 a.
381 341 470 398 cna.
582 342 836 400 CAPITULARIA
967 346 1024 407 asc.

167 493 239 562 tus,
261 483 331 544 Rex
353 481 502 564 Regum,
523 503 659 565 regnum
678 505 790 561 suum,
812 483 846 544 id
868 491 932 563 est,
962 485 1156 563 Ecclesiam,
1188 508 1259 548 con-

166 565 321 648 quisivit,
342 565 523 646 ampliavit,
546 574 580 626 et
591 566 693 644 rexit,
715 577 747 628 et
766 587 900 647 pernes
931 575 964 628 et
991 559 1177 646 nobiscum,
1202 569 1260 630 uti-

167 671 243 709 nam
259 669 323 708 non
345 648 385 707 ad
403 647 560 708 iudicium
582 658 725 708 nostrum
741 648 900 710 dicamus!
923 649 1059 709 eandem
1080 651 1259 728 Ecclesiam,

168 731 204 792 id
221 739 287 808 est,
309 751 446 811 regnum
462 751 555 790 suum
566 774 575 808 ,
597 731 744 812 quotidie
764 729 930 812 adquirit,
965 743 1079 812 auget,
1102 741 1194 814 atque
1208 754 1260 808 gu-

167 813 282 874 bernat
297 812 382 874 idem
401 812 559 874 Dominus
580 814 667 873 lesus
684 813 848 888 Christus,
871 813 955 874 sicut
978 814 1102 873 dictum
1123 825 1169 876 est
1182 815 1260 874 eno-

167 896 257 955 mino
272 895 436 956 Ecclesiae
453 917 512 977 per
529 895 742 975 Prophetam:
772 897 837 956 Pro
860 897 1002 976 patribus
1023 898 1087 956 tuis
1114 897 1180 956 nati
1200 910 1263 954 suut

168 976 325 1060 sibifilii;
346 978 461 1050 idest,
483 977 721 1058 proApostolis
749 978 872 1038 creavit
902 978 959 1037 tibi
991 977 1185 1061 Episcopos,
1212 979 1262 1060 qui

168 1069 202 1120 te
223 1070 338 1141 regant
353 1069 385 1120 et
401 1061 548 1124 doceant.
590 1061 672 1120 Cum
690 1081 753 1139 qua
767 1060 911 1120 Ecclesia
930 1060 1021 1121 nobis
1041 1063 1059 1120 d
1091 1065 1161 1121 Deo
1184 1083 1262 1120 com·

167 1141 283 1218 missa,
304 1143 371 1202 Rex
398 1141 579 1202 Christiane
606 1152 638 1200 et
651 1142 812 1222 Domine,
835 1143 918 1203 sicut
934 1142 1050 1203 litteris
1076 1141 1188 1205 vestris
1208 1143 1262 1202 ius·

169 1225 277 1302 sistis,
301 1223 430 1284 ieiuniis
445 1234 477 1284 et
496 1223 693 1284 orationibus
710 1247 747 1284 ac
763 1225 901 1302 letaniis,
921 1226 1098 1284 Dominum
1116 1247 1262 1286 summum

172 1307 419 1388 gubernatorem
442 1307 475 1366 in
507 1307 582 1368 navi
612 1315 738 1366 sanctae
765 1308 928 1368 Ecclesiae
952 1306 1132 1368 fluctuante
1157 1307 1193 1366 in‘
1211 1306 1263 1366 hoc

171 1410 276 1462 mere,
300 1389 416 1466 idest,
439 1389 547 1450 seculo
564 1390 774 1470 naufragoso,
797 1389 935 1470 peccatis
957 1390 1074 1451 nostris
1102 1388 1264 1450 communi·

170 1471 231 1531 bus
252 1470 465 1532 dormientem
483 1471 610 1552 pulsare
626 1480 658 1531 et
678 1471 839 1548 excitare,
862 1482 894 1531 et
916 1493 976 1551 pro
998 1473 1091 1532 vobis
1112 1470 1263 1554 deprecari

170 1553 389 1615 studebimus:
411 1564 448 1613 ut
467 1553 734 1635 quantociuspro
758 1575 813 1613 suu
841 1553 996 1614 ineffabili
1030 1555 1150 1636 pictate
1181 1551 1263 1634 evigi-

170 1635 217 1696 let
238 1645 271 1696 et
287 1637 422 1716 imperet
438 1635 542 1696 ventis
559 1646 592 1695 et
608 1636 706 1713 mari,
730 1635 763 1696 id
791 1644 861 1714 est,
896 1635 1131 1696 tentationibus
1167 1635 1263 1695 diabo-

172 1717 245 1778 licis
279 1728 311 1777 et
333 1717 617 1798 inquietudinibus
649 1717 844 1778 secularium
876 1717 1065 1796 hominum,
1106 1727 1142 1778 nt
1169 1717 1263 1778 redeat

158 1801 457 1880 ¹quantulacunque
479 1799 713 1880 tranquillitas,
737 1800 836 1882 gratia
851 1809 882 1859 et
896 1800 1116 1861 misericordia
1134 1799 1262 1860 eiusdem

170 1881 302 1941 Domini
319 1883 419 1942 nostri
441 1883 513 1942 lesu
526 1883 669 1956 Christi,
690 1883 741 1942 cui
757 1892 804 1943 cst
827 1892 859 1942 ct
874 1882 915 1942 sit
933 1893 1074 1964 potestas
1097 1893 1131 1944 et
1151 1881 1259 1954 honor,
1319 1871 1320 1906 ³

172 1971 204 2024 et
218 1963 320 2046 gloria
342 1975 374 2026 et
394 1963 586 2048 imperium,
608 1966 642 2024 in
659 1966 766 2026 secula
788 1966 980 2026 seculorum.
1024 1966 1140 2032 Amen.

346 2143 774 2207 TITULUS
836 2137 1095 2208 XXVIII.

259 2288 376 2348 Srnonr
407 2288 589 2358 Merensrs,
621 2306 660 2345 ae
683 2305 889 2346 innumera-ra
910 2285 1071 2347 Lonovrcr
1092 2283 1194 2343 Rrers.

174 2403 475 2493 HeeoCepitula
499 2414 651 2470 tractata
680 2414 716 2470 et
745 2401 955 2469 confirmata
984 2414 1068 2470 sunt
1101 2403 1144 2468 ab
1169 2398 1260 2486 Epis-

174 2506 275 2592 copis
294 2505 331 2570 in
352 2504 497 2593 Synodo
514 2503 634 2569 habita
651 2504 744 2590 apud
760 2499 885 2569 Mettis
916 2501 1120 2586 civitatem,
1147 2499 1188 2565 de
1209 2499 1258 2563 in-

174 2605 355 2696 dulgentia
381 2602 605 2670 Hludouvici
634 2601 742 2689 Regis
767 2622 835 2690 pro
863 2599 1041 2666 seditione
1067 2611 1109 2682 ¹et
1127 2593 1259 2666 excessi-

291 2701 354 2770 bus
372 2703 410 2768 in
434 2723 546 2791 regno
563 2699 687 2766 fratris
704 2699 759 2766 sui
774 2697 906 2765 Karoli
930 2697 1160 2786 perpetratis.
1318 2723 1319 2814 p

216 2826 507 2903 (Commonitorium
527 2825 692 2907 Episcopis
715 2823 759 2884 ad
779 2823 977 2883 Ludovicum
995 2825 1108 2902 Regem
1119 2821 1220 2903 legetis

548 2909 567 2966 ὶι
593 2907 724 2984 Synodo
753 2907 909 2982 Mettensi.)

173 3025 222 3126 D
227 3079 331 3140 ilectis
352 3079 385 3138 in
405 3078 533 3139 Christo
549 3077 701 3137 fratribus
719 3086 752 3137 ct
771 3077 1053 3138 consacerdotibus
1076 3076 1203 3150 nostris,
1223 3073 1269 3152 ¹⁶¹,

174 3165 254 3246 gatis
275 3162 431 3224 videlicet
447 3162 576 3222 divinae
595 3161 681 3240 pacis
704 3181 740 3218 ac
761 3170 887 3219 nostrae
917 3161 1151 3234 unanimitatis,
1172 3156 1257 3245 Hine·

173 3267 282 3320 maro,
306 3243 505 3319 Guuthario,
528 3242 695 3304 Weniloni
724 3240 1002 3322 Archiepiscopis,
1026 3251 1057 3301 et
1082 3235 1257 3302 venerahili-

172 3330 233 3390 bus
267 3325 473 3408 Coepiscopis
514 3324 627 3383 nostris
659 3325 835 3400 Herluino,
868 3324 1074 3405 Hildegario,
1097 3319 1256 3390 Adversis,

176 3408 322 3486 Abboni,
343 3403 545 3484 hincmaro,
569 3406 774 3482 Erchanrao,
797 3405 949 3486 Episcopi
980 3428 1120 3486 quorum
1148 3400 1258 3461 nomina

174 3496 288 3556 subter
307 3493 467 3550 habentur
487 3490 657 3564 adscripta,
676 3488 731 3567 qui
757 3491 886 3548 l'avcnte
911 3491 1062 3564 Domino,
1086 3498 1117 3548 et
1134 3499 1259 3544 annuen·
1317 3533 1318 3568 ἶ

173 3579 260 3638 tibus
282 3574 427 3658 gloriosis
445 3571 650 3652 Principibus
664 3573 779 3631 nostris
798 3572 919 3629 Karolo
936 3581 967 3630 et
983 3569 1149 3630 Hlothario
1164 3566 1193 3624 in
1206 3563 1258 3622 lile·

175 3657 400 3721 diomatricum
413 3655 586 3730 civitatem,
596 3675 680 3710 aauuo
691 3653 1121 3712 incarnationisDominicae
1131 3659 1253 3714 necent,

175 3740 359 3802 Indictione
382 3761 449 3812 vu,
474 3761 492 3796 v
514 3737 585 3796 Kal.
614 3735 718 3794 lunias
742 3735 888 3816 synodali
909 3736 1039 3794 decreto
1058 3729 1253 3794 00nvenimus.

259 3824 284 3886 l.
326 3823 407 3880 Nota
426 3829 457 3879 ct
475 3819 567 3897 (proh
590 3818 683 3877 dolor
693 3815 711 3893 l)
735 3817 829 3876 nimis
849 3827 895 3876 est
919 3827 992 3875 nota
1008 3814 1161 3876 discordia
1175 3817 1252 3886 atque

176 3904 364 3968 calamitatis
378 3903 536 3984 pernicies
557 3921 638 3980 (piare
655 3900 795 3958 factione
815 3901 1026 3979 quorumdam
1053 3895 1252 3958 seditiosorum

176 3988 344 4050 homiuum
357 4006 461 4065 nuper
481 3984 566 4041 inter
586 3985 698 4040 fratres
721 3984 824 4062 Reges
840 3990 962 4040 nostros
982 3978 1211 4040 Hludouvicum
1228 3973 1254 4026 el

176 4072 334 4133 Karolum
355 4067 489 4126 accidit:
512 4065 599 4124 unde
617 4073 703 4122 tanta
724 4085 761 4122 ac
785 4064 819 4122 in
840 4063 983 4123 Ecclesia
1004 4063 1094 4122 nobis
1108 4059 1146 4118 ad
1160 4068 1253 4132 regen·

179 4155 274 4231 dum,
298 4152 408 4212 divina
427 4147 630 4227 dignatione,
654 4145 819 4206 commissa
841 4155 872 4205 ct
893 4146 925 4204 in
946 4143 1008 4206 hoc
1021 4165 1121 4226 regno
1140 4147 1253 4221 perpere

178 4245 253 4298 sunt
275 4232 426 4310 admissa,
448 4241 484 4292 ut
503 4231 571 4314 ipso
591 4227 686 4290 etiam
702 4227 816 4292 auditu
837 4225 1006 4290 horribilia
1023 4225 1250 4311 coguoscenturi
