2746 4992
524 333 791 390 cararummuu
1135 317 1209 392 281

102 479 244 561 maligno
270 475 386 559 spiritu
414 472 489 540 talia
514 472 732 557 phantasmata
760 471 920 538 mentibus
952 473 1134 540 infidelium
1157 479 1211 539 in·

100 562 218 642 rogari.
261 559 429 640 Siquidem
456 557 523 638 ipse
556 557 701 631 Satanas,
732 555 788 634 qui
810 557 1013 638 transfigurat
1036 581 1068 620 sc
1093 561 1125 620 in
1149 562 1214 623 An·

101 647 211 727 gelum
236 643 339 718 lucis,
361 662 435 700 cum
462 650 603 698 mentem
626 638 850 718 cuiuscunque
877 640 1090 704 mulierculae
1122 665 1215 726 cepe·

98 729 154 802 rit,
179 738 211 786 et
230 725 315 784 hanc
342 723 402 784 sibi
422 744 481 805 per
504 719 726 780 infidelitatem
753 729 784 780 et
808 721 1070 784 incredulitatem
1097 725 1215 786 subiu-

100 809 237 891 gavcrit,
260 807 350 866 illico
374 806 579 864 transformat
590 823 623 863 se
640 802 673 861 in
695 803 890 863 diversarum
906 825 1116 886 personarum
1137 829 1213 892 spe·

100 893 286 971 ciesatque
310 887 548 962 similitudines,
571 893 603 946 et
632 896 789 961 mentem,
818 907 915 966 quam
934 889 1091 969 captivam
1109 897 1212 968 tenet,

100 977 135 1035 in
164 972 283 1033 somnis
309 972 477 1046 deludens,
506 968 601 1028 modo
622 966 724 1046 laeta,
754 968 848 1028 modo
872 968 986 1047 tristia,
1014 973 1111 1032 modo
1140 994 1213 1057 cog·

101 1058 198 1133 nitas,
221 1053 315 1114 modo
335 1053 514 1136 incognitas
536 1071 688 1134 personas
711 1049 895 1130 ostendens,
917 1074 976 1134 per
997 1054 1091 1118 devia
1110 1076 1221 1135 quae-=

102 1161 167 1220 que
195 1137 344 1208 deducit;
374 1146 406 1197 et
431 1157 504 1196 cum
537 1131 624 1194 solus
648 1132 779 1214 spiritus
807 1131 870 1193 hoc
896 1139 1034 1217 patitur,
1070 1133 1212 1202 infidelia

103 1243 196 1281 mens
216 1220 307 1296 haee,
329 1240 395 1280 non
415 1219 449 1278 in
471 1215 589 1292 animo,
611 1215 667 1276 sed
693 1214 903 1297 incorpore,
936 1219 1070 1279 evenire
1098 1220 1213 1304 opina-

101 1316 167 1364 tur.
208 1302 287 1379 Quis
306 1301 394 1362 enim
410 1299 521 1360 nonin
538 1297 656 1359 somnis
680 1307 712 1358 et
733 1299 905 1360 nocturnis*
918 1300 1096 1363 visionibus
1122 1312 1214 1364 extra

104 1410 138 1448 se
161 1386 264 1468 ipsum
287 1385 449 1459 educitur,
470 1392 503 1442 et
523 1382 622 1440 multa
638 1381 726 1441 videt
739 1381 929 1444 dormiendo
947 1403 1031 1464 quae
1046 1406 1214 1468 uunquam

106 1470 229 1530 viderat
248 1467 436 1548 vigilando?
479 1464 559 1542 Quis
587 1484 663 1524 vero
692 1471 755 1524 tam
777 1464 893 1525 stultus
917 1474 950 1527 et
973 1465 1072 1530 hebes
1093 1467 1135 1530 sit
1154 1468 1213 1548 qui

101 1553 182 1611 haec
210 1553 335 1626 omnia,
366 1569 449 1630 quae
473 1547 507 1607 in
534 1546 604 1608 solo
625 1544 740 1626 spiritu
770 1547 870 1623 liunt,
900 1547 999 1608 etiam
1019 1549 1053 1626 in
1076 1570 1213 1633 corpore

99 1633 248 1694 accidere
272 1632 455 1708 arbitretur,
476 1653 550 1691 cum
565 1627 719 1689 Ezechiel
741 1627 903 1713 Propheta
922 1630 1061 1694 visiones
1080 1630 1213 1698 Domini

98 1719 133 1779 iu
165 1714 297 1797 spiritu,
320 1735 386 1773 non
411 1713 445 1772 in
468 1733 613 1794 corpore,
635 1711 771 1790 viderit,
794 1723 827 1773 et
849 1711 1010 1776 lohannes
1038 1713 1212 1797 Apostolus

98 1797 299 1882 apocalypsis
321 1805 517 1857 sacramenta
543 1794 577 1853 in
603 1793 729 1875 spiritu,
752 1815 818 1856 non
843 1792 877 1854 in
905 1817 1051 1878 corpore,
1073 1797 1154 1859 vidit
1175 1805 1212 1860 et

100 1881 237 1956 audivit,
270 1880 353 1941 sicut
377 1879 445 1960 ipse
470 1876 568 1942 dicit:
596 1875 711 1936 Statim
718 1875 776 1974 ssui
795 1879 828 1937 in
846 1875 978 1961 Spiritu.
1018 1879 1063 1939 Et
1085 1879 1206 1945 Paulus

101 1986 167 2030 non
191 1963 287 2022 audet
317 1984 350 2022 se
379 1963 487 2028 dicere
513 1967 641 2041 raptum
664 1959 698 2018 in
728 1971 893 2041 corpore*
915 1960 1076 2022 Omnibus
1100 1963 1213 2044 itaque

100 2046 230 2132 publice
252 2045 511 2104 adnuntiandum
534 2051 583 2102 est
602 2041 691 2124 quod
706 2045 762 2123 qui
780 2042 858 2102 talia
877 2049 909 2104 et
930 2041 982 2106 his
1004 2043 1122 2106 similia
1142 2066 1212 2108 cre·

103 2129 161 2206 dit,
183 2129 279 2188 tidem
301 2127 463 2209 perdidit,
497 2125 603 2206 etqui
631 2125 728 2184 fidem
751 2135 873 2187 rectam
903 2124 938 2185 iu
960 2128 1034 2188 Deo
1058 2149 1125 2188 non
1149 2127 1210 2188 ha·

100 2213 174 2286 bet,
198 2210 250 2270 hic
278 2231 343 2269 non
369 2220 418 2271 est
439 2209 526 2285 eius,
556 2207 613 2270 sed
640 2205 729 2269 illius
760 2207 794 2270 in
820 2229 917 2289 quem
938 2208 1058 2289 credit,
1088 2210 1123 2271 id
1149 2220 1211 2287 cst,

101 2291 241 2354 Diaboli.
282 2293 364 2352 Nam
388 2293 428 2353 de
451 2291 590 2352 Domino
617 2298 727 2351 nostro
748 2291 902 2373 scriptum
921 2298 989 2351 esta
1008 2291 1123 2353 Omnia
1148 2313 1210 2379 pet

100 2379 204 2462 ipsum
217 2373 311 2454 sacta
338 2387 420 2436 sunt.
463 2373 617 2456 Quisquis
636 2393 712 2455 ergo
736 2373 861 2457 aliquid
886 2373 998 2434 eredit
1013 2396 1106 2457 posse
1127 2374 1222 2454 lieri,¹

100 2468 156 2518 aut
182 2458 323 2538 aliquam
344 2467 522 2519 creaturam
539 2456 579 2516 in¹
592 2455 707 2516 melius
731 2465 786 2516 aut
808 2456 949 2518 deterius
970 2455 1132 2518 immutari
1153 2466 1210 2518 aut
1247 2497 1250 2502 .

100 2539 320 2600 transformari
350 2540 384 2599 iu
415 2541 510 2599 aliam
533 2538 673 2620 speciem
697 2537 747 2600 vel
780 2537 1044 2615 similitudinem,
1082 2539 1146 2601 uisi
1169 2540 1209 2600 ab

99 2625 167 2704 ipso
194 2624 364 2699 Creatore,
394 2623 451 2705 qui
476 2623 583 2681 omnia
607 2617 766 2699 fecit,'et
784 2643 844 2707 per
867 2639 965 2708 quem
990 2620 1098 2683 omnia
1125 2623 1210 2685 facta

99 2714 192 2781 sunt,
214 2703 430 2788 proculdubio
448 2703 590 2766 infidelis
617 2712 673 2764 est.

103 2836 143 2904 Ul
165 2839 199 2898 in
227 2836 470 2924 immunitatibus
497 2833 710 2896 Ecclesiarum
739 2835 868 2896 mallum
890 2839 939 2900 vel
959 2840 1113 2925 placitum
1143 2863 1206 2926 pue

371 2919 486 2981 blicam
513 2938 602 2978 tiemo
628 2929 732 2978 tenere
751 2935 944 3000 praesumat.

174 3033 269 3097 XIV.
310 3033 439 3096 Placuit
466 3042 501 3094 ut
534 3031 644 3095 nullus
670 3034 785 3096 Comes
816 3055 923 3120 neque
945 3040 1063 3123 aliquis
1092 3062 1133 3102 ex
1159 3041 1209 3102 iu·

99 3119 230 3192 ‹liearia¹
251 3124 408 3199 potestate
443 3117 577 3176 mallum
609 3126 665 3179 aut
698 3115 854 3198 placitum
883 3121 917 3181 in
950 3123 1207 3189 immunitatibus

99 3202 151 3261 vel
177 3199 264 3261 atriis
295 3198 516 3260 Ecclesiarum
535 3207 646 3260 tenere
665 3207 720 3260 aut
739 3221 931 3282 quemquam
954 3206 994 3268 de
1014 3207 1135 3268 familia
1159 3229 1211 3268 ea·

97 3284 239 3346 rundcm
271 3282 490 3343 Ecclesiarum
519 3300 713 3364 quacunque
751 3283 918 3348 occasione
947 3296 1005 3349 aut
1029 3290 1209 3351 temeritate

98 3365 257 3425 iniuriare
283 3373 470 3446 praesumat.
512 3366 609 3442 Quod
636 3365 662 3425 si
687 3366 821 3444 feeerit,
844 3367 988 3430 bannum
1010 3371 1209 3433 dominicum

97 3449 260 3531 persolvat
277 3455 309 3508 et
328 3447 460 3528 insuper
473 3450 546 3508 Deo
571 3458 603 3509 et
620 3447 784 3510 Ecclesiae
805 3470 901 3531 quam
919 3451 1013 3516 laesit
1028 3454 1207 3515 secundum

98 3529 287 3593 canonicam
307 3528 543 3590 iustitutionem
568 3528 601 3588 in
623 3530 772 3592 omnibus
800 3533 980 3596 satisfaciat.
1029 3537 1127 3613 Quod
1151 3535 1209 3597 eti·

14 3677 15 3680 Ἴ
98 3633 149 3672 arn
165 3613 193 3673 si
208 3615 315 3673 lacere
330 3611 502 3691 distulerit,
523 3613 645 3673 tamdiu
663 3636 681 3672 a
702 3625 799 3676 coctu
820 3613 966 3677 fidelium
990 3628 1137 3679 arceatur
1156 3621 1211 3681 do·

97 3717 160 3758 uec
176 3694 378 3780 poenitentia
404 3703 536 3779 accepta
561 3705 686 3758 reatum
709 3719 806 3778 quem
826 3700 987 3762 cummisit
1007 3704 1168 3764 emendet.

253 3815 257 3822 “
283 3811 332 3908 De
354 3810 475 3872 libertis
496 3809 693 3892 eae'sumiliu
719 3811 881 3874 Ecclesiae
900 3783 1012 3896 saitis.

336 3919 392 3980 Ex
414 3919 553 3981 Concilio
578 3919 742 3994 Toletano,
764 3943 834 4006 cap.
853 3923 984 3990 LXVII.

14 4076 16 4078 .
181 4025 254 4085 XV.
298 4025 332 4086 Si
358 4025 440 4086 nihil
463 4048 502 4087 ex
523 4027 655 4108 proprio
677 4029 849 4088 conferunt
867 4031 1054 4095 Sacerdotes
1083 4033 1134 4094 his
1152 4036 1209 4117 qui

15 4125 16 4128 ’
95 4129 153 4168 cos
175 4108 310 4185 faciunt,
334 4116 367 4186 et
389 4108 485 4189 siqui
508 4109 598 4168 nulla
617 4131 655 4170 ex
678 4112 774 4172 rebus
795 4113 861 4173 suis
882 4113 1076 4195 pauperihus
1090 4117 1210 4180 Christi

17 4262 18 4267 ἵ
95 4190 308 4267 distribuunt,
330 4191 452 4251 aeterni
473 4191 594 4253 ludicis
619 4214 697 4254 voce
717 4195 750 4254 in
772 4195 918 4255 futurum
942 4198 1210 4261 condemnabun-

17 4289 18 4292 ’
94 4283 169 4352 tur,
201 4284 322 4358 quanto
349 4273 447 4358 magis
473 4273 507 4338 hi
539 4275 595 4360 qui
626 4278 778 4339 auferunt
803 4278 998 4363 pauperibus
1027 4283 1115 4366 quod
1143 4305 1209 4346 non
