2658 4978
180 271 249 347 122
396 295 428 350 a.
451 291 532 351 cna.
633 291 870 350 carisomus
985 298 1046 352 aa.

177 435 220 496 tia
239 434 301 496 Dei
326 433 417 508 Rex,
440 441 472 492 et
486 428 655 514 Episcopi,
675 431 813 496 Abbates
829 453 974 517 quoque,
996 443 1029 514 et
1052 435 1212 513 Comites,
1235 458 1270 497 ac

178 517 295 578 caeteri
314 517 345 574 in
361 514 488 576 Christo
512 515 615 575 renati
640 513 771 593 fideles,
794 517 912 597 quiex
938 515 1070 578 diversis
1093 517 1272 600 provinciis

177 620 275 678 super
292 597 425 658 flurium
441 597 638 676 Sequanam,
660 597 693 655 in
712 599 819 658 locum
836 598 891 678 qui
917 600 1015 659 Pistis
1043 599 1180 678 dicitur,
1215 600 1273 660 ubi

177 681 377 761 exigentibus
393 677 530 760 peccatis
551 676 667 740 nostris
693 680 881 760 aliquandiu
900 681 989 742 sedes
1013 681 1074 741 fuit
1099 685 1273 744 Nortman-

178 785 302 838 norum,
312 761 520 821 convenimus
534 783 618 820 anno
637 761 868 823 Incarnationis
882 763 1068 825 Dominicae
1082 767 1271 838 necturus),

177 867 262 902 anno
281 867 356 903 vero
373 865 435 902 xxu
455 843 545 922 regni
564 843 682 906 Domni
706 844 806 904 nostri
824 845 936 904 Karoli
952 845 1047 927 Regis
1066 845 1209 928 gloriosi,
1221 845 1273 904 lu·

177 927 318 986 dictione
345 925 476 988 decima,

260 1009 281 1066 Ι.
323 1010 425 1088 Reges
447 1007 633 1088 etEpiscopi
657 1007 714 1086 qui
730 1016 803 1068 aute
819 1029 877 1069 uos
894 1007 1037 1086 fuerunt,
1053 1007 1142 1069 ducti
1163 1030 1271 1069 amore

176 1100 208 1150 et
224 1090 337 1149 timore
351 1091 480 1161 alirino,
504 1111 576 1148 cum
595 1097 793 1150 caeterorum
813 1090 957 1149 fidelium
973 1089 1035 1151 Dei
1064 1091 1201 1152 consilio
1220 1098 1273 1148 ‘at-

174 1195 237 1254 que
255 1194 413 1232 consensu
433 1171 524 1250 plura
552 1180 729 1232 statuerunt
757 1173 915 1252 capitula,
937 1172 1143 1253 providentes
1161 1172 1272 1254 quali·

174 1266 224 1315 ter
239 1265 345 1314 sancta
365 1251 425 1312 Dei
440 1252 582 1312 Ecclesia
605 1261 719 1312 statum
742 1254 884 1322 debitum
901 1262 933 1314 et
955 1254 1127 1329 honorem,
1151 1265 1184 1314 et
1205 1276 1272 1334 reg-

175 1336 208 1395 ni
229 1337 422 1394 habitatores
439 1334 581 1392 in'omni
600 1344 683 1393 statu
707 1345 740 1394 et
756 1336 868 1396 ordine
884 1335 1039 1396 haberent
1057 1336 1163 1416 legem
1176 1347 1271 1416 atque

175 1418 339 1480 iustitiam.
381 1418 444 1476 Nos
460 1417 574 1490 etiam,
596 1439 654 1496 pro
672 1417 824 1496 qualitate
849 1440 959 1478 rerum
980 1427 1013 1476 et
1033 1420 1270 1498 opportunitate

174 1510 373 1579 temporum,
396 1499 552 1578 quaedam
567 1498 644 1558 bule
666 1521 778 1561 causae
802 1499 1027 1560 convenientia
1050 1499 1199 1578 Capitula
1218 1521 1270 1558 su-

173 1582 421 1664 peradd'dimus.
463 1581 526 1640 Sed
547 1580 674 1640 diabolo
694 1591 853 1662 satagente
878 1581 1179 1662 supervenientibus
1196 1601 1269 1662 per-

173 1664 427 1738 turbationibus,
450 1672 513 1722 tam
531 1664 548 1722 ai
566 1663 699 1744 Paganis
714 1685 810 1744 quam
827 1661 987 1723 anemius
1006 1673 1101 1722 tenus
1118 1662 1270 1723 Christia-

174 1747 224 1806 nis
244 1745 469 1805 miserabiliter
488 1745 647 1821 excitatis,
671 1747 798 1822 incepta
830 1745 914 1804 bona
940 1745 1153 1822 defecerunt,
1184 1753 1216 1804 et
1238 1744 1267 1801 in

174 1837 296 1886 tantum
318 1827 350 1883 in
371 1827 432 1885 boo
445 1848 544 1906 reguo
564 1828 644 1886 mala
659 1827 827 1888 horribilia
849 1826 1078 1903 increverunt,
1101 1837 1137 1886 ut
1160 1827 1194 1885 in
1213 1846 1268 1883 no·

175 1910 225 1970 bis
248 1909 413 1968 videamus
429 1916 459 1966 ct
475 1908 647 1968 sentiamus
664 1912 858 1990 completum
870 1907 957 1989 quod
974 1907 1053 1967 olim
1069 1916 1117 1968 est
1130 1909 1269 1990 perPro·

174 1991 305 2074 phetam
327 1989 540 2068 praedictum:
565 1991 691 2050 Terram
716 2004 853 2050 vestram
868 1992 902 2050 in
924 2003 1089 2069 conspectu
1109 2003 1217 2049 oestro
1239 2011 1267 2046 a·

176 2075 253 2134 lieni
273 2071 442 2145 devorant,
465 2083 494 2129 et
515 2073 575 2130 erit
592 2074 669 2131 sicut
689 2075 722 2131 in
742 2075 887 2132 vastitate
909 2073 1036 2148 hostili,
1067 2079 1099 2131 et
1123 2069 1268 2152 pervenit

177 2154 301 2238 gladius
325 2174 424 2232 usque
445 2153 484 2210 ad
509 2154 658 2223 animam;
680 2155 825 2235 quoniam
855 2155 952 2213 alieni
975 2155 1216 2212 insurrexerunt
1235 2151 1263 2207 in

178 2259 255 2312 neS,
279 2248 308 2293 et
321 2235 425 2315 sortes
443 2237 639 2315 qrcaesierunt
659 2237 778 2294 calmas
798 2243 936 2310 nostras,
959 2248 988 2294 et
1011 2243 1084 2294 non*
1097 2253 1265 2316 proposue-

164 2331 248 2402 ,runt
267 2320 366 2376 Deum
383 2330 452 2374 ante
472 2328 666 2396 coraspectum
681 2338 789 2384 suum;
818 2325 929 2378 contra
949 2337 1028 2397 quos
1050 2315 1263 2376 defensionem

173 2400 374 2479 paravimus,
411 2397 466 2456 sed
498 2397 692 2458 detensionis
723 2398 861 2475 auxilio,
890 2397 971 2458 sicut
995 2419 1123 2458 necesse
1146 2399 1262 2470 fuerat,

173 2475 329 2544 hactenns
355 2476 456 2539 adiuti
480 2498 543 2536 non
564 2501 681 2539 sumus.
724 2481 817 2540 Unde
839 2481 1052 2561 compellente
1082 2479 1187 2539 cordis
1211 2476 1263 2535 do-

175 2566 244 2626 lore
265 2562 356 2621 nobis
373 2570 419 2620 est
437 2559 678 2620 exclamandum
693 2563 780 2642 quod
799 2565 867 2622 Rex
883 2562 1004 2637 bonus,
1027 2561 1202 2622 obsidionis
1215 2557 1263 2615 ari·

175 2646 295 2726 gossia,
317 2643 486 2702 tribulatus
514 2644 723 2720 exclamavit,
747 2643 874 2704 dicens:
907 2646 983 2703 Dies
1008 2643 1215 2704 tribulationis
1236 2649 1262 2696 et

175 2723 465 2808 blaspbemioedies
487 2725 554 2784 iste.
599 2726 757 2785 Venerunt
774 2724 870 2808 filiae
895 2745 990 2806 usque
1011 2724 1055 2782 ad
1069 2734 1217 2806 portum,
1236 2730 1262 2777 et

173 2813 258 2870 vires
274 2812 337 2866 non
355 2807 445 2866 babet
466 2809 655 2884 parturiens.
697 2807 782 2866 Haec
802 2807 907 2866 omnia
928 2807 1085 2880 vidimus,
1117 2805 1261 2865 sensimus

176 2900 210 2952 et
231 2891 391 2958 dolemus;
415 2887 491 2968 quia
521 2910 593 2947 cum
619 2888 724 2948 hostes
748 2888 928 2961 irruerunt,
961 2888 1147 2946 defensores
1172 2881 1261 2944 nostri

174 2973 276 3054 parati
299 2981 382 3046 suut,
407 2969 462 3028 sed
476 2969 713 3051 ad'praeparata
730 2992 793 3029 non
814 2971 1066 3029 convaluerunt:
1089 2967 1164 3047 quia
1178 2967 1261 3024 illum

174 3054 329 3134 Spiritum
351 3060 512 3123 sanctum,
535 3053 590 3130 qui
606 3049 762 3132 requievit
787 3073 883 3131 super
897 3052 1075 3111 adiutorem
1099 3051 1132 3106 in
1159 3066 1261 3128 oppor-

174 3133 381 3206 tunitatibus,
405 3132 438 3188 in
463 3132 689 3209 tribulatione,
720 3133 882 3192 Christum
904 3133 1079 3192 Dominum
1105 3141 1259 3198 nostrum,

177 3217 229 3278 vel
246 3237 343 3296 quem
357 3233 414 3294 per
434 3213 668 3293 impositionem
686 3236 796 3274 manus
808 3208 996 3294 episcopalis
1013 3213 1045 3270 in
1061 3209 1261 3291 consignatio-

175 3321 216 3359 ne
238 3297 435 3378 oecepimus,
458 3296 677 3354 contristatum
698 3297 845 3376 malignis
868 3297 1017 3377 operibus
1044 3293 1169 3352 anobis
1189 3290 1260 3350 etlu-

176 3381 334 3464 gavimus,
366 3377 519 3459 Spiritum
547 3376 671 3437 scilicet
692 3377 820 3437 consilii
853 3389 884 3437 et
916 3375 1129 3443 fortitudinis;
1174 3389 1260 3454 quem

175 3462 250 3544 quia
270 3463 362 3519 itaut
379 3459 468 3518 nobis
489 3479 616 3518 necesse
644 3459 747 3518 fuerat
769 3481 834 3518 non
862 3458 1032 3532 babemus,
1065 3457 1137 3516 ideo
1160 3463 1260 3515 contra

175 3544 320 3604 iuimicus
342 3550 464 3601 nostros
480 3551 561 3600 stare
586 3539 724 3598 viriliter
743 3551 775 3599 et
793 3541 920 3599 vincere
942 3541 1067 3598 fortiter
1092 3561 1157 3599 non
1183 3535 1258 3596 vale-

175 3649 253 3686 mus.
275 3629 365 3702 Quae
388 3633 521 3702 utraque
538 3621 596 3682 sibi
613 3623 790 3680 necessario
810 3631 884 3680 sunt
904 3622 1093 3690 coniuncta;
1116 3619 1258 3699 quiant-

176 3729 238 3792 que
254 3709 353 3767 virtus
366 3705 433 3763 sine
449 3703 593 3774 coasilio,
618 3724 677 3761 nec
694 3703 864 3762 consilium
878 3704 945 3762 sine
965 3703 1083 3762 virtute
1098 3702 1184 3761 utilis
1201 3714 1256 3758 csse

175 3799 290 3872 potest.
333 3786 419 3862 Quid
438 3785 535 3866 igitur
545 3793 678 3864 prosunt
698 3785 753 3864 qui
775 3806 833 3864 per
847 3784 1016 3844 consilium
1033 3791 1257 3862 praeparantur,

177 3865 479 3949 dumadpraelium
508 3887 565 3946 per
588 3867 809 3925 fortitudinem
843 3887 907 3925 nou
942 3865 1140 3946 procedunt?
1168 3861 1257 3922 Filiae

177 3949 296 4036 quippe
313 3971 412 4029 usquc
428 3949 468 4008 nd
483 3959 607 4028 partum
630 3949 784 4022 ueniunt,
807 3948 935 4028 quaudo
960 3957 1031 4028 apta
1060 3945 1190 4004 consilia
1213 3961 1257 4000 us·

177 4057 241 4117 que
262 4035 301 4094 ad
320 4030 514 4092 desiderium
526 4028 686 4091 efficiendi
704 4029 810 4114 operis
824 4029 1024 4112 procedunt5
1046 4027 1103 4088 sed
1122 4027 1258 4090 virtatem

181 4141 385 4158 -ffl--u

213 4212 242 4280 s)
259 4211 292 4260 al.
312 4226 373 4283 mss.
394 4204 496 4256 habent
510 4203 709 4257 Dcccuxm.
