<?xml version="1.0" encoding="UTF-8"?>
<!DOCTYPE html PUBLIC "-//W3C//DTD XHTML 1.0 Transitional//EN"
    "http://www.w3.org/TR/xhtml1/DTD/xhtml1-transitional.dtd">
<html xmlns="http://www.w3.org/1999/xhtml" xml:lang="en" lang="en">
 <head>
  <title>
</title>
<meta http-equiv="Content-Type" content="text/html;charset=utf-8" />
  <meta name='ocr-system' content='tesseract 3.04.00' />
  <meta name='ocr-capabilities' content='ocr_page ocr_carea ocr_par ocr_line ocrx_word'/>
</head>
<body>
  <div class='ocr_page' id='page_1' title='image "./corpusiurisgerm01visigoog_0307.png"; bbox 0 0 2746 4992; ppageno 0'>
   <div class='ocr_carea' id='block_1_1' title="bbox 193 311 967 392">
    <p class='ocr_par' dir='ltr' id='par_1_1' title="bbox 193 311 967 392">
     <span class='ocr_line' id='line_1_1' title="bbox 193 311 967 392; baseline 0.001 -6"><span class='ocrx_word' id='word_1_1' title='bbox 193 311 266 386; x_wconf 78' lang='grc'>296</span> <span class='ocrx_word' id='word_1_2' title='bbox 505 329 687 387; x_wconf 73' lang='lat' dir='ltr'>utacum</span> <span class='ocrx_word' id='word_1_3' title='bbox 721 329 967 392; x_wconf 71' lang='lat' dir='ltr'>nonnullum</span> 
     </span>
    </p>
   </div>
   <div class='ocr_carea' id='block_1_2' title="bbox 181 468 1347 2864">
    <p class='ocr_par' dir='ltr' id='par_1_2' title="bbox 181 468 1347 2864">
     <span class='ocr_line' id='line_1_2' title="bbox 194 468 1281 556; baseline 0 -24"><span class='ocrx_word' id='word_1_4' title='bbox 194 491 273 532; x_wconf 93' lang='lat' dir='ltr'>nere</span> <span class='ocrx_word' id='word_1_5' title='bbox 297 468 406 554; x_wconf 82' lang='lat' dir='ltr'>regio,</span> <span class='ocrx_word' id='word_1_6' title='bbox 435 476 491 534; x_wconf 88' lang='lat' dir='ltr'>aul</span> <span class='ocrx_word' id='word_1_7' title='bbox 521 470 560 532; x_wconf 86' lang='lat' dir='ltr'>do</span> <span class='ocrx_word' id='word_1_8' title='bbox 594 469 688 536; x_wconf 78' lang='lat' dir='ltr'>alode</span> <span class='ocrx_word' id='word_1_9' title='bbox 715 483 902 556; x_wconf 88' lang='lat' dir='ltr'>parentum,</span> <span class='ocrx_word' id='word_1_10' title='bbox 931 471 984 534; x_wconf 90' lang='lat' dir='ltr'>vel</span> <span class='ocrx_word' id='word_1_11' title='bbox 1012 471 1223 554; x_wconf 87' lang='lat' dir='ltr'>undecunque</span> <span class='ocrx_word' id='word_1_12' title='bbox 1246 473 1281 532; x_wconf 87' lang='lat' dir='ltr'>ad</span> 
     </span>
     <span class='ocr_line' id='line_1_3' title="bbox 192 551 1282 638; baseline -0.003 -24"><span class='ocrx_word' id='word_1_13' title='bbox 192 575 345 638; x_wconf 76' lang='lat' dir='ltr'><strong>praesens</strong></span> <span class='ocrx_word' id='word_1_14' title='bbox 372 551 484 614; x_wconf 83' lang='lat' dir='ltr'>tenere</span> <span class='ocrx_word' id='word_1_15' title='bbox 511 553 656 631; x_wconf 85' lang='lat' dir='ltr'>videtur,</span> <span class='ocrx_word' id='word_1_16' title='bbox 677 575 750 616; x_wconf 88' lang='lat' dir='ltr'>cum</span> <span class='ocrx_word' id='word_1_17' title='bbox 778 557 890 636; x_wconf 82' lang='lat' dir='ltr'>terris,</span> <span class='ocrx_word' id='word_1_18' title='bbox 913 554 1075 632; x_wconf 87' lang='lat' dir='ltr'><strong>domibus,</strong></span> <span class='ocrx_word' id='word_1_19' title='bbox 1098 567 1130 618; x_wconf 91' lang='lat' dir='ltr'>et</span> <span class='ocrx_word' id='word_1_20' title='bbox 1157 561 1282 616; x_wconf 88' lang='lat' dir='ltr'>caetera.</span> 
     </span>
     <span class='ocr_line' id='line_1_4' title="bbox 194 633 1282 720; baseline -0.005 -22"><span class='ocrx_word' id='word_1_21' title='bbox 194 637 351 698; x_wconf 76' lang='lat' dir='ltr'>Similiter</span> <span class='ocrx_word' id='word_1_22' title='bbox 379 633 412 696; x_wconf 89' lang='lat' dir='ltr'>in</span> <span class='ocrx_word' id='word_1_23' title='bbox 443 637 702 718; x_wconf 74' lang='lat' dir='ltr'>compensatione</span> <span class='ocrx_word' id='word_1_24' title='bbox 733 659 844 700; x_wconf 87' lang='lat' dir='ltr'>rerum</span> <span class='ocrx_word' id='word_1_25' title='bbox 875 637 964 700; x_wconf 84' lang='lat' dir='ltr'>dedit</span> <span class='ocrx_word' id='word_1_26' title='bbox 984 637 1148 720; x_wconf 88' lang='lat' dir='ltr'>praedicta</span> <span class='ocrx_word' id='word_1_27' title='bbox 1171 637 1282 697; x_wconf 86' lang='lat' dir='ltr'>semina</span> 
     </span>
     <span class='ocr_line' id='line_1_5' title="bbox 194 717 1283 803; baseline -0.002 -23"><span class='ocrx_word' id='word_1_28' title='bbox 194 718 358 780; x_wconf 77' lang='lat' dir='ltr'>uritedicto</span> <span class='ocrx_word' id='word_1_29' title='bbox 377 717 476 800; x_wconf 80' lang='lat' dir='ltr'>iugali</span> <span class='ocrx_word' id='word_1_30' title='bbox 500 739 558 780; x_wconf 90' lang='lat' dir='ltr'>suo</span> <span class='ocrx_word' id='word_1_31' title='bbox 584 718 643 779; x_wconf 92' lang='lat' dir='ltr'>illo</span> <span class='ocrx_word' id='word_1_32' title='bbox 669 718 761 782; x_wconf 82' lang='lat' dir='ltr'>villas</span> <span class='ocrx_word' id='word_1_33' title='bbox 787 731 1011 803; x_wconf 78' lang='lat' dir='ltr'>nuncupantes</span> <span class='ocrx_word' id='word_1_34' title='bbox 1043 721 1132 796; x_wconf 89' lang='lat' dir='ltr'>illas,</span> <span class='ocrx_word' id='word_1_35' title='bbox 1161 720 1232 780; x_wconf 85' lang='lat' dir='ltr'>sitas</span> <span class='ocrx_word' id='word_1_36' title='bbox 1254 721 1283 778; x_wconf 93' lang='lat' dir='ltr'>in</span> 
     </span>
     <span class='ocr_line' id='line_1_6' title="bbox 192 800 1284 886; baseline 0.001 -26"><span class='ocrx_word' id='word_1_37' title='bbox 192 823 274 886; x_wconf 82' lang='lat' dir='ltr'>pago</span> <span class='ocrx_word' id='word_1_38' title='bbox 294 801 369 877; x_wconf 92' lang='lat' dir='ltr'>illo,</span> <span class='ocrx_word' id='word_1_39' title='bbox 391 821 465 860; x_wconf 88' lang='lat' dir='ltr'>cum</span> <span class='ocrx_word' id='word_1_40' title='bbox 485 800 601 878; x_wconf 89' lang='lat' dir='ltr'>terris,</span> <span class='ocrx_word' id='word_1_41' title='bbox 624 809 657 862; x_wconf 92' lang='lat' dir='ltr'>et</span> <span class='ocrx_word' id='word_1_42' title='bbox 672 811 820 880; x_wconf 88' lang='lat' dir='ltr'>caetera,</span> <span class='ocrx_word' id='word_1_43' title='bbox 842 825 899 865; x_wconf 83' lang='lat' dir='ltr'>seu</span> <span class='ocrx_word' id='word_1_44' title='bbox 917 802 1076 884; x_wconf 88' lang='lat' dir='ltr'>praesidio</span> <span class='ocrx_word' id='word_1_45' title='bbox 1099 803 1210 863; x_wconf 83' lang='lat' dir='ltr'>domus</span> <span class='ocrx_word' id='word_1_46' title='bbox 1234 823 1284 861; x_wconf 94' lang='lat' dir='ltr'>eo·</span> 
     </span>
     <span class='ocr_line' id='line_1_7' title="bbox 190 885 1284 967; baseline -0.004 -21"><span class='ocrx_word' id='word_1_47' title='bbox 190 907 275 963; x_wconf 90' lang='lat' dir='ltr'>rum,</span> <span class='ocrx_word' id='word_1_48' title='bbox 297 892 464 965; x_wconf 83' lang='lat' dir='ltr'>argentum</span> <span class='ocrx_word' id='word_1_49' title='bbox 485 893 517 944; x_wconf 92' lang='lat' dir='ltr'>et</span> <span class='ocrx_word' id='word_1_50' title='bbox 533 903 657 962; x_wconf 86' lang='lat' dir='ltr'>aurum,</span> <span class='ocrx_word' id='word_1_51' title='bbox 678 885 900 964; x_wconf 82' lang='lat' dir='ltr'>fabricaturas,</span> <span class='ocrx_word' id='word_1_52' title='bbox 921 886 1068 967; x_wconf 88' lang='lat' dir='ltr'>drappos,</span> <span class='ocrx_word' id='word_1_53' title='bbox 1090 887 1284 960; x_wconf 86' lang='lat' dir='ltr'>vestimenta,</span> 
     </span>
     <span class='ocr_line' id='line_1_8' title="bbox 191 965 1346 1052; baseline -0.002 -24"><span class='ocrx_word' id='word_1_54' title='bbox 191 968 243 1029; x_wconf 76' lang='lat' dir='ltr'>vel</span> <span class='ocrx_word' id='word_1_55' title='bbox 263 987 357 1028; x_wconf 90' lang='lat' dir='ltr'>omne</span> <span class='ocrx_word' id='word_1_56' title='bbox 377 965 579 1048; x_wconf 83' lang='lat' dir='ltr'>supellectile</span> <span class='ocrx_word' id='word_1_57' title='bbox 594 986 723 1044; x_wconf 89' lang='lat' dir='ltr'>eorum,</span> <span class='ocrx_word' id='word_1_58' title='bbox 745 989 817 1052; x_wconf 90' lang='lat' dir='ltr'>pars</span> <span class='ocrx_word' id='word_1_59' title='bbox 834 967 918 1051; x_wconf 89' lang='lat' dir='ltr'>parti</span> <span class='ocrx_word' id='word_1_60' title='bbox 937 987 998 1048; x_wconf 85' lang='lat' dir='ltr'>per</span> <span class='ocrx_word' id='word_1_61' title='bbox 1012 989 1110 1026; x_wconf 88' lang='lat' dir='ltr'>mana</span> <span class='ocrx_word' id='word_1_62' title='bbox 1126 968 1285 1028; x_wconf 76' lang='lat' dir='ltr'>nosti-avi·</span> <span class='ocrx_word' id='word_1_63' title='bbox 1345 989 1346 1020; x_wconf 67' lang='lat' dir='ltr'>l</span> 
     </span>
     <span class='ocr_line' id='line_1_9' title="bbox 194 1047 1346 1133; baseline 0.002 -26"><span class='ocrx_word' id='word_1_64' title='bbox 194 1048 220 1114; x_wconf 85' lang='lat' dir='ltr'>si</span> <span class='ocrx_word' id='word_1_65' title='bbox 237 1057 314 1110; x_wconf 88' lang='lat' dir='ltr'>sunt</span> <span class='ocrx_word' id='word_1_66' title='bbox 327 1049 539 1120; x_wconf 89' lang='lat' dir='ltr'>condonasse;</span> <span class='ocrx_word' id='word_1_67' title='bbox 557 1047 600 1106; x_wconf 87' lang='lat' dir='ltr'>ita</span> <span class='ocrx_word' id='word_1_68' title='bbox 619 1058 655 1108; x_wconf 92' lang='lat' dir='ltr'>nt</span> <span class='ocrx_word' id='word_1_69' title='bbox 669 1048 745 1111; x_wconf 89' lang='lat' dir='ltr'>dom</span> <span class='ocrx_word' id='word_1_70' title='bbox 759 1051 879 1133; x_wconf 89' lang='lat' dir='ltr'>pariter</span> <span class='ocrx_word' id='word_1_71' title='bbox 893 1049 1076 1110; x_wconf 77' lang='lat' dir='ltr'>advixerint</span> <span class='ocrx_word' id='word_1_72' title='bbox 1094 1051 1128 1109; x_wconf 88' lang='lat' dir='ltr'>in</span> <span class='ocrx_word' id='word_1_73' title='bbox 1142 1051 1231 1110; x_wconf 89' lang='lat' dir='ltr'>bunc</span> <span class='ocrx_word' id='word_1_74' title='bbox 1245 1071 1286 1110; x_wconf 90' lang='lat' dir='ltr'>se·</span> <span class='ocrx_word' id='word_1_75' title='bbox 1345 1067 1346 1072; x_wconf 74' lang='grc'>’</span> 
     </span>
     <span class='ocr_line' id='line_1_10' title="bbox 192 1131 1286 1215; baseline 0 -24"><span class='ocrx_word' id='word_1_76' title='bbox 192 1131 318 1208; x_wconf 90' lang='lat' dir='ltr'>culum,</span> <span class='ocrx_word' id='word_1_77' title='bbox 340 1151 452 1192; x_wconf 88' lang='lat' dir='ltr'>omncs</span> <span class='ocrx_word' id='word_1_78' title='bbox 473 1152 524 1192; x_wconf 89' lang='lat' dir='ltr'>res</span> <span class='ocrx_word' id='word_1_79' title='bbox 547 1133 830 1215; x_wconf 84' lang='lat' dir='ltr'>suprascriptas&#39;ab</span> <span class='ocrx_word' id='word_1_80' title='bbox 857 1141 1010 1212; x_wconf 91' lang='lat' dir='ltr'>utrasque</span> <span class='ocrx_word' id='word_1_81' title='bbox 1040 1142 1144 1214; x_wconf 87' lang='lat' dir='ltr'>parles</span> <span class='ocrx_word' id='word_1_82' title='bbox 1172 1131 1286 1214; x_wconf 87' lang='lat' dir='ltr'>pariter</span> 
     </span>
     <span class='ocr_line' id='line_1_11' title="bbox 192 1213 1283 1298; baseline -0.004 -22"><span class='ocrx_word' id='word_1_83' title='bbox 192 1214 331 1276; x_wconf 88' lang='lat' dir='ltr'>debeant</span> <span class='ocrx_word' id='word_1_84' title='bbox 373 1213 534 1288; x_wconf 76' lang='lat' dir='ltr'>assidere3</span> <span class='ocrx_word' id='word_1_85' title='bbox 556 1215 609 1276; x_wconf 79' lang='lat' dir='ltr'>rel</span> <span class='ocrx_word' id='word_1_86' title='bbox 624 1214 650 1276; x_wconf 92' lang='lat' dir='ltr'>si</span> <span class='ocrx_word' id='word_1_87' title='bbox 681 1217 728 1278; x_wconf 90' lang='lat' dir='ltr'>eis</span> <span class='ocrx_word' id='word_1_88' title='bbox 756 1237 814 1298; x_wconf 92' lang='lat' dir='ltr'>pro</span> <span class='ocrx_word' id='word_1_89' title='bbox 838 1215 1003 1277; x_wconf 79' lang='lat' dir='ltr'>animabus</span> <span class='ocrx_word' id='word_1_90' title='bbox 1030 1236 1144 1277; x_wconf 89' lang='lat' dir='ltr'>eorum</span> <span class='ocrx_word' id='word_1_91' title='bbox 1168 1213 1283 1296; x_wconf 90' lang='lat' dir='ltr'>aliquid</span> 
     </span>
     <span class='ocr_line' id='line_1_12' title="bbox 192 1236 1283 1376; baseline -0.002 -18"><span class='ocrx_word' id='word_1_92' title='bbox 192 1297 310 1358; x_wconf 79' lang='lat' dir='ltr'>exinde</span> <span class='ocrx_word' id='word_1_93' title='bbox 330 1236 371 1358; x_wconf 71' lang='lat' dir='ltr'>ad</span> <span class='ocrx_word' id='word_1_94' title='bbox 391 1297 461 1358; x_wconf 83' lang='lat' dir='ltr'>loca</span> <span class='ocrx_word' id='word_1_95' title='bbox 481 1295 671 1358; x_wconf 89' lang='lat' dir='ltr'>Sanctorum</span> <span class='ocrx_word' id='word_1_96' title='bbox 690 1297 765 1360; x_wconf 89' lang='lat' dir='ltr'>dare</span> <span class='ocrx_word' id='word_1_97' title='bbox 783 1297 1012 1376; x_wconf 79' lang='lat' dir='ltr'>decreverint,</span> <span class='ocrx_word' id='word_1_98' title='bbox 1034 1297 1213 1358; x_wconf 88' lang='lat' dir='ltr'>voluntatis</span> <span class='ocrx_word' id='word_1_99' title='bbox 1235 1319 1283 1358; x_wconf 91' lang='lat' dir='ltr'>eo-</span> 
     </span>
     <span class='ocr_line' id='line_1_13' title="bbox 187 1378 1283 1463; baseline -0.004 -22"><span class='ocrx_word' id='word_1_100' title='bbox 187 1401 260 1441; x_wconf 89' lang='lat' dir='ltr'>rum</span> <span class='ocrx_word' id='word_1_101' title='bbox 275 1378 413 1440; x_wconf 89' lang='lat' dir='ltr'>liberum</span> <span class='ocrx_word' id='word_1_102' title='bbox 432 1387 559 1440; x_wconf 83' lang='lat' dir='ltr'>maneat</span> <span class='ocrx_word' id='word_1_103' title='bbox 578 1380 762 1454; x_wconf 73' lang='lat' dir='ltr'>arbitrium3</span> <span class='ocrx_word' id='word_1_104' title='bbox 784 1380 891 1462; x_wconf 85' lang='lat' dir='ltr'>etqui</span> <span class='ocrx_word' id='word_1_105' title='bbox 916 1381 986 1460; x_wconf 90' lang='lat' dir='ltr'>pari</span> <span class='ocrx_word' id='word_1_106' title='bbox 1015 1402 1074 1442; x_wconf 91' lang='lat' dir='ltr'>suo</span> <span class='ocrx_word' id='word_1_107' title='bbox 1098 1403 1139 1443; x_wconf 86' lang='lat' dir='ltr'>ex</span> <span class='ocrx_word' id='word_1_108' title='bbox 1155 1378 1235 1463; x_wconf 90' lang='lat' dir='ltr'>ipsis</span> <span class='ocrx_word' id='word_1_109' title='bbox 1256 1379 1283 1437; x_wconf 92' lang='lat' dir='ltr'>in</span> 
     </span>
     <span class='ocr_line' id='line_1_14' title="bbox 187 1461 1283 1545; baseline -0.003 -22"><span class='ocrx_word' id='word_1_110' title='bbox 187 1462 277 1525; x_wconf 88' lang='lat' dir='ltr'>bunc</span> <span class='ocrx_word' id='word_1_111' title='bbox 294 1462 438 1526; x_wconf 80' lang='lat' dir='ltr'>seculum</span> <span class='ocrx_word' id='word_1_112' title='bbox 457 1462 631 1542; x_wconf 86' lang='lat' dir='ltr'>supprestis</span> <span class='ocrx_word' id='word_1_113' title='bbox 652 1463 807 1540; x_wconf 81' lang='lat' dir='ltr'>extiterit,</span> <span class='ocrx_word' id='word_1_114' title='bbox 829 1463 979 1524; x_wconf 89' lang='lat' dir='ltr'>ambabus</span> <span class='ocrx_word' id='word_1_115' title='bbox 1004 1463 1111 1541; x_wconf 88' lang='lat' dir='ltr'>rebus,</span> <span class='ocrx_word' id='word_1_116' title='bbox 1146 1461 1283 1545; x_wconf 88' lang='lat' dir='ltr'>quaudiu</span> 
     </span>
     <span class='ocr_line' id='line_1_15' title="bbox 189 1544 1283 1628; baseline 0.002 -23"><span class='ocrx_word' id='word_1_117' title='bbox 189 1544 369 1620; x_wconf 84' lang='lat' dir='ltr'>advixerit,</span> <span class='ocrx_word' id='word_1_118' title='bbox 401 1545 636 1606; x_wconf 84' lang='lat' dir='ltr'>usufructuario</span> <span class='ocrx_word' id='word_1_119' title='bbox 669 1546 783 1608; x_wconf 85' lang='lat' dir='ltr'>ordine</span> <span class='ocrx_word' id='word_1_120' title='bbox 812 1545 927 1608; x_wconf 89' lang='lat' dir='ltr'>debeat</span> <span class='ocrx_word' id='word_1_121' title='bbox 956 1545 1134 1628; x_wconf 84' lang='lat' dir='ltr'>possidere;</span> <span class='ocrx_word' id='word_1_122' title='bbox 1165 1551 1283 1628; x_wconf 80' lang='lat' dir='ltr'>etpost</span> 
     </span>
     <span class='ocr_line' id='line_1_16' title="bbox 189 1626 1281 1710; baseline 0 -24"><span class='ocrx_word' id='word_1_123' title='bbox 189 1628 352 1687; x_wconf 89' lang='lat' dir='ltr'>amborum</span> <span class='ocrx_word' id='word_1_124' title='bbox 368 1626 407 1690; x_wconf 89' lang='lat' dir='ltr'>de</span> <span class='ocrx_word' id='word_1_125' title='bbox 421 1627 481 1688; x_wconf 89' lang='lat' dir='ltr'>hac</span> <span class='ocrx_word' id='word_1_126' title='bbox 502 1627 575 1688; x_wconf 91' lang='lat' dir='ltr'>luce</span> <span class='ocrx_word' id='word_1_127' title='bbox 602 1628 795 1706; x_wconf 87' lang='lat' dir='ltr'>discessum,</span> <span class='ocrx_word' id='word_1_128' title='bbox 823 1628 906 1690; x_wconf 84' lang='lat' dir='ltr'>sicut</span> <span class='ocrx_word' id='word_1_129' title='bbox 934 1649 1047 1688; x_wconf 91' lang='lat' dir='ltr'>eorum</span> <span class='ocrx_word' id='word_1_130' title='bbox 1070 1627 1281 1710; x_wconf 79' lang='lat' dir='ltr'>delegatioues</span> 
     </span>
     <span class='ocr_line' id='line_1_17' title="bbox 190 1709 1281 1791; baseline -0.005 -19"><span class='ocrx_word' id='word_1_131' title='bbox 190 1709 419 1786; x_wconf 89' lang='lat' dir='ltr'>continentur,</span> <span class='ocrx_word' id='word_1_132' title='bbox 440 1719 505 1770; x_wconf 88' lang='lat' dir='ltr'>tam</span> <span class='ocrx_word' id='word_1_133' title='bbox 519 1710 559 1769; x_wconf 91' lang='lat' dir='ltr'>ad</span> <span class='ocrx_word' id='word_1_134' title='bbox 583 1711 652 1770; x_wconf 90' lang='lat' dir='ltr'>loca</span> <span class='ocrx_word' id='word_1_135' title='bbox 675 1711 865 1772; x_wconf 90' lang='lat' dir='ltr'>Sanctorum</span> <span class='ocrx_word' id='word_1_136' title='bbox 886 1731 982 1791; x_wconf 90' lang='lat' dir='ltr'>quam</span> <span class='ocrx_word' id='word_1_137' title='bbox 1005 1710 1218 1773; x_wconf 86' lang='lat' dir='ltr'>benemeritis</span> <span class='ocrx_word' id='word_1_138' title='bbox 1240 1709 1281 1770; x_wconf 84' lang='lat' dir='ltr'>vel</span> 
     </span>
     <span class='ocr_line' id='line_1_18' title="bbox 188 1792 1282 1876; baseline -0.003 -22"><span class='ocrx_word' id='word_1_139' title='bbox 188 1813 300 1854; x_wconf 89' lang='lat' dir='ltr'>eornm</span> <span class='ocrx_word' id='word_1_140' title='bbox 319 1792 511 1874; x_wconf 88' lang='lat' dir='ltr'>propinquis</span> <span class='ocrx_word' id='word_1_141' title='bbox 532 1792 670 1854; x_wconf 90' lang='lat' dir='ltr'>debeant</span> <span class='ocrx_word' id='word_1_142' title='bbox 700 1803 863 1858; x_wconf 83' lang='lat' dir='ltr'>revertere</span> <span class='ocrx_word' id='word_1_143' title='bbox 888 1792 1064 1854; x_wconf 85' lang='lat' dir='ltr'>heredibus</span> <span class='ocrx_word' id='word_1_144' title='bbox 1092 1802 1159 1853; x_wconf 87' lang='lat' dir='ltr'>tam</span> <span class='ocrx_word' id='word_1_145' title='bbox 1177 1814 1282 1876; x_wconf 89' lang='lat' dir='ltr'>supra·</span> 
     </span>
     <span class='ocr_line' id='line_1_19' title="bbox 189 1874 1281 1959; baseline -0.001 -24"><span class='ocrx_word' id='word_1_146' title='bbox 189 1874 323 1957; x_wconf 90' lang='lat' dir='ltr'>scriptas</span> <span class='ocrx_word' id='word_1_147' title='bbox 342 1874 435 1935; x_wconf 89' lang='lat' dir='ltr'>villas</span> <span class='ocrx_word' id='word_1_148' title='bbox 452 1897 548 1956; x_wconf 90' lang='lat' dir='ltr'>quam</span> <span class='ocrx_word' id='word_1_149' title='bbox 568 1885 601 1936; x_wconf 88' lang='lat' dir='ltr'>et</span> <span class='ocrx_word' id='word_1_150' title='bbox 619 1875 660 1936; x_wconf 91' lang='lat' dir='ltr'>de</span> <span class='ocrx_word' id='word_1_151' title='bbox 687 1875 847 1959; x_wconf 91' lang='lat' dir='ltr'>praesidio</span> <span class='ocrx_word' id='word_1_152' title='bbox 876 1897 1004 1952; x_wconf 88' lang='lat' dir='ltr'>eorum,</span> <span class='ocrx_word' id='word_1_153' title='bbox 1036 1876 1197 1958; x_wconf 90' lang='lat' dir='ltr'>quicquid</span> <span class='ocrx_word' id='word_1_154' title='bbox 1221 1897 1281 1935; x_wconf 90' lang='lat' dir='ltr'>mc-</span> 
     </span>
     <span class='ocr_line' id='line_1_20' title="bbox 185 1957 1281 2042; baseline -0.002 -24"><span class='ocrx_word' id='word_1_155' title='bbox 185 1957 306 2018; x_wconf 86' lang='lat' dir='ltr'>ricntes</span> <span class='ocrx_word' id='word_1_156' title='bbox 323 1957 526 2038; x_wconf 87' lang='lat' dir='ltr'>reliquerint.</span> <span class='ocrx_word' id='word_1_157' title='bbox 566 1959 740 2040; x_wconf 81' lang='lat' dir='ltr'>Propterea</span> <span class='ocrx_word' id='word_1_158' title='bbox 763 1980 822 2042; x_wconf 93' lang='lat' dir='ltr'>per</span> <span class='ocrx_word' id='word_1_159' title='bbox 851 1967 1052 2040; x_wconf 84' lang='lat' dir='ltr'>praesentem</span> <span class='ocrx_word' id='word_1_160' title='bbox 1081 1967 1281 2041; x_wconf 88' lang='lat' dir='ltr'>praeceptum</span> 
     </span>
     <span class='ocr_line' id='line_1_21' title="bbox 186 2039 1281 2124; baseline -0.002 -24"><span class='ocrx_word' id='word_1_161' title='bbox 186 2039 389 2101; x_wconf 88' lang='lat' dir='ltr'>decernimus</span> <span class='ocrx_word' id='word_1_162' title='bbox 409 2062 445 2102; x_wconf 88' lang='lat' dir='ltr'>ac</span> <span class='ocrx_word' id='word_1_163' title='bbox 465 2041 611 2102; x_wconf 90' lang='lat' dir='ltr'>iubemus</span> <span class='ocrx_word' id='word_1_164' title='bbox 630 2050 666 2102; x_wconf 88' lang='lat' dir='ltr'>ut</span> <span class='ocrx_word' id='word_1_165' title='bbox 681 2041 757 2101; x_wconf 90' lang='lat' dir='ltr'>dnm</span> <span class='ocrx_word' id='word_1_166' title='bbox 774 2041 883 2105; x_wconf 90' lang='lat' dir='ltr'>taliter</span> <span class='ocrx_word' id='word_1_167' title='bbox 904 2041 1128 2124; x_wconf 89' lang='lat' dir='ltr'>suprascriptis</span> <span class='ocrx_word' id='word_1_168' title='bbox 1150 2042 1218 2102; x_wconf 91' lang='lat' dir='ltr'>illis</span> <span class='ocrx_word' id='word_1_169' title='bbox 1238 2041 1281 2100; x_wconf 86' lang='lat' dir='ltr'>de·</span> 
     </span>
     <span class='ocr_line' id='line_1_22' title="bbox 185 2120 1347 2205; baseline 0.001 -25"><span class='ocrx_word' id='word_1_170' title='bbox 185 2120 471 2199; x_wconf 83' lang='lat' dir='ltr'>crevitvoluntas,</span> <span class='ocrx_word' id='word_1_171' title='bbox 503 2135 535 2185; x_wconf 85' lang='lat' dir='ltr'>et</span> <span class='ocrx_word' id='word_1_172' title='bbox 556 2145 615 2205; x_wconf 91' lang='lat' dir='ltr'>per</span> <span class='ocrx_word' id='word_1_173' title='bbox 644 2145 742 2184; x_wconf 89' lang='lat' dir='ltr'>manu</span> <span class='ocrx_word' id='word_1_174' title='bbox 769 2133 877 2184; x_wconf 89' lang='lat' dir='ltr'>nostra</span> <span class='ocrx_word' id='word_1_175' title='bbox 902 2122 1043 2184; x_wconf 87' lang='lat' dir='ltr'>invicem</span> <span class='ocrx_word' id='word_1_176' title='bbox 1070 2124 1280 2185; x_wconf 88' lang='lat' dir='ltr'>condonatum</span> <span class='ocrx_word' id='word_1_177' title='bbox 1346 2145 1347 2160; x_wconf 59' lang='lat'>¹</span> 
     </span>
     <span class='ocr_line' id='line_1_23' title="bbox 184 2202 1347 2290; baseline 0.002 -28"><span class='ocrx_word' id='word_1_178' title='bbox 184 2224 252 2263; x_wconf 91' lang='lat' dir='ltr'>esse</span> <span class='ocrx_word' id='word_1_179' title='bbox 273 2202 470 2282; x_wconf 89' lang='lat' dir='ltr'>dinoscitur,</span> <span class='ocrx_word' id='word_1_180' title='bbox 492 2227 551 2287; x_wconf 90' lang='lat' dir='ltr'>per</span> <span class='ocrx_word' id='word_1_181' title='bbox 568 2206 655 2267; x_wconf 91' lang='lat' dir='ltr'>bunc</span> <span class='ocrx_word' id='word_1_182' title='bbox 667 2215 873 2290; x_wconf 90' lang='lat' dir='ltr'>praeceptum</span> <span class='ocrx_word' id='word_1_183' title='bbox 885 2206 1104 2268; x_wconf 88' lang='lat' dir='ltr'>robustissimo</span> <span class='ocrx_word' id='word_1_184' title='bbox 1125 2206 1200 2269; x_wconf 89' lang='lat' dir='ltr'>iure</span> <span class='ocrx_word' id='word_1_185' title='bbox 1224 2207 1278 2267; x_wconf 82' lang='lat' dir='ltr'>suf·</span> <span class='ocrx_word' id='word_1_186' title='bbox 1346 2213 1347 2218; x_wconf 76' lang='grc'>’</span> 
     </span>
     <span class='ocr_line' id='line_1_24' title="bbox 182 2285 1277 2370; baseline 0.003 -27"><span class='ocrx_word' id='word_1_187' title='bbox 182 2285 302 2344; x_wconf 84' lang='lat' dir='ltr'>fultum</span> <span class='ocrx_word' id='word_1_188' title='bbox 323 2295 418 2367; x_wconf 89' lang='lat' dir='ltr'>atque</span> <span class='ocrx_word' id='word_1_189' title='bbox 437 2287 616 2364; x_wconf 83' lang='lat' dir='ltr'>firmatum,</span> <span class='ocrx_word' id='word_1_190' title='bbox 638 2287 794 2370; x_wconf 88' lang='lat' dir='ltr'>quicquid</span> <span class='ocrx_word' id='word_1_191' title='bbox 813 2287 959 2368; x_wconf 91' lang='lat' dir='ltr'>superius</span> <span class='ocrx_word' id='word_1_192' title='bbox 982 2290 1183 2366; x_wconf 85' lang='lat' dir='ltr'>continetur,</span> <span class='ocrx_word' id='word_1_193' title='bbox 1200 2289 1277 2350; x_wconf 84' lang='lat' dir='ltr'>auxi·</span> 
     </span>
     <span class='ocr_line' id='line_1_25' title="bbox 184 2366 1274 2453; baseline 0.004 -28"><span class='ocrx_word' id='word_1_194' title='bbox 184 2366 284 2429; x_wconf 87' lang='lat' dir='ltr'>lianle</span> <span class='ocrx_word' id='word_1_195' title='bbox 306 2369 465 2447; x_wconf 89' lang='lat' dir='ltr'>Domino,</span> <span class='ocrx_word' id='word_1_196' title='bbox 488 2391 562 2432; x_wconf 89' lang='lat' dir='ltr'>cum</span> <span class='ocrx_word' id='word_1_197' title='bbox 576 2371 636 2431; x_wconf 85' lang='lat' dir='ltr'>Dei</span> <span class='ocrx_word' id='word_1_198' title='bbox 658 2380 690 2432; x_wconf 88' lang='lat' dir='ltr'>el</span> <span class='ocrx_word' id='word_1_199' title='bbox 710 2381 815 2432; x_wconf 87' lang='lat' dir='ltr'>nostra</span> <span class='ocrx_word' id='word_1_200' title='bbox 830 2369 929 2451; x_wconf 79' lang='lat' dir='ltr'>gratia</span> <span class='ocrx_word' id='word_1_201' title='bbox 956 2371 1069 2433; x_wconf 86' lang='lat' dir='ltr'>debeat</span> <span class='ocrx_word' id='word_1_202' title='bbox 1088 2374 1274 2453; x_wconf 86' lang='lat' dir='ltr'>perdurare;</span> 
     </span>
     <span class='ocr_line' id='line_1_26' title="bbox 182 2448 1275 2538; baseline 0.002 -29"><span class='ocrx_word' id='word_1_203' title='bbox 182 2448 228 2510; x_wconf 89' lang='lat' dir='ltr'>ita</span> <span class='ocrx_word' id='word_1_204' title='bbox 249 2458 285 2510; x_wconf 90' lang='lat' dir='ltr'>ut</span> <span class='ocrx_word' id='word_1_205' title='bbox 303 2451 392 2513; x_wconf 87' lang='lat' dir='ltr'>nulla</span> <span class='ocrx_word' id='word_1_206' title='bbox 411 2455 582 2536; x_wconf 78' lang='lat' dir='ltr'>refragatio</span> <span class='ocrx_word' id='word_1_207' title='bbox 602 2473 662 2514; x_wconf 90' lang='lat' dir='ltr'>nec</span> <span class='ocrx_word' id='word_1_208' title='bbox 679 2453 719 2514; x_wconf 92' lang='lat' dir='ltr'>de</span> <span class='ocrx_word' id='word_1_209' title='bbox 739 2462 826 2534; x_wconf 87' lang='lat' dir='ltr'>parte</span> <span class='ocrx_word' id='word_1_210' title='bbox 849 2452 916 2513; x_wconf 75' lang='lat' dir='ltr'>fisci</span> <span class='ocrx_word' id='word_1_211' title='bbox 931 2454 1044 2530; x_wconf 88' lang='lat' dir='ltr'>nostri,</span> <span class='ocrx_word' id='word_1_212' title='bbox 1059 2475 1120 2516; x_wconf 90' lang='lat' dir='ltr'>nec</span> <span class='ocrx_word' id='word_1_213' title='bbox 1138 2456 1156 2515; x_wconf 78' lang='lat' dir='ltr'>b</span> <span class='ocrx_word' id='word_1_214' title='bbox 1173 2475 1275 2538; x_wconf 89' lang='lat' dir='ltr'>paren·</span> 
     </span>
     <span class='ocr_line' id='line_1_27' title="bbox 181 2535 1273 2618; baseline 0.001 -26"><span class='ocrx_word' id='word_1_215' title='bbox 181 2535 266 2593; x_wconf 86' lang='lat' dir='ltr'>libus</span> <span class='ocrx_word' id='word_1_216' title='bbox 284 2555 396 2596; x_wconf 87' lang='lat' dir='ltr'>eorum</span> <span class='ocrx_word' id='word_1_217' title='bbox 410 2536 618 2618; x_wconf 89' lang='lat' dir='ltr'>propinquis,</span> <span class='ocrx_word' id='word_1_218' title='bbox 642 2557 701 2596; x_wconf 89' lang='lat' dir='ltr'>nec</span> <span class='ocrx_word' id='word_1_219' title='bbox 727 2536 745 2596; x_wconf 76' lang='lat' dir='ltr'>l</span> <span class='ocrx_word' id='word_1_220' title='bbox 771 2556 966 2617; x_wconf 91' lang='lat' dir='ltr'>quocunque</span> <span class='ocrx_word' id='word_1_221' title='bbox 993 2535 1092 2618; x_wconf 82' lang='lat' dir='ltr'>possit</span> <span class='ocrx_word' id='word_1_222' title='bbox 1124 2535 1273 2611; x_wconf 88' lang='lat' dir='ltr'>convelli,</span> 
     </span>
     <span class='ocr_line' id='line_1_28' title="bbox 182 2616 1275 2700; baseline 0.001 -24"><span class='ocrx_word' id='word_1_223' title='bbox 182 2616 238 2676; x_wconf 84' lang='lat' dir='ltr'>sed</span> <span class='ocrx_word' id='word_1_224' title='bbox 259 2617 344 2676; x_wconf 90' lang='lat' dir='ltr'>omni</span> <span class='ocrx_word' id='word_1_225' title='bbox 365 2628 508 2700; x_wconf 89' lang='lat' dir='ltr'>tempore</span> <span class='ocrx_word' id='word_1_226' title='bbox 528 2627 654 2678; x_wconf 87' lang='lat' dir='ltr'>maneat</span> <span class='ocrx_word' id='word_1_227' title='bbox 679 2618 915 2679; x_wconf 89' lang='lat' dir='ltr'>inconvulsum.</span> <span class='ocrx_word' id='word_1_228' title='bbox 958 2620 1063 2696; x_wconf 86' lang='lat' dir='ltr'>Quam</span> <span class='ocrx_word' id='word_1_229' title='bbox 1079 2640 1159 2680; x_wconf 84' lang='lat' dir='ltr'>vcro</span> <span class='ocrx_word' id='word_1_230' title='bbox 1180 2628 1275 2680; x_wconf 81' lang='lat' dir='ltr'>aucto</span> 
     </span>
     <span class='ocr_line' id='line_1_29' title="bbox 181 2698 1272 2782; baseline 0.005 -24"><span class='ocrx_word' id='word_1_231' title='bbox 181 2699 327 2776; x_wconf 87' lang='lat' dir='ltr'>ritatem,</span> <span class='ocrx_word' id='word_1_232' title='bbox 349 2699 521 2761; x_wconf 74' lang='lat' dir='ltr'>utiirmior</span> <span class='ocrx_word' id='word_1_233' title='bbox 534 2698 712 2779; x_wconf 88' lang='lat' dir='ltr'>habeatur,</span> <span class='ocrx_word' id='word_1_234' title='bbox 733 2701 786 2763; x_wconf 85' lang='lat' dir='ltr'>vel</span> <span class='ocrx_word' id='word_1_235' title='bbox 806 2721 866 2782; x_wconf 89' lang='lat' dir='ltr'>per</span> <span class='ocrx_word' id='word_1_236' title='bbox 887 2709 1031 2782; x_wconf 89' lang='lat' dir='ltr'>tempora</span> <span class='ocrx_word' id='word_1_237' title='bbox 1051 2711 1272 2772; x_wconf 85' lang='lat' dir='ltr'>conservetur,</span> 
     </span>
     <span class='ocr_line' id='line_1_30' title="bbox 181 2781 1035 2864; baseline 0 -20"><span class='ocrx_word' id='word_1_238' title='bbox 181 2801 276 2844; x_wconf 79' lang='lat' dir='ltr'>suano</span> <span class='ocrx_word' id='word_1_239' title='bbox 294 2782 425 2864; x_wconf 76' lang='lat' dir='ltr'>¹propria</span> <span class='ocrx_word' id='word_1_240' title='bbox 440 2783 553 2844; x_wconf 89' lang='lat' dir='ltr'>subter</span> <span class='ocrx_word' id='word_1_241' title='bbox 570 2803 639 2844; x_wconf 90' lang='lat' dir='ltr'>eam</span> <span class='ocrx_word' id='word_1_242' title='bbox 655 2781 855 2844; x_wconf 84' lang='lat' dir='ltr'>decrevimus</span> <span class='ocrx_word' id='word_1_243' title='bbox 872 2783 1035 2846; x_wconf 90' lang='lat' dir='ltr'>roborare.</span> 
     </span>
    </p>
   </div>
   <div class='ocr_carea' id='block_1_3' title="bbox 323 2915 1150 3003">
    <p class='ocr_par' dir='ltr' id='par_1_3' title="bbox 323 2915 1150 3003">
     <span class='ocr_line' id='line_1_31' title="bbox 323 2915 1150 3003; baseline 0.002 -27"><span class='ocrx_word' id='word_1_244' title='bbox 323 2915 531 3000; x_wconf 73' lang='lat' dir='ltr'>Praeceptum</span> <span class='ocrx_word' id='word_1_245' title='bbox 556 2915 596 2976; x_wconf 87' lang='lat' dir='ltr'>de</span> <span class='ocrx_word' id='word_1_246' title='bbox 618 2917 815 3003; x_wconf 80' lang='lat' dir='ltr'>laesiuverpo</span> <span class='ocrx_word' id='word_1_247' title='bbox 825 2938 886 3001; x_wconf 83' lang='lat' dir='ltr'>per</span> <span class='ocrx_word' id='word_1_248' title='bbox 901 2939 1028 2979; x_wconf 87' lang='lat' dir='ltr'>manum</span> <span class='ocrx_word' id='word_1_249' title='bbox 1047 2918 1150 2997; x_wconf 80' lang='lat' dir='ltr'>Regis.</span> 
     </span>
    </p>
   </div>
   <div class='ocr_carea' id='block_1_4' title="bbox 128 3029 1348 4356">
    <p class='ocr_par' dir='ltr' id='par_1_4' title="bbox 128 3029 1348 4356">
     <span class='ocr_line' id='line_1_32' title="bbox 263 3029 1271 3114; baseline -0.002 -22"><span class='ocrx_word' id='word_1_250' title='bbox 263 3029 358 3093; x_wconf 84' lang='lat' dir='ltr'>thl.</span> <span class='ocrx_word' id='word_1_251' title='bbox 402 3030 567 3112; x_wconf 85' lang='lat' dir='ltr'>Quicquid</span> <span class='ocrx_word' id='word_1_252' title='bbox 582 3032 668 3093; x_wconf 89' lang='lat' dir='ltr'>enim</span> <span class='ocrx_word' id='word_1_253' title='bbox 691 3032 925 3114; x_wconf 85' lang='lat' dir='ltr'>inpraesentia</span> <span class='ocrx_word' id='word_1_254' title='bbox 951 3043 1059 3095; x_wconf 83' lang='lat' dir='ltr'>nostra</span> <span class='ocrx_word' id='word_1_255' title='bbox 1082 3033 1206 3114; x_wconf 83' lang='lat' dir='ltr'>agitur,</span> <span class='ocrx_word' id='word_1_256' title='bbox 1226 3032 1271 3093; x_wconf 86' lang='lat' dir='ltr'>vel</span> 
     </span>
     <span class='ocr_line' id='line_1_33' title="bbox 180 3115 1272 3196; baseline 0 -23"><span class='ocrx_word' id='word_1_257' title='bbox 180 3134 239 3196; x_wconf 90' lang='lat' dir='ltr'>per</span> <span class='ocrx_word' id='word_1_258' title='bbox 258 3134 355 3173; x_wconf 86' lang='lat' dir='ltr'>mauu</span> <span class='ocrx_word' id='word_1_259' title='bbox 374 3124 479 3173; x_wconf 93' lang='lat' dir='ltr'>nostra</span> <span class='ocrx_word' id='word_1_260' title='bbox 493 3115 623 3176; x_wconf 91' lang='lat' dir='ltr'>videtur</span> <span class='ocrx_word' id='word_1_261' title='bbox 641 3137 707 3176; x_wconf 92' lang='lat' dir='ltr'>esse</span> <span class='ocrx_word' id='word_1_262' title='bbox 725 3117 950 3194; x_wconf 84' lang='lat' dir='ltr'>transvulsum,</span> <span class='ocrx_word' id='word_1_263' title='bbox 972 3118 1123 3176; x_wconf 87' lang='lat' dir='ltr'>volumus</span> <span class='ocrx_word' id='word_1_264' title='bbox 1140 3138 1178 3177; x_wconf 92' lang='lat' dir='ltr'>ac</span> <span class='ocrx_word' id='word_1_265' title='bbox 1193 3115 1272 3174; x_wconf 86' lang='lat' dir='ltr'>iube·</span> 
     </span>
     <span class='ocr_line' id='line_1_34' title="bbox 178 3197 1270 3278; baseline 0.001 -20"><span class='ocrx_word' id='word_1_266' title='bbox 178 3218 249 3259; x_wconf 87' lang='lat' dir='ltr'>mus</span> <span class='ocrx_word' id='word_1_267' title='bbox 270 3206 305 3256; x_wconf 91' lang='lat' dir='ltr'>ut</span> <span class='ocrx_word' id='word_1_268' title='bbox 326 3205 454 3257; x_wconf 87' lang='lat' dir='ltr'>maneat</span> <span class='ocrx_word' id='word_1_269' title='bbox 478 3197 511 3257; x_wconf 92' lang='lat' dir='ltr'>io</span> <span class='ocrx_word' id='word_1_270' title='bbox 536 3208 699 3278; x_wconf 89' lang='lat' dir='ltr'>posterum</span> <span class='ocrx_word' id='word_1_271' title='bbox 723 3198 940 3259; x_wconf 90' lang='lat' dir='ltr'>robustissimo</span> <span class='ocrx_word' id='word_1_272' title='bbox 962 3198 1034 3260; x_wconf 92' lang='lat' dir='ltr'>iure</span> <span class='ocrx_word' id='word_1_273' title='bbox 1059 3197 1270 3259; x_wconf 85' lang='lat' dir='ltr'>firmissimum.</span> 
     </span>
     <span class='ocr_line' id='line_1_35' title="bbox 177 3278 1348 3362; baseline -0.003 -23"><span class='ocrx_word' id='word_1_274' title='bbox 177 3278 323 3360; x_wconf 90' lang='lat' dir='ltr'>ldeoque</span> <span class='ocrx_word' id='word_1_275' title='bbox 339 3279 473 3340; x_wconf 82' lang='lat' dir='ltr'>veniens</span> <span class='ocrx_word' id='word_1_276' title='bbox 490 3279 545 3339; x_wconf 93' lang='lat' dir='ltr'>ille</span> <span class='ocrx_word' id='word_1_277' title='bbox 563 3279 668 3342; x_wconf 90' lang='lat' dir='ltr'>fidelis</span> <span class='ocrx_word' id='word_1_278' title='bbox 691 3290 802 3342; x_wconf 89' lang='lat' dir='ltr'>noster</span> <span class='ocrx_word' id='word_1_279' title='bbox 831 3280 876 3340; x_wconf 89' lang='lat' dir='ltr'>ibi</span> <span class='ocrx_word' id='word_1_280' title='bbox 906 3281 940 3339; x_wconf 89' lang='lat' dir='ltr'>in</span> <span class='ocrx_word' id='word_1_281' title='bbox 968 3281 1089 3362; x_wconf 88' lang='lat' dir='ltr'>palatio</span> <span class='ocrx_word' id='word_1_282' title='bbox 1113 3279 1268 3340; x_wconf 82' lang='lat' dir='ltr'>nostruin</span> <span class='ocrx_word' id='word_1_283' title='bbox 1347 3303 1348 3314; x_wconf 52' lang='lat'>¹</span> 
     </span>
     <span class='ocr_line' id='line_1_36' title="bbox 177 3362 1270 3445; baseline -0.001 -24"><span class='ocrx_word' id='word_1_284' title='bbox 177 3370 284 3422; x_wconf 88' lang='lat' dir='ltr'>nostra</span> <span class='ocrx_word' id='word_1_285' title='bbox 300 3363 351 3424; x_wconf 84' lang='lat' dir='ltr'>vel</span> <span class='ocrx_word' id='word_1_286' title='bbox 370 3383 540 3442; x_wconf 89' lang='lat' dir='ltr'>procerum</span> <span class='ocrx_word' id='word_1_287' title='bbox 556 3371 736 3423; x_wconf 89' lang='lat' dir='ltr'>nostrorum</span> <span class='ocrx_word' id='word_1_288' title='bbox 751 3362 931 3445; x_wconf 85' lang='lat' dir='ltr'>praesentia</span> <span class='ocrx_word' id='word_1_289' title='bbox 944 3362 1038 3423; x_wconf 82' lang='lat' dir='ltr'>villas</span> <span class='ocrx_word' id='word_1_290' title='bbox 1057 3371 1270 3444; x_wconf 87' lang='lat' dir='ltr'>nuncupantes</span> 
     </span>
     <span class='ocr_line' id='line_1_37' title="bbox 176 3444 1269 3527; baseline -0.002 -23"><span class='ocrx_word' id='word_1_291' title='bbox 176 3445 273 3521; x_wconf 90' lang='lat' dir='ltr'>illas,</span> <span class='ocrx_word' id='word_1_292' title='bbox 295 3446 370 3508; x_wconf 87' lang='lat' dir='ltr'>sitas</span> <span class='ocrx_word' id='word_1_293' title='bbox 387 3444 419 3503; x_wconf 92' lang='lat' dir='ltr'>io</span> <span class='ocrx_word' id='word_1_294' title='bbox 444 3466 526 3527; x_wconf 75' lang='lat' dir='ltr'>pago</span> <span class='ocrx_word' id='word_1_295' title='bbox 543 3445 618 3522; x_wconf 91' lang='lat' dir='ltr'>illo,</span> <span class='ocrx_word' id='word_1_296' title='bbox 640 3467 697 3506; x_wconf 90' lang='lat' dir='ltr'>sua</span> <span class='ocrx_word' id='word_1_297' title='bbox 716 3456 890 3526; x_wconf 90' lang='lat' dir='ltr'>spontanea</span> <span class='ocrx_word' id='word_1_298' title='bbox 913 3446 1080 3506; x_wconf 88' lang='lat' dir='ltr'>voluntate</span> <span class='ocrx_word' id='word_1_299' title='bbox 1107 3445 1199 3506; x_wconf 90' lang='lat' dir='ltr'>nobis</span> <span class='ocrx_word' id='word_1_300' title='bbox 1219 3463 1269 3526; x_wconf 92' lang='lat' dir='ltr'>per</span> 
     </span>
     <span class='ocr_line' id='line_1_38' title="bbox 176 3527 1268 3610; baseline -0.007 -18"><span class='ocrx_word' id='word_1_301' title='bbox 176 3527 321 3592; x_wconf 78' lang='lat' dir='ltr'>fistucam</span> <span class='ocrx_word' id='word_1_302' title='bbox 343 3528 429 3589; x_wconf 89' lang='lat' dir='ltr'>visus</span> <span class='ocrx_word' id='word_1_303' title='bbox 453 3537 499 3587; x_wconf 90' lang='lat' dir='ltr'>est</span> <span class='ocrx_word' id='word_1_304' title='bbox 517 3527 771 3610; x_wconf 87' lang='lat' dir='ltr'>leuseuverpisse</span> <span class='ocrx_word' id='word_1_305' title='bbox 788 3529 840 3588; x_wconf 89' lang='lat' dir='ltr'>vel</span> <span class='ocrx_word' id='word_1_306' title='bbox 859 3527 1081 3605; x_wconf 87' lang='lat' dir='ltr'>condonasse,</span> <span class='ocrx_word' id='word_1_307' title='bbox 1108 3527 1142 3586; x_wconf 90' lang='lat' dir='ltr'>in</span> <span class='ocrx_word' id='word_1_308' title='bbox 1166 3548 1203 3588; x_wconf 90' lang='lat' dir='ltr'>ea</span> <span class='ocrx_word' id='word_1_309' title='bbox 1224 3547 1268 3585; x_wconf 86' lang='lat' dir='ltr'>ra·</span> 
     </span>
     <span class='ocr_line' id='line_1_39' title="bbox 174 3608 1268 3692; baseline -0.004 -22"><span class='ocrx_word' id='word_1_310' title='bbox 174 3610 263 3676; x_wconf 84' lang='lat' dir='ltr'>tione</span> <span class='ocrx_word' id='word_1_311' title='bbox 282 3611 308 3678; x_wconf 80' lang='lat' dir='ltr'>si</span> <span class='ocrx_word' id='word_1_312' title='bbox 328 3610 371 3670; x_wconf 90' lang='lat' dir='ltr'>ita</span> <span class='ocrx_word' id='word_1_313' title='bbox 392 3610 568 3685; x_wconf 86' lang='lat' dir='ltr'>convenit,</span> <span class='ocrx_word' id='word_1_314' title='bbox 590 3619 627 3669; x_wconf 89' lang='lat' dir='ltr'>ut</span> <span class='ocrx_word' id='word_1_315' title='bbox 642 3609 718 3670; x_wconf 90' lang='lat' dir='ltr'>dum</span> <span class='ocrx_word' id='word_1_316' title='bbox 732 3609 848 3671; x_wconf 85' lang='lat' dir='ltr'>vixerit</span> <span class='ocrx_word' id='word_1_317' title='bbox 867 3631 918 3672; x_wconf 85' lang='lat' dir='ltr'>eas</span> <span class='ocrx_word' id='word_1_318' title='bbox 934 3632 975 3672; x_wconf 78' lang='lat' dir='ltr'>en</span> <span class='ocrx_word' id='word_1_319' title='bbox 991 3620 1100 3672; x_wconf 89' lang='lat' dir='ltr'>nostro</span> <span class='ocrx_word' id='word_1_320' title='bbox 1124 3608 1268 3692; x_wconf 87' lang='lat' dir='ltr'>permisso</span> 
     </span>
     <span class='ocr_line' id='line_1_40' title="bbox 174 3691 1265 3775; baseline -0.005 -19"><span class='ocrx_word' id='word_1_321' title='bbox 174 3694 232 3756; x_wconf 90' lang='lat' dir='ltr'>sub</span> <span class='ocrx_word' id='word_1_322' title='bbox 250 3715 309 3754; x_wconf 87' lang='lat' dir='ltr'>usu</span> <span class='ocrx_word' id='word_1_323' title='bbox 331 3691 490 3764; x_wconf 86' lang='lat' dir='ltr'>beneficio</span> <span class='ocrx_word' id='word_1_324' title='bbox 505 3691 621 3752; x_wconf 87' lang='lat' dir='ltr'>debeat</span> <span class='ocrx_word' id='word_1_325' title='bbox 634 3691 799 3775; x_wconf 88' lang='lat' dir='ltr'>possidere</span> <span class='ocrx_word' id='word_1_326' title='bbox 812 3717 820 3764; x_wconf 85' lang='lat'><strong>;</strong></span> <span class='ocrx_word' id='word_1_327' title='bbox 843 3701 875 3753; x_wconf 88' lang='lat' dir='ltr'>et</span> <span class='ocrx_word' id='word_1_328' title='bbox 889 3702 961 3774; x_wconf 86' lang='lat' dir='ltr'>post</span> <span class='ocrx_word' id='word_1_329' title='bbox 975 3715 1068 3753; x_wconf 90' lang='lat' dir='ltr'>suum</span> <span class='ocrx_word' id='word_1_330' title='bbox 1085 3691 1265 3764; x_wconf 88' lang='lat' dir='ltr'>discessum,</span> 
     </span>
     <span class='ocr_line' id='line_1_41' title="bbox 173 3773 1266 3856; baseline -0.006 -18"><span class='ocrx_word' id='word_1_331' title='bbox 173 3778 257 3838; x_wconf 90' lang='lat' dir='ltr'>sicut</span> <span class='ocrx_word' id='word_1_332' title='bbox 278 3775 347 3837; x_wconf 88' lang='lat' dir='ltr'>eius</span> <span class='ocrx_word' id='word_1_333' title='bbox 368 3774 472 3835; x_wconf 85' lang='lat' dir='ltr'>adfuit</span> <span class='ocrx_word' id='word_1_334' title='bbox 490 3774 623 3853; x_wconf 90' lang='lat' dir='ltr'>petitio,</span> <span class='ocrx_word' id='word_1_335' title='bbox 651 3796 710 3836; x_wconf 87' lang='lat' dir='ltr'>nos</span> <span class='ocrx_word' id='word_1_336' title='bbox 741 3773 823 3856; x_wconf 87' lang='lat' dir='ltr'>ipsas</span> <span class='ocrx_word' id='word_1_337' title='bbox 850 3775 943 3837; x_wconf 82' lang='lat' dir='ltr'>villas</span> <span class='ocrx_word' id='word_1_338' title='bbox 970 3774 1058 3838; x_wconf 86' lang='lat' dir='ltr'>fideli</span> <span class='ocrx_word' id='word_1_339' title='bbox 1085 3785 1193 3836; x_wconf 90' lang='lat' dir='ltr'>nostro</span> <span class='ocrx_word' id='word_1_340' title='bbox 1217 3775 1266 3832; x_wconf 92' lang='lat' dir='ltr'>illo</span> 
     </span>
     <span class='ocr_line' id='line_1_42' title="bbox 175 3855 1266 3942; baseline -0.004 -24"><span class='ocrx_word' id='word_1_341' title='bbox 175 3861 272 3942; x_wconf 88' lang='lat' dir='ltr'>plena</span> <span class='ocrx_word' id='word_1_342' title='bbox 289 3857 388 3942; x_wconf 80' lang='lat' dir='ltr'>gratia</span> <span class='ocrx_word' id='word_1_343' title='bbox 407 3855 467 3919; x_wconf 84' lang='lat' dir='ltr'>visi</span> <span class='ocrx_word' id='word_1_344' title='bbox 485 3856 605 3922; x_wconf 76' lang='lat' dir='ltr'>ibimus</span> <span class='ocrx_word' id='word_1_345' title='bbox 624 3857 832 3928; x_wconf 60' lang='lat' dir='ltr'>concessisse,</span> <span class='ocrx_word' id='word_1_346' title='bbox 878 3860 1084 3940; x_wconf 85' lang='lat' dir='ltr'>Quapropter</span> <span class='ocrx_word' id='word_1_347' title='bbox 1102 3877 1163 3940; x_wconf 86' lang='lat' dir='ltr'>per</span> <span class='ocrx_word' id='word_1_348' title='bbox 1182 3877 1266 3942; x_wconf 90' lang='lat' dir='ltr'>prae-</span> 
     </span>
     <span class='ocr_line' id='line_1_43' title="bbox 174 3938 1266 4024; baseline -0.005 -22"><span class='ocrx_word' id='word_1_349' title='bbox 174 3949 298 4008; x_wconf 87' lang='lat' dir='ltr'>sentem</span> <span class='ocrx_word' id='word_1_350' title='bbox 318 3939 522 4008; x_wconf 84' lang='lat' dir='ltr'>decernimus</span> <span class='ocrx_word' id='word_1_351' title='bbox 536 3948 760 4024; x_wconf 88' lang='lat' dir='ltr'>praeceptum,</span> <span class='ocrx_word' id='word_1_352' title='bbox 789 3938 877 4019; x_wconf 90' lang='lat' dir='ltr'>quod</span> <span class='ocrx_word' id='word_1_353' title='bbox 899 3941 1131 4023; x_wconf 86' lang='lat' dir='ltr'>perpetualiter</span> <span class='ocrx_word' id='word_1_354' title='bbox 1148 3960 1266 4000; x_wconf 90' lang='lat' dir='ltr'>mausu-</span> 
     </span>
     <span class='ocr_line' id='line_1_44' title="bbox 174 4019 1267 4104; baseline -0.007 -18"><span class='ocrx_word' id='word_1_355' title='bbox 174 4045 247 4086; x_wconf 85' lang='lat' dir='ltr'>rnm</span> <span class='ocrx_word' id='word_1_356' title='bbox 270 4043 338 4086; x_wconf 86' lang='lat' dir='ltr'>esse</span> <span class='ocrx_word' id='word_1_357' title='bbox 364 4021 530 4098; x_wconf 85' lang='lat' dir='ltr'>iubemus,</span> <span class='ocrx_word' id='word_1_358' title='bbox 553 4029 588 4081; x_wconf 86' lang='lat' dir='ltr'>ut</span> <span class='ocrx_word' id='word_1_359' title='bbox 601 4021 772 4084; x_wconf 86' lang='lat' dir='ltr'>dummodo</span> <span class='ocrx_word' id='word_1_360' title='bbox 789 4022 897 4082; x_wconf 80' lang='lat' dir='ltr'>taliter</span> <span class='ocrx_word' id='word_1_361' title='bbox 915 4023 1014 4104; x_wconf 88' lang='lat' dir='ltr'>ipsius</span> <span class='ocrx_word' id='word_1_362' title='bbox 1029 4024 1117 4084; x_wconf 90' lang='lat' dir='ltr'>illins</span> <span class='ocrx_word' id='word_1_363' title='bbox 1133 4019 1267 4086; x_wconf 83' lang='lat' dir='ltr'>decrevit</span> 
     </span>
     <span class='ocr_line' id='line_1_45' title="bbox 176 4102 1265 4188; baseline -0.003 -23"><span class='ocrx_word' id='word_1_364' title='bbox 176 4108 325 4168; x_wconf 80' lang='lat' dir='ltr'>voluntas</span> <span class='ocrx_word' id='word_1_365' title='bbox 349 4106 436 4188; x_wconf 87' lang='lat' dir='ltr'>quod</span> <span class='ocrx_word' id='word_1_366' title='bbox 453 4103 533 4185; x_wconf 87' lang='lat' dir='ltr'>ipsas</span> <span class='ocrx_word' id='word_1_367' title='bbox 547 4103 641 4165; x_wconf 87' lang='lat' dir='ltr'>villas</span> <span class='ocrx_word' id='word_1_368' title='bbox 657 4104 690 4162; x_wconf 90' lang='lat' dir='ltr'>in</span> <span class='ocrx_word' id='word_1_369' title='bbox 717 4102 928 4186; x_wconf 82' lang='lat' dir='ltr'>suprascripta</span> <span class='ocrx_word' id='word_1_370' title='bbox 950 4106 1020 4166; x_wconf 87' lang='lat' dir='ltr'>loca</span> <span class='ocrx_word' id='word_1_371' title='bbox 1046 4106 1138 4168; x_wconf 84' lang='lat' dir='ltr'>nobis</span> <span class='ocrx_word' id='word_1_372' title='bbox 1159 4107 1265 4167; x_wconf 85' lang='lat' dir='ltr'>volun·</span> 
     </span>
     <span class='ocr_line' id='line_1_46' title="bbox 176 4187 1264 4267; baseline -0.006 -19"><span class='ocrx_word' id='word_1_373' title='bbox 176 4191 256 4249; x_wconf 69' lang='lat' dir='ltr'>terrio</span> <span class='ocrx_word' id='word_1_374' title='bbox 274 4190 387 4248; x_wconf 88' lang='lat' dir='ltr'>ordine</span> <span class='ocrx_word' id='word_1_375' title='bbox 400 4189 484 4249; x_wconf 88' lang='lat' dir='ltr'>visus</span> <span class='ocrx_word' id='word_1_376' title='bbox 506 4198 552 4248; x_wconf 88' lang='lat' dir='ltr'>est</span> <span class='ocrx_word' id='word_1_377' title='bbox 573 4187 828 4267; x_wconf 86' lang='lat' dir='ltr'>leuseuverpisse</span> <span class='ocrx_word' id='word_1_378' title='bbox 850 4188 898 4247; x_wconf 89' lang='lat' dir='ltr'>vel</span> <span class='ocrx_word' id='word_1_379' title='bbox 925 4187 1135 4265; x_wconf 87' lang='lat' dir='ltr'>condonasse,</span> <span class='ocrx_word' id='word_1_380' title='bbox 1159 4198 1189 4246; x_wconf 88' lang='lat' dir='ltr'>et</span> <span class='ocrx_word' id='word_1_381' title='bbox 1214 4205 1264 4244; x_wconf 89' lang='lat' dir='ltr'>nos</span> 
     </span>
     <span class='ocr_line' id='line_1_47' title="bbox 128 4268 1263 4356; baseline -0.006 -24"><span class='ocrx_word' id='word_1_382' title='bbox 128 4339 130 4344; x_wconf 50' lang='grc'><strong>,</strong></span> <span class='ocrx_word' id='word_1_383' title='bbox 173 4271 495 4354; x_wconf 84' lang='lat' dir='ltr'>praedioloviroillo</span> <span class='ocrx_word' id='word_1_384' title='bbox 513 4292 552 4336; x_wconf 78' lang='lat' dir='ltr'>ex</span> <span class='ocrx_word' id='word_1_385' title='bbox 572 4277 681 4334; x_wconf 78' lang='lat' dir='ltr'>nostru</span> <span class='ocrx_word' id='word_1_386' title='bbox 707 4292 840 4336; x_wconf 73' lang='lat' dir='ltr'>minitere</span> <span class='ocrx_word' id='word_1_387' title='bbox 870 4268 1040 4356; x_wconf 77' lang='lat' dir='ltr'>largitatis,</span> <span class='ocrx_word' id='word_1_388' title='bbox 1070 4270 1153 4330; x_wconf 86' lang='lat' dir='ltr'>sicut</span> <span class='ocrx_word' id='word_1_389' title='bbox 1174 4269 1263 4352; x_wconf 88' lang='lat' dir='ltr'>ipsius</span> 
     </span>
    </p>
   </div>
   <div class='ocr_carea' id='block_1_5' title="bbox 0 0 1378 4992">
    <p class='ocr_par' dir='ltr' id='par_1_5' title="bbox 0 0 1378 4992">
     <span class='ocr_line' id='line_1_48' title="bbox 0 0 1378 4992; baseline 0 5"><span class='ocrx_word' id='word_1_390' title='bbox 0 0 1378 4992; x_wconf 95' lang='lat' dir='ltr'> </span> 
     </span>
    </p>
   </div>
  </div>
 </body>
</html>
