2658 4978
204 291 322 374 uera.
431 309 789 368 acccuramccacn
843 314 956 402 ,aaa
1096 298 1144 374 tit

89 477 168 522 enare
183 455 232 518 cui
250 473 341 516 nemo
366 447 537 517 consentit.
577 453 622 514 Et
640 452 758 515 iterum
780 459 908 517 sanctas
925 455 1048 521 Paulus
1071 481 1145 525 cnm

87 541 176 602 talibus
196 537 375 600 hominibus
392 557 453 596 nec
473 535 582 595 cibum
597 555 723 596 sumere
745 537 910 619 permittit.
958 539 1001 602 Et
1016 553 1145 607 sanctur

83 625 177 700 David,
199 623 273 682 dum
284 629 387 680 totum
407 640 440 679 se
455 619 495 677 ad
509 617 641 679 foedera
662 617 749 699 pacis
772 617 919 681 internae
937 626 1148 710 constringe-

82 715 135 783 ret,
152 714 278 765 testatur
294 700 466 784 quodcum
480 699 572 761 malis
594 700 800 761 concordiam
825 723 890 761 non
916 709 1061 787 teneret,
1094 710 1147 771 di.

81 809 153 848 cens:
172 787 279 846 Nouae
298 783 353 865 qui
373 782 508 844 oderunt
523 794 577 853 te,
606 784 709 858 Deus,
729 781 858 843 oderam
875 783 968 862 illos,
997 799 1029 848 et
1051 811 1147 874 super·

79 870 196 928 inimicos
212 877 280 928 tuos
299 862 515 927 tabescebam?
535 862 682 945 Perfecto
703 863 778 924 odio
801 864 930 926 oderam
945 869 1030 941 illos,
1044 873 1147 932 inimi·

78 953 103 1012 ci
111 949 184 1030 fusti
204 958 273 1009 sunt
291 947 377 1007 aiibi.
418 940 569 1006 inimicos
589 946 687 1006 etiam
702 946 763 1006 Dei
785 948 931 1028 perfecto
948 950 1023 1012 odio
1042 954 1146 1016 odisse

80 1043 132 1108 est,
149 1031 185 1092 ad
198 1030 284 1111 quod
302 1028 380 1091 facti
394 1037 469 1089 suut
486 1027 639 1110 diligere,
662 1028 794 1108 etqucd
813 1027 938 1091 iaciunt
960 1031 1145 1119 inerepare;

79 1133 163 1174 mores
176 1129 345 1196 pravorum
359 1129 529 1192 premere,
550 1109 631 1170 vitae
647 1109 809 1190 prodesse,
829 1113 1054 1177 HinczFinees
1091 1139 1147 1180 ec·

80 1205 185 1255 cantem
214 1196 319 1257 civem
345 1199 516 1254 coeuntem
542 1211 615 1252 cum
640 1190 992 1276 Madianiteperculit,
1013 1205 1045 1258 et
1070 1220 1151 1261 tram

78 1277 126 1338 Dei
141 1276 230 1338 iratus
250 1275 402 1360 placavit.
440 1273 483 1334 Et
507 1271 674 1354 iosaphat,
703 1273 761 1354 qui
780 1283 830 1337 tot
851 1267 891 1336 de
914 1286 1058 1340 anteacta
1084 1281 1150 1342 vita

78 1361 232 1441 praeconiis
259 1358 437 1432 attollitur,
461 1355 499 1414 de
516 1354 625 1416 Achab
636 1355 731 1435 Regis
748 1356 896 1419 amicitiis
917 1379 1001 1442 pene
1024 1362 1150 1444 peritu-

79 1463 121 1500 rus
138 1441 332 1522 increpatur;
355 1439 408 1498 cui
424 1437 442 1496 a
457 1437 597 1497 Domino
614 1455 672 1518 per
694 1437 889 1521 Prophetam
915 1441 1049 1506 dicitur:
1080 1449 1150 1506 Im.

76 1527 118 1606 pic
136 1525 259 1604 praebes
279 1521 456 1590 auxilium,
481 1528 510 1578 et
528 1521 576 1578 bis
588 1521 643 1601 qtci
667 1517 802 1580 oderunt
819 1522 988 1584 Dominum
1010 1527 1150 1588 curicitia

79 1607 201 1682 iungeris.
241 1603 283 1666 Eu
301 1601 423 1662 idcirco
452 1599 532 1660 iram
559 1595 686 1683 quidem
716 1601 846 1662 Domini
872 1605 1066 1677 merebaris‚·
1091 1604 1152 1670 secl

80 1686 143 1746 huuc
160 1703 252 1770 opera
272 1687 403 1745 inventu
419 1695 491 1740 sunt
510 1684 544 1742 iu
563 1694 601 1742 te.
643 1681 728 1743 Hinc
741 1683 822 1746 sacri
845 1685 992 1748 Canaces
1015 1688 1033 1747 h
1055 1709 1149 1753 sanc-

80 1776 106 1826 to
119 1767 300 1850 promulgati
319 1765 440 1847 Spiritu
453 1760 567 1824 dicunt
583 1761 668 1824 athi
684 1765 740 1846 qui
757 1771 828 1848 post
847 1767 1151 1854 excommunicatio·

82 1869 140 1910 uem
152 1852 196 1911 vel
212 1848 425 1910 interdictum
442 1867 516 1906 cum
539 1847 818 1930 ercommunicatis
833 1852 1151 1935 communicaverint,

83 1931 257 1992 condemnati
276 1927 444 1990 anathema
458 1927 645 1988 habeantur.
685 1931 728 1990 Et
747 1940 872 1992 sanctus
898 1934 1076 2015 Cyprianus
1084 1937 1151 1999 Re-

82 2013 118 2094 gis
135 2013 339 2075 ministerium
356 2032 421 2072 esse
440 2010 519 2070 dicit
534 2009 648 2091 impios
666 2010 706 2072 de
729 2021 814 2073 terra
835 2014 989 2095 perdere,
1010 2016 1150 2080 homici-

80 2096 136 2174 das,
152 2098 320 2178 periuros,
343 2095 523 2169 adulteros,
545 2091 722 2169 veneficos,
744 2095 914 2178 sacrilegos
934 2116 1006 2158 non
1041 2098 1152 2164 sinere

77 2177 176 2238 rivere.
214 2179 257 2238 Et
278 2177 315 2236 iu
338 2172 421 2235 libro
437 2175 560 2256 Regum
581 2175 735 2256 scriptum
762 2187 828 2254 est,
857 2177 985 2242 dicente
1008 2183 1149 2243 Domino

76 2281 121 2340 per
137 2259 341 2340 Prophetam:
372 2259 452 2340 Quia
484 2253 633 2314 dimisisti
665 2258 763 2317 virum
790 2273 889 2321 morte
916 2261 1061 2340 dt'guum,
1088 2268 1150 2326 erit
1220 2305 1224 2322 .

76 2343 161 2399 anima
173 2355 224 2400 tua
237 2361 307 2424 pro·
318 2340 423 2398 anima
438 2339 537 2408 itlius,
558 2349 588 2397 et
597 2339 731 2422 populus
753 2352 822 2400 tuus
835 2361 895 2424 pro
914 2344 1031 2426 populo
1050 2346 1151 2409 illius.-

75 2420 109 2479 Et
121 2444 205 2502 quam
223 2421 324 2482 noxia
347 2421 388 2481 sit
407 2419 549 2479 indebita
566 2439 640 2500 erga
659 2421 790 2501 iniquos
806 2423 1039 2503 misericordia,
1059 2445 1150 2489 mon·

75 2511 169 2566 stratus
182 2505 215 2564 in
235 2522 335 2586 opere
358 2502 433 2562 Satil
447 2521 483 2562 ac
496 2502 672 2572 ,samueliu
694 2501 849 2582 qnoniam
870 2505 923 2566 cui
941 2506 1150 2590 Saulpeper-

74 2585 110 2643 cit
122 2582 279 2647 offendens
299 2585 484 2660 Dominum,
506 2584 632 2644 Samuel
650 2584 812 2666 Propheta
829 2585 864 2644 in
880 2588 981 2648 frusta
997 2591 1149 2657 concidit.

74 2666 136 2727 iiam
150 2668 231 2730 sicut
250 2667 390 2750 quisque
407 2665 441 2724 in
461 2686 494 2726 se
509 2665 716 2746 peccantibus
734 2667 831 2728 dehet
844 2677 976 2750 propter
986 2671 1091 2731 Deum
1102 2673 1149 2734 di-

73 2750 199 2826 mittere,
221 2751 265 2810 ita
283 2751 316 2808 ic
338 2748 443 2808 Deum
460 2756 646 2828 peccantes,
670 2756 701 2807 et
717 2747 894 2810 Ecclesiam
912 2751 1150 2831 conculcantes,

74 2842 99 2891 et
118 2833 203 2914 regni
216 2849 416 2914 pervasores,
439 2839 471 2890 et
495 2830 529 2888 in
554 2827 802 2891 Christianitatis
828 2831 1094 2916 depopulatores,
1118 2847 1151 2898 et

73 2912 100 2972 in
115 2915 194 2994 pacis
212 2913 464 2996 perturbatores,
481 2919 522 2970 ‘et
537 2909 571 2970 in
590 2911 709 2991 patriae
725 2913 904 2994 proditores
926 2911 1022 2976 debet
1037 2916 1151 2979 minis-

72 3002 113 3054 ter
125 2996 249 3056 Domini
275 2998 345 3056 Rex
366 2993 505 3054 debitam
520 2993 696 3054 vindictam
711 3005 842 3077 propter
865 2998 970 3058 Deum
988 3019 1151 3062 exercere.

73 3079 261 3160 Quapropter
286 3077 365 3137 sciat
375 3078 444 3134 Rex
470 3075 561 3134 nobis
576 3075 719 3136 amabilis
744 3079 821 3158 quia
840 3075 923 3140 sicut
940 3079 1085 3142 infirmus
1106 3105 1154 3144 aaa

75 3160 133 3218 nari
147 3181 209 3219 non
227 3167 336 3242 potest
350 3157 439 3239 quib
460 3157 585 3217 medico
606 3158 773 3238 coquitur,
795 3160 940 3242 quandiu
962 3163 1084 3223 ferrum
1102 3165 1152 3247 ig-

73 3241 164 3300 nitum
178 3242 211 3300 in
235 3242 326 3302 illius
346 3249 475 3299 tenetur
490 3256 642 3319 corpore,
665 3240 709 3298 ita
731 3250 764 3301 et
778 3263 872 3303 nemo
885 3244 989 3304 sanari
1005 3253 1111 3326 potest
1134 3249 1154 3308 d

72 3333 189 3400 peccato
208 3321 356 3404 quandiu
375 3321 412 3380 in
429 3327 560 3403 peccato
579 3319 748 3398 manserit,
769 3323 821 3382 vel
846 3325 993 3403 qnandiu
1022 3327 1056 3385 in
1074 3349 1154 3409 pec-

73 3414 133 3464 cato
152 3405 296 3465 manenti
326 3402 465 3464 scienter
480 3411 511 3462 et
526 3401 666 3461 libenter
684 3403 977 3466 communicaverit.

143 3485 201 3552 lX.
244 3486 391 3545 Tandem
406 3484 438 3544 in
462 3483 696 3564 repromiserit
713 3483 890 3542 adiutorem
911 3492 942 3545 et
966 3497 1155 3569 cooperate·

75 3586 130 3626 rem
145 3567 204 3628 Dei
225 3589 286 3647 pro
304 3563 424 3627 viribus
446 3566 485 3626 de
509 3575 635 3625 caetero
663 3569 696 3626 et
724 3561 958 3627 rationabiliter
977 3569 1153 3648 daturum,
1231 3624 1234 3629 .

71 3649 198 3726 qualiter
217 3646 362 3710 Ecclesia
376 3645 438 3708 Dei
454 3665 535 3727 quae
551 3647 584 3706 in
604 3665 661 3708 suc
675 3667 775 3727 regno
797 3664 834 3706 ac
846 3647 954 3729 reguis
973 3658 1154 3712 nostrorum

73 3730 249 3812 Principum
269 3751 333 3790 una
349 3739 415 3806 est,
437 3730 519 3790 sicut
544 3735 575 3790 et
594 3749 696 3789 unum
711 3728 946 3804 Sacerdotium,
976 3732 1155 3794 secundum

76 3811 248 3890 qualitatem
261 3808 433 3894 periculosi
446 3807 597 3892 temporis
612 3811 646 3870 in
665 3828 862 3892 unoquoque
882 3809 994 3873 ordine
1010 3815 1157 3875 restitua-

77 3899 136 3968 tur,
155 3905 186 3956 et
209 3893 396 3955 Sacerdotes
408 3893 469 3954 Dei
484 3893 591 3954 dehita
605 3889 777 3974 privilegia
790 3901 823 3952 et
837 3892 1090 3956 ecclesiasticum
1111 3899 1157 3957 vi·

77 3993 169 4052 goram
188 3972 381 4052 obtineant,
392 3985 424 4036 et
444 3975 581 4057 populus
599 3973 751 4036 iustitiam
766 3981 805 4035 ec
820 3993 931 4056 pacem
947 3972 1072 4055 habeat,
1083 3997 1158 4038 cona

77 4059 198 4138 gregatis
218 4055 308 4120 vobis
325 4067 357 4118 et
369 4065 478 4118 nostro
489 4059 586 4118 immo
607 4057 718 4118 divino
740 4057 882 4137 Spiritu,
903 4056 959 4136 qui
979 4065 1026 4117 est
1041 4061 1156 4120 remis·

76 4137 116 4196 sio
134 4140 275 4200 omnium
289 4147 510 4220 peccatorum,
532 4156 592 4220 per
610 4137 856 4200 ecelesiasticam
872 4139 1063 4219 apostolicae
1085 4157 1160 4204 auci

76 4218 200 4286 totitatis
213 4230 401 4308 potestatem
415 4221 465 4284 illi
482 4229 613 4306 peccata
629 4217 663 4284 iu
680 4216 796 4284 nostris
813 4219 972 4305 parochiis
991 4241 1049 4305 per
1064 4223 1158 4288 illum
