2712 4992
201 305 275 384 334
539 323 721 378 uariorum
746 325 993 390 nonunmamr

495 467 575 528 Item
592 465 656 525 olio
677 463 779 527 adine
804 465 867 528 alio
893 467 997 529 niodo.

272 579 420 646 XXXIV.
462 578 496 642 Si
516 579 640 662 aliquos
656 598 696 640 ex
718 579 933 642 servientibus
952 575 1102 644 nostrisa
1128 583 1195 666 iugo
1213 610 1259 648 ser·

192 665 302 731 vitatis
318 659 530 740 absolvimus,
552 662 734 723 mercedem
757 663 789 722 in
813 665 959 724 sutorum
979 667 1070 726 nobis
1091 689 1129 726 ex
1152 667 1207 728 boe
1222 692 1260 729 re-

192 751 334 813 tribuere
352 744 552 808 confidimus.
595 743 695 824 Igitur
713 767 773 826 ego
790 744 847 806 ille
867 757 1000 828 propter
1028 769 1140 808 nomen
1157 751 1261 811 Domini

192 843 226 896 et
241 829 455 893 retributione
468 837 596 891 aeterna
613 837 643 886 te
667 826 761 887 illum
779 827 818 887 ab
856 829 945 888 omni
978 829 1110 891 vinculo
1127 833 1261 894 servitutis

191 913 403 982 absolvimus,
425 909 469 972 ita
486 921 522 972 ut
533 909 572 969 ab
587 909 645 968 bac
658 909 712 970 die
739 909 834 970 vitum
855 912 952 972 ducas
982 913 1174 995 ingenuam,
1202 924 1262 974 um-

190 995 332 1080 quamsi
354 994 394 1054 ab
410 992 559 1076 ingenuis
583 991 770 1073 parentibus
786 994 902 1068 luisses
921 1005 1123 1077 procreatus,
1149 1005 1178 1056 et
1199 999 1262 1056 nulli

189 1079 347 1142 heredum
365 1099 401 1137 ac
421 1075 638 1172 proheredum
660 1096 805 1135 meorum
830 1077 883 1136 rel
909 1079 1097 1158 cuicunque
1127 1078 1262 1140 servium

192 1159 374 1245 impendas,
395 1157 457 1220 nisi
476 1157 535 1220 sub
552 1158 674 1238 integra
699 1157 896 1239 ingenuitate
920 1160 1111 1220 defensioue
1132 1160 1180 1220 cui
1196 1171 1262 1222 teon

189 1245 270 1308 meis
288 1239 462 1304 heredibus
477 1239 612 1322 elegeris
643 1239 761 1302 babere
784 1241 918 1320 debeas,
942 1253 975 1303 et
1002 1241 1107 1302 oblata
1125 1264 1206 1320 mea,
1223 1245 1261 1302 nbi

189 1347 298 1390 meum
313 1323 489 1407 requiescit
500 1321 745 1406 corpusculum,
766 1323 818 1384 vel
848 1323 1022 1384 luminaria
1045 1325 1137 1385 aunis
1155 1325 1261 1408 singulis

191 1410 308 1474 debeas
333 1428 528 1490 procurare5
550 1403 713 1488 peculiare
741 1427 893 1468 concesso
914 1408 1004 1487 quod
1031 1407 1129 1468 habes
1147 1418 1195 1466 aut
1214 1409 1261 1468 ela-

190 1491 305 1554 bornre
319 1488 480 1572 potueris,
502 1497 556 1548 aut
585 1489 611 1548 si
637 1488 791 1548 convenit
818 1489 1042 1550 defensionem
1066 1489 1218 1552 Ecclesiae
1237 1490 1261 1550 il·

190 1573 273 1656 lius,
296 1583 328 1636 et
338 1571 436 1634 vitam
454 1591 580 1656 semper
602 1570 698 1632 ducas
714 1570 900 1653 ingenuam,
940 1573 975 1634 si
989 1571 1065 1655 quis
1079 1593 1163 1638 vero.

585 1721 589 1738 ·
630 1699 851 1764 Evacuatorr'a.

186 1821 230 1858 Γ*
269 1815 405 1886 XXXV.
444 1813 584 1876 Domino
603 1814 694 1874 fratri
719 1815 776 1875 illo
796 1816 863 1878 ille.
898 1819 1057 1882 Omnibus
1072 1839 1138 1878 uou
1153 1813 1262 1878 babetur

187 1901 390 1986 incognitum
405 1898 546 1982 qualiter
562 1905 636 1958 ante
652 1897 710 1959 hos
726 1921 845 1976 annuos,
869 1912 924 1962 aut
947 1913 1020 1962 ante
1043 1923 1147 1979 anuo,
1166 1901 1261 1960 solidos

188 1999 313 2051 nostros
332 2003 466 2043 numero
480 1989 583 2040 tantos
601 1980 642 2040 ad
660 1979 854 2042 beneficium
876 1985 1038 2068 accepisti,
1057 1993 1089 2046 et
1109 1984 1262 2044 cautionem

188 2071 281 2134 nobis
298 2065 433 2154 prehnc
458 2062 588 2124 emisisti
615 2070 651 2121 ut
672 2061 756 2144 ipsos
780 2064 899 2126 solidos
925 2077 1002 2127 tuuc
1036 2067 1129 2127 uobis
1151 2065 1259 2126 reddere

186 2153 331 2216 deberes.
373 2145 469 2226 Quod
488 2155 520 2206 et
538 2146 580 2204 ita
601 2143 716 2211 fecisti.
758 2146 820 2208 Sed
848 2147 997 2208 dumille
1026 2145 1259 2226 cautioneqund

188 2233 281 2295 nobis
302 2228 450 2294 emiseras
469 2228 508 2288 ad
528 2248 676 2309 praesens
700 2249 765 2288 non
790 2228 991 2309 invenimus,
1020 2233 1096 2292 ideo
1122 2227 1177 2292 tibi
1196 2229 1258 2288 banc

186 2316 353 2400 epistolem
374 2310 610 2376 evacuaturiam
628 2310 779 2387 fecimus,
801 2321 838 2371 ut
867 2313 906 2374 de
929 2314 1005 2396 ipsis
1025 2314 1137 2377 solidis
1159 2321 1258 2372 tautum

185 2399 274 2462 omni
294 2408 436 2480 tompore
453 2393 566 2454 deictus
587 2403 619 2453 et
640 2393 802 2453 absolutus
819 2395 974 2466 resideam
997 2405 1029 2456 et
1050 2396 1077 2457 si
1098 2396 1162 2478 ipsa
1178 2394 1257 2454 enutio

184 2481 388 2565 apparuerit,
409 2477 463 2538 vel
476 2476 492 2535 a
511 2475 601 2535 nobis
615 2485 669 2536 aut
687 2475 856 2537 heredibus
878 2479 994 2540 nostris
1013 2499 1143 2561 quoque
1159 2487 1256 2558 tempe·

182 2585 218 2627 re
237 2576 362 2626 ostensa
385 2559 502 2634 luerit,
527 2559 653 2618 nullum
671 2559 822 2620 sortiatur
842 2559 1010 2639 effectum,
1038 2563 1096 2623 sed
1124 2579 1214 2622 vacua
1235 2564 1257 2614 et

183 2647 289 2720 inanis
306 2649 501 2732 permaneat.

203 2779 243 2840 Si
257 2777 372 2863 aliquis
386 2791 475 2836 servo
493 2771 548 2832 ael
562 2769 696 2851 gan‘ndo
717 2794 772 2834 sno
794 2771 920 2856 aliquid
932 2775 1105 2838 concedere
1124 2770 1242 2835 velarent.

180 2900 185 2923 ‘
262 2889 414 2956 xxxvl.
456 2887 637 2950 iustissimis
662 2889 778 2950 uostris
795 2891 1008 2954 sublevantur
1021 2885 1200 2954 muneribus
1214 2881 1255 2963 qui

182 2977 275 3040 nobis
293 2974 433 3036 fideliter
453 2979 486 3032 et
507 2971 664 3032 instanter
684 2973 880 3033 famulantur
904 2976 1017 3036 officio.
1071 2977 1139 3056 Ego
1161 2973 1189 3030 in
1210 2965 1254 3026 Dei

183 3061 314 3124 nomine
333 3057 389 3117 ille
406 3054 495 3114 fideli
513 3063 621 3114 nostro
640 3053 707 3120 illo.
761 3053 825 3116 Pro
846 3069 993 3138 respectu
1013 3057 1089 3118 fidei
1113 3065 1145 3116 et
1159 3046 1254 3114 servilii

182 3143 231 3206 tui
243 3187 254 3216 ,
278 3162 373 3223 quam
392 3138 477 3199 circa
495 3157 552 3197 uos
574 3135 760 3218 impendere
787 3159 852 3198 nou
879 3140 1021 3218 desistis,
1050 3133 1253 3222 promptissima

181 3228 347 3290 voluntate
366 3219 507 3282 cedimus
528 3217 586 3278 tibi
610 3221 628 3280 ir
653 3217 705 3280 die
732 3229 900 3302 praesente
928 3224 1046 3284 locello
1077 3222 1253 3298 puricupante

180 3311 259 3386 illo,
294 3314 348 3366 aut
382 3323 490 3362 manso
519 3299 576 3363 illo
603 3299 685 3361 iulra
708 3305 846 3364 termino
876 3305 955 3366 villa
987 3314 1095 3364 nostra
1127 3303 1179 3362 illa
1200 3314 1254 3356 cum

182 3389 270 3455 ornui
297 3384 476 3450 adiacentia
502 3384 542 3444 ad
573 3383 641 3466 ipso
673 3384 792 3446 locello
820 3393 875 3447 aut
897 3387 1051 3448 mansello
1088 3383 1250 3468 aspiciente,

180 3474 292 3550 terris,
315 3468 480 3542 domibus,
502 3465 680 3549 mancipiis,
704 3468 817 3545 vineis,
842 3469 994 3552 pratella,
1016 3469 1144 3545 silvola,
1164 3464 1251 3524 velro-

181 3557 279 3640 liquis
302 3549 470 3616 benefieiis
492 3547 610 3609 ibidem
633 3549 879 3632 aspicientibus,
902 3553 944 3611 ita
963 3563 998 3612 ut
1012 3553 1050 3611 ab
1063 3551 1122 3612 bae
1142 3547 1186 3608 die
1201 3544 1250 3624 ipso

179 3642 251 3702 iure
271 3632 508 3721 proprietario,
530 3630 555 3692 si
574 3633 616 3692 ita
633 3633 795 3709 convenit,
819 3645 874 3695 aut
899 3635 957 3696 sub
980 3637 1103 3695 reditus
1124 3643 1212 3692 terrae
1225 3624 1249 3680 iu

179 3727 236 3786 tuu'
257 3740 387 3784 revoces
406 3722 586 3798 potestate,
610 3724 641 3774 et
663 3715 752 3774 nulla
770 3717 934 3778 fonctions
957 3727 1012 3778 aut
1030 3717 1151 3778 reditus
1168 3722 1249 3796 terrae

178 3808 231 3870 vel
254 3799 421 3889 pascuario
437 3805 491 3858 aut
506 3795 650 3878 agrario,
673 3818 864 3880 carropera,
892 3808 947 3859 aut
973 3801 1180 3881 quodcunque
1200 3789 1247 3849 diu

204 3897 299 3963 otest,
324 3882 440 3948 exinde
461 3878 585 3940 solvere
605 3901 666 3940 uec
682 3890 718 3940 tu
740 3902 800 3941 nec
827 3891 882 3941 tua
905 3883 1071 3965 posteritas
1100 3877 1180 3942 nobis
1203 3888 1248 3930 uec

178 3913 355 4036 iieredibus
374 3962 490 4026 uostris
506 3982 566 4022 uec
580 3962 763 4044 cuicunque
782 3974 851 4046 pest
867 3986 923 4024 nos
950 3965 1016 4048 ipsa
1032 3965 1110 4026 villa
1127 3953 1247 4044 possede-

178 4056 243 4134 rit,
266 4075 332 4114 non
357 4045 517 4121 debeatis,
541 4045 603 4104 nisi
620 4053 742 4104 tautum
758 4046 784 4106 si
807 4047 850 4106 ita
873 4048 945 4109 vult·
972 4048 1062 4128 riga3
1093 4047 1145 4109 sed
1167 4041 1246 4126 ipsuu

179 4137 328 4202 omnibus
349 4131 463 4194 diebus
488 4126 572 4189 vitae
589 4136 663 4187 tuae
680 4138 733 4186 aut
750 4127 877 4190 heredis
896 4129 942 4189 tui
960 4131 1119 4189 emuniter
1135 4123 1245 4186 debeata

178 4219 366 4304 POSSldssses
389 4211 439 4274 vel
466 4209 622 4293 quicquid
639 4208 757 4270 exinde
775 4211 879 4272 facere
897 4211 1063 4272 volueritis
1081 4211 1195 4272 liberam
1207 4199 1245 4256 hu·

177 4303 278 4366 beatis
295 4304 491 4383 potestatem,
533 4293 567 4354 Si
586 4290 658 4374 quis
671 4312 747 4354 vero
766 4293 1011 4379 quodfuturum
1033 4315 1100 4357 esse
1121 4298 1246 4352 uouere·
