2746 4992
233 333 365 394 arua,
470 330 594 388 numm
630 321 865 386 arlancoauu‘
951 333 1012 397 a77.
1121 309 1191 381 201

108 477 143 541 Et
156 494 255 556 neque
274 464 335 557 p'er
349 493 416 553 me,
441 491 547 553 neque
567 492 626 554 per
649 471 801 548 Missum,
832 477 939 554 neque
967 491 1026 553 per
1052 469 1193 548 litteras,

105 561 149 622 sed
167 577 269 638 neque
290 577 350 638 per
367 556 513 617 emissam
527 556 580 616 rel
598 555 811 616 intromissam
825 575 1012 636 personam,
1034 553 1088 616 rel
1109 575 1194 634 quo-

105 661 216 720 cunque
228 639 325 699 modo
344 661 379 699 ac
394 637 642 721 significatione,
653 647 764 698 eontra
777 659 871 698 suum
884 636 1042 697 bonorem
1052 645 1085 698 et
1094 657 1193 714 suam,

103 724 264 800 Ecclesiae,
282 731 379 802 atque
402 721 496 802 regni
511 719 561 778 illi
580 720 739 781 commissi
764 721 907 800 quietem
924 728 956 779 et
979 719 1195 800 tranquillita-

103 819 157 868 tem
171 816 263 886 atqne
276 803 472 865 soliditatem
486 801 676 863 machinabo
694 803 746 863 vel
766 801 963 863 machinanti
984 803 1195 866 consentiam.

104 892 199 970 Neque
215 908 361 968 unquam
375 886 509 968 aliquod
523 885 710 946 scandalum
730 886 875 960 movebo,
890 885 977 966 quod
994 884 1083 944 illius
1099 905 1195 966 prae·

104 971 172 1032 senti
198 969 249 1032 vel
265 971 394 1028 futurae
410 969 506 1029 saluti
523 969 721 1030 contrarium
738 967 790 1028 vel
809 969 963 1029 nocivum
989 989 1056 1030 esse
1084 967 1194 1050 possit.

105 1055 147 1118 sie
167 1072 213 1114 me
238 1055 329 1114 Deus
350 1052 481 1114 adiuret
496 1062 528 1114 et
541 1053 599 1114 ista
618 1061 726 1112 sancta
740 1051 928 1135 patrocinia,

419 1251 763 1314 TITULUS
826 1252 862 1313 L.
1026 1255 1032 1288 ¹
1114 1345 1117 1350 Ι

303 1387 440 1448 Aera
482 1385 683 1448 Saroni
727 1382 975 1446 Rouar'ae
1034 1439 1036 1448 .

105 1520 152 1589 De
177 1517 454 1590 confirmatione
478 1519 664 1590 electionis
686 1517 820 1587 Karoli
841 1517 1092 1608 Imperatoris,
1112 1515 1196 1586 mis-

142 1642 259 1711 saper
277 1619 516 1711 Adalgarium
532 1619 751 1712 Episcopum
775 1617 1147 1708 augustodunensem.

107 1765 132 1824 ln
147 1772 249 1817 vetusto
268 1763 421 1834 exemplari
438 1763 514 1816 istius
533 1765 654 1830 synodi,
674 1773 705 1816 ut
724 1763 880 1816 sirmondus
899 1763 992 1821 docet.
1010 1761 1080 1816 haec
1098 1762 1205 1830 legun-v

106 1835 186 1886 turdc
208 1835 279 1886 actis
296 1835 358 1904 ipsis
387 1834 421 1885 ad
446 1833 576 1886 Karolum
602 1833 794 1904 Imperatorem
829 1835 928 1886 missis:
964 1833 1088 1900 Synodas
1112 1851 1194 1905 quam

109 1905 185 1956 attulit
200 1905 374 1974 Adalgarius
401 1905 554 1974 Episcopus
581 1902 613 1957 de
640 1918 720 1974 parte
745 1905 879 1956 Iohannis
905 1905 997 1974 Papae
1023 1906 1195 1971 aliorumque

110 1973 291 2048 'Episcoporum
310 1974 417 2028 Karolo
437 1973 477 2026 ad
502 1973 603 2025 Urham
628 1977 779 2036 civitatem,
807 1971 921 2047 quarrdo
947 1977 1080 2047 pergebat
1111 1973 1195 2026 isdem

514 2046 638 2098 Karalus
655 2046 775 2098 Romam.
1261 2053 1263 2058 '

109 2157 241 2242 Sequitur
264 2173 354 2241 gesta
381 2163 517 2243 qualiter
545 2137 686 2223 Domnas
713 2161 850 2224 Karolus
866 2159 964 2246 filins
991 2160 1193 2222 Hludonvici

107 2245 300 2328 Imperatoris
318 2243 388 2324 suit
398 2245 507 2326 sactus
531 2249 712 2327 Imperator
741 2247 855 2306 Romae
880 2259 1019 2329 tempore
1043 2244 1194 2306 Iohannis

107 2325 268 2406 Apostolici
277 2371 287 2404 ,
310 2329 401 2388 'anno
425 2328 655 2388 Incarnationis
671 2329 802 2388 Domini
816 2349 1012 2389 ncccnxxvn.
1031 2325 1149 2391 Indict.
1165 2345 1193 2386 x.

107 2453 200 2516 Sarno
223 2457 336 2517 Donni
358 2455 550 2518 Arosrorrcr
572 2457 718 2518 Ioasurus
750 2479 781 2518 ru
809 2457 935 2518 Srrooo
959 2457 1193 2518 Errscoroauu.

110 2559 280 2682 Omnibus
301 2621 580 2704 generationibus,
609 2622 705 2683 immo
732 2623 857 2684 cunctis
877 2621 1065 2686 mortalibus
1094 2619 1197 2699 liquet

108 2702 238 2782 qualiter
255 2705 455 2786 omnipotens
469 2715 502 2765 et
510 2715 635 2767 creator
648 2705 870 2766 universorum
883 2708 970 2766 Deus
984 2703 1018 2763 in
1031 2702 1197 2764 Ecclesiae

107 2805 171 2846 suae
185 2797 275 2868 parte
295 2809 377 2869 quae
404 2788 603 2871 gemebunda
627 2788 853 2871 peregrinatur
874 2787 908 2847 in
929 2787 1042 2864 terris,
1063 2804 1123 2868 per
1140 2805 1197 2866 ge-

109 2870 281 2932 nerationes
314 2880 347 2931 et
379 2872 601 2953 generationes
626 2872 745 2932 electos
769 2892 841 2932 suos
866 2872 958 2934 velut
974 2869 1009 2928 in
1032 2867 1198 2930 coelorum

108 2949 218 3012 ambitu
236 2953 343 3014 sidera
360 2974 444 3014 nova
459 2953 669 3037 produxerit,
691 2961 729 3013 ut
758 2953 841 3014 miro
868 2955 964 3015 morlo
991 2952 1026 3012 in
1052 2951 1198 3013 eiusdem

52 3088 58 3094 ,
107 3031 261 3094 Ecclesiae
284 3037 375 3097 coelo
390 3035 472 3112 fixa,
495 3036 605 3097 divino
633 3035 756 3097 lumine
783 3035 961 3114 radiantia,
982 3035 1198 3097 moerentium

102 3113 220 3178 *animos
244 3117 471 3196 inlustrarent,
501 3116 642 3202 depulsis
667 3127 768 3180 tetrae
797 3119 975 3181 moestitiae
1000 3117 1145 3180 tenebris
1167 3127 1199 3180 et

110 3196 296 3262 diversarum
317 3201 532 3282 angustiarum
549 3200 697 3284 dissipata
717 3199 864 3284 caligine.
915 3203 1005 3262 Inter
1030 3223 1109 3282 quas
1125 3211 1198 3261 tan-

110 3300 196 3358 quam
214 3282 424 3353 clarissimum
437 3284 525 3345 sidus
544 3285 656 3346 diebus
677 3284 792 3350 nostris
818 3305 893 3345 ecoe
922 3283 1014 3344 nobis
1043 3283 1199 3344 Karolum
1266 3313 1269 3321 r

105 3362 405 3427 vchristianissimum
421 3367 605 3451 Principem
622 3389 760 3450 superna
784 3366 986 3450 providentia
1006 3367 1199 3448 praescitum

112 3445 126 3502 t
144 3465 173 3506 se
189 3457 220 3507 et
233 3449 451 3529 praeelectum
471 3460 544 3510 ante
558 3451 669 3511 mundi
687 3449 951 3512 constitutionem
972 3457 1004 3509 et
1020 3449 1198 3530 praedesti-

114 3537 233 3606 natum,
256 3553 321 3590 non
343 3532 404 3591 nisi
423 3531 639 3614 copiosissima
654 3533 858 3595 miseratione
877 3531 961 3592 circa
987 3538 1128 3590 nostram
1150 3555 1200 3593 sa·

112 3609 204 3671 lutem
221 3621 317 3690 mota,
339 3614 516 3675 secundnm
527 3615 681 3696 placitum
695 3635 798 3691 suum,
809 3615 897 3676 iuxta
913 3613 1003 3696 quod
1020 3634 1199 3694 congruum

112 3695 218 3754 eratin
245 3697 305 3756 isto
329 3697 510 3779 periculoso
533 3707 674 3780 tempore
708 3696 841 3772 tribuit,
864 3706 1016 3778 nepotem
1047 3695 1201 3758 videlicet

113 3774 192 3837 illins
211 3779 373 3858 quondam
387 3781 493 3860 magni
511 3779 620 3841 Karoli
633 3779 688 3862 qui
703 3777 934 3860 rempublicam
951 3778 1084 3860 proeliis
1100 3780 1199 3855 auxit,

112 3857 246 3921 victoriis
269 3860 435 3938 dilatavit,
458 3862 614 3944 sapientia
635 3863 811 3924 decoravit:
834 3861 982 3940 quicum
1000 3882 1111 3923 ornnes
1135 3863 1199 3923 Ee·

113 3939 214 4002 clesias
233 3943 452 4020 sublimasset,
474 3965 600 4026 semper
612 3945 673 4006 boc
691 3945 720 4006 ei
743 3955 810 4006 erat
833 3943 866 4003 in
892 3951 984 4018 voto,
1007 3960 1132 4024 semper
1164 3946 1198 4003 in

114 4022 281 4101 desiderio,
302 4025 385 4087 sicut
399 4025 431 4084 in
454 4029 548 4106 gestis
571 4049 651 4109 quae
673 4029 711 4090 de
733 4049 771 4088 eo
790 4027 906 4108 scripta
925 4033 1000 4085 sunt
1017 4026 1148 4107 legitur,
1165 4037 1202 4088 nt

114 4115 240 4166 sanctam
255 4109 429 4168 Romanam
442 4109 618 4172 Ecclesiam
636 4111 667 4169 in
691 4111 859 4192 antiquum
874 4117 989 4170 statum
1005 4115 1037 4167 et
1053 4109 1201 4170 ordinem

114 4189 300 4259 reformaret.
345 4192 436 4252 Unde
456 4200 487 4252 et
506 4193 588 4253 hanc
610 4194 718 4254 multis
736 4192 911 4252 honoribus
936 4190 1071 4266 extulit,
1094 4192 1201 4254 multis

115 4271 332 4335 munificentiis
360 4284 392 4334 et
422 4272 667 4338 liberalitatibus
696 4275 876 4358 ampliavit,
907 4273 986 4334 adeo
1015 4283 1050 4334 ut
1076 4274 1201 4336 amissas
