2786 4980
256 354 290 412 n
308 354 390 414 css.
497 349 625 410 arcun
657 353 879 412 reascensis
994 355 1057 414 sss.
1173 321 1221 410 5³

90 492 286 578 neglexerit
307 513 414 576 usque
440 494 482 557 ad
506 494 680 558 secundam
704 495 828 572 vicem,
850 495 996 558 bannum
1023 495 1223 559 dominicum

97 579 178 641 inde
204 587 397 658 componat;
421 585 455 638 et
476 576 524 640 sic
545 599 605 660 per
620 578 825 640 fideiussores
856 578 896 640 ad
920 579 1138 660 praesentiam
1166 599 1224 640 eo·

96 684 174 723 rum
190 659 393 737 deducatur,
416 668 501 722 utet
523 659 564 722 de
581 660 662 738 illo,
685 659 774 722 etde
791 660 1102 740 contradictoribus,
1125 669 1158 723 et
1182 662 1223 723 de

97 745 170 826 ipso
193 741 323 802 latrone
345 741 525 802 secundum
543 741 632 883 qpod
651 765 746 804 causa
764 743 982 824 coniacuerit,
1005 744 1050 806 sic
1071 745 1224 808 decerna·

97 837 174 904 tur,
201 833 241 884 ut
261 824 386 884 caeteri
410 834 531 885 metum
575 824 700 887 abeant.

189 907 290 971 Vlll.
331 909 402 967 Hoc
416 907 508 966 etiam
528 907 839 969 commendaverunt
854 905 1003 968 seniores
1027 908 1147 986 nostri,
1183 917 1221 971 ut

104 991 133 1052 si
149 988 348 1049 huiusmodi
365 989 592 1066 malefactores,
617 989 702 1051 sicut
718 987 950 1072 praediximus,
973 989 1012 1050 de
1038 1011 1106 1050 nno
1117 1012 1221 1074 regno

94 1074 144 1134 'in
163 1071 257 1132 aliud
278 1071 442 1152 fugerint,
467 1071 609 1132 similiter
629 1071 719 1136 Missi
741 1071 831 1132 illius
856 1071 895 1130 dc
912 1069 1003 1132 cuius
1016 1093 1116 1154 regno
1131 1076 1222 1158 suge·

111 1155 177 1230 rit,
204 1154 245 1214 ad
264 1153 343 1212 alios
365 1153 474 1214 Missos
492 1155 525 1214 iu
541 1154 599 1216 illo
613 1175 738 1236 regno,
769 1152 824 1214 ubi
842 1153 878 1213 su
903 1151 946 1226 it,
973 1151 1036 1215 boc
1051 1164 1162 1216 notum
1177 1161 1222 1216 t'a·

114 1237 224 1312 ciant,
251 1245 284 1296 et
301 1234 348 1294 illi
368 1235 456 1296 Missi
482 1259 535 1298 eos
555 1238 778 1318 constringant
799 1245 835 1296 nt
852 1174 899 1295 ad
919 1236 1005 1297 illud
1027 1257 1165 1318 regnum
1190 1247 1222 1298 et

113 1319 155 1379 ad
172 1319 246 1378 illos
262 1317 372 1378 Missos
398 1319 587 1398 reveniant,
617 1328 654 1380 ut
682 1318 729 1380 ibi
765 1317 913 1401 distringi
932 1317 1057 1402 possint
1072 1318 1126 1380 ubi
1151 1343 1221 1380 ma·

108 1402 180 1463 lum
194 1402 354 1466 fecerunt,

190 1482 251 1544 lX.
293 1483 343 1542 De
377 1481 512 1544 advenis
541 1481 598 1565 qui
631 1481 839 1570 oppressione
861 1481 1133 1544 Nortmaunorum
1167 1481 1220 1542 vel

104 1565 328 1626 Brittanorum
344 1563 378 1622 in
396 1575 504 1645 partes
523 1565 656 1626 istorum
674 1587 851 1650 regnorum
864 1568 1094 1648 confugerunt,
1105 1573 1222 1625 statue·

105 1657 187 1708 runt
211 1647 368 1708 Se'niores
386 1647 490 1707 nostri
508 1658 544 1708 ut
563 1649 580 1708 d
602 1649 695 1709 nullo
716 1647 915 1730 reipublicae
937 1649 1084 1709 ministro
1110 1667 1221 1727 quam-

108 1751 241 1812 cunque
253 1729 445 1789 violentiam
458 1731 511 1790 rel
523 1732 764 1813 oppressionem
780 1739 835 1790 aut
853 1731 1085 1791 eructationem
1098 1731 1221 1812 patian-

109 1823 185 1884 tur;
209 1811 269 1872 sed
296 1812 391 1871 liceat
420 1812 465 1872 cis
491 1815 687 1875 conductum
709 1833 866 1894 quaerere
891 1822 923 1871 et
953 1812 1086 1890 babere,
1114 1813 1219 1873 donec

114 1893 249 1973 aut'ipsi
269 1894 401 1955 redeant
421 1895 462 1954 ad
479 1895 550 1956 loca
568 1919 642 1972 sua,
663 1903 719 1955 aut
740 1895 891 1955 Seniores
908 1893 1039 1956 illorum
1062 1915 1116 1956 eos
1131 1894 1219 1954 reci·

114 1976 217 2058 piant,
258 1975 369 2036 Nullus
388 1986 496 2036 autern
517 1999 571 2040 eos
590 1978 748 2039 inservire
766 1987 965 2060 praesumat,
987 1999 1026 2038 eo
1044 1977 1131 2060 quod
1145 1977 1219 2036 loco

111 2058 307 2118 mercenarii
323 2060 407 2140 apud
427 2059 569 2142 aliquem
588 2060 783 2134 manserint,
807 2080 867 2120 nec
890 2081 1021 2120 censum
1038 2072 1093 2121 aut
1114 2059 1219 2118 tribu-

110 2151 179 2202 tum
204 2140 342 2220 exigere.
385 2142 484 2216 Quod
504 2142 530 2203 si
548 2143 700 2205 inventus
719 2141 819 2202 fuerit
837 2164 877 2203 ex
898 2144 1094 2225 reipublicae
1109 2142 1220 2200 minis-

108 2222 166 2284 tris
188 2232 244 2282 aut
264 2222 336 2282 aliis
356 2223 559 2303 quibuslibet
581 2234 693 2287 contra
715 2222 778 2284 boc
798 2224 924 2308 pietatis
946 2235 1153 2308 praeceptum
1169 2225 1219 2285 sa·

108 2326 183 2368 cere
206 2313 261 2364 aut
270 2304 403 2383 fecisse,
426 2307 571 2368 bannum
590 2307 788 2370 dominicum
806 2307 924 2369 exinde
946 2316 1127 2390 componat.

195 2386 237 2451 X.
281 2389 325 2447 Ut
343 2388 493 2450 omnibus
509 2387 721 2451 denuntietur
736 2391 877 2470 qualiter
895 2392 1006 2451 cuncti
1031 2391 1097 2452 sint
1123 2409 1217 2471 pree·
1264 2421 1267 2428 ι

106 2469 214 2554 parati
231 2469 272 2528 ad
294 2489 523 2553 quamcunque
539 2471 760 2534 necessitatem
780 2472 1024 2549 imminentem,
1047 2482 1083 2531 ut
1099 2491 1218 2532 sccun-

109 2554 188 2614 dum
210 2549 490 2628 consuetudinem,
512 2566 610 2637 prout
632 2555 806 2616 necessitas
828 2553 987 2628 evenerit,
1011 2553 1051 2613 ad
1065 2552 1128 2612 Dei
1147 2573 1217 2613 ser·

109 2635 224 2694 vitium
242 2644 274 2695 et
289 2635 438 2713 illorum,
461 2647 558 2718 atque
582 2639 622 2701 ad
637 2637 876 2700 defendendam
906 2644 1048 2696 sanctam
1069 2631 1130 2696 Dei
1151 2635 1217 2696 Ec-

113 2717 243 2778 clesiam
263 2725 295 2778 et
314 2740 469 2800 regnum,
492 2741 603 2781 omnes
625 2721 691 2781 sint
706 2719 897 2802 praeparati.

191 2798 250 2860 Xl.
295 2799 445 2884 Capitula
459 2804 622 2864 autemavi
634 2813 665 2864 ct
674 2801 773 2883 patris
784 2801 895 2878 nostri,
907 2821 989 2882 quae
1000 2799 1033 2860 in
1043 2798 1219 2882 praescrip-

106 2883 146 2944 tis
169 2884 506 2959 commemoravimus,
529 2885 641 2966 quiex
663 2885 768 2946 Missis
789 2885 906 2946 nostris
935 2905 1001 2944 non
1024 2881 1217 2959 habuerint,

106 2975 140 3025 et
157 2966 205 3026 eis
223 2964 445 3045 indiguerint,
467 2977 503 3026 ut
520 2968 686 3028 commissa
709 2988 769 3048 per
788 2967 844 3028 illa
877 2966 1039 3060 corrigere
1071 2964 1216 3048 possint,

104 3049 194 3108 sicut
211 3048 244 3105 in
267 3047 389 3108 eisdem
408 3049 565 3132 Capitulis
591 3049 737 3128 iubetur,
766 3049 805 3110 de
835 3051 955 3111 scrinio
984 3059 1094 3111 nostro
1117 3048 1173 3110 rel
1197 3048 1217 3110 ai

104 3129 314 3190 Cancellario
337 3139 445 3190 nostro
474 3131 652 3214 accipiant,
684 3141 721 3192 ut
750 3131 1046 3197 rationabiliter''et
1067 3131 1217 3214 legaliter

106 3221 226 3274 cuneta
245 3212 410 3293 corrigant
432 3222 464 3274 et
484 3213 666 3297 disponant.
959 3283 960 3288 η

189 3292 271 3358 ΧΙΙ.
314 3297 356 3354 Ut
373 3298 597 3379 unusquisque
616 3297 729 3358 Missus
745 3296 778 3357 in
799 3319 856 3358 suo
874 3297 1033 3362 missatico
1055 3296 1217 3378 provisio·

106 3397 181 3437 uem
200 3376 320 3437 babeat
333 3387 370 3437 ut
385 3378 412 3438 si
431 3379 547 3459 aliquis
564 3381 602 3440 de
622 3381 736 3441 nostris
762 3379 912 3440 fidelibus
942 3400 1002 3460 per
1022 3380 1218 3440 missaticum

105 3481 201 3520 suum
216 3459 390 3538 transierit,
403 3471 457 3521 aut
469 3461 513 3520 ibi
532 3463 709 3524 consistens
731 3461 783 3523 vel
801 3482 1003 3522 commanens
1022 3461 1149 3542 rapinas
1163 3461 1218 3519 vel

110 3541 388 3624 depraedationes,
398 3554 453 3602 aut
470 3545 546 3604 talia
563 3545 687 3606 inlicita
704 3544 820 3605 fecerit
833 3543 872 3602 dc
893 3542 1009 3624 quihus
1023 3545 1111 3603 Deus
1121 3541 1219 3602 offen-

110 3623 142 3684 di
156 3625 253 3699 solet,
264 3627 441 3706 etpopulus
454 3647 511 3707 pro
525 3627 729 3710 oppressione
743 3647 879 3708 gemere;
897 3637 1054 3704 quatenus
1070 3623 1132 3684 boc
1148 3623 1221 3682 sub·

110 3707 215 3767 tiliter
231 3715 264 3765 et
278 3709 436 3768 veraciter
449 3705 631 3790 investiget,
650 3720 681 3770 et
692 3709 782 3770 nobis
795 3707 972 3784 renuntiet,
987 3706 1128 3788 qualiter
1142 3705 1221 3764 inde

112 3811 169 3850 nos
179 3787 226 3848 sic
237 3789 435 3864 ordinemus,
453 3801 488 3850 ut
499 3813 559 3853 nec
569 3794 753 3874 ipsum,nec
764 3791 862 3851 alium
876 3791 939 3850 boc
958 3811 1050 3868 agere
1071 3787 1220 3852 delectet.

194 3868 295 3932 Xlll.
339 3875 381 3932 Ut
400 3873 488 3934 Missi
508 3874 541 3932 in
561 3875 693 3936 illoram
708 3873 875 3935 missaticis
895 3893 1005 3933 curam
1020 3870 1160 3934 habeant
1176 3889 1218 3928 ne

114 3951 263 4014 homines
282 3951 403 4032 nostri,
425 3967 478 4016 aut
502 3957 734 4043 aliiquilibet,
757 3957 882 4020 vicinos
909 3975 981 4016 suos
1007 3953 1142 4012 maiores
1166 3951 1219 4014 vel

113 4037 256 4096 minores
270 4045 413 4120 tempore
433 4040 581 4116 aestatis,
604 4041 733 4120 quando
754 4039 793 4100 ad
819 4037 952 4098 herbam
975 4058 1049 4096 suos
1079 4032 1219 4094 caballos

114 4118 263 4194 mittunt,
288 4119 340 4179 vel
358 4129 500 4204 ternpore
525 4121 669 4206 hyemis,
697 4121 827 4202 quando
852 4119 1060 4179 marascalcos
1088 4113 1219 4180 illorum

115 4201 153 4259 ad
167 4203 299 4260 fodrum
321 4200 489 4284 dirigant,
523 4205 779 4285 depraedentur
800 4213 853 4264 aut
872 4201 1065 4283 opprimant.
1122 4197 1163 4260 Et
1192 4200 1221 4258 si

116 4284 257 4363 egerint,
281 4282 343 4344 hoc
366 4287 481 4358 etiam,
505 4295 540 4346 ut
556 4283 796 4370 praediximus,
819 4285 979 4349 veraciter
999 4279 1087 4345 Missi
1119 4281 1222 4342 nostri
