2786 4980
181 351 232 428 to
430 367 461 424 a,
480 365 559 424 cua
663 364 907 423 carrruaaam
1009 367 1071 428 ssa.

181 510 258 572 toris
277 525 481 590 nequaquam
494 503 688 568 fastidientis
705 505 891 567 iniunctum
903 515 936 568 et
947 492 1196 592 Metropolitan'o
1213 509 1286 575 clus

179 603 217 655 ut
230 590 391 652 adiunctis
413 609 522 650 secum
535 585 658 670 aliquot
677 588 857 671 Episcopis,
874 590 913 652 ad
931 591 1087 672 oppidum
1103 593 1286 653 Nivernen-

179 697 214 740 se
234 673 421 747 accederet,
454 679 487 732 et
512 671 619 730 omnia
644 671 690 731 ibi
719 670 847 753 negotia
878 673 1092 736 ecclesiastica
1122 674 1288 756 sapienter

140 779 152 792 “
179 763 407 835 componeret;
446 752 551 834 ipsum
578 773 655 814 vero
679 754 906 835 coepiscopum
930 776 1023 816 suum
1052 755 1287 818 Herimaunum

180 839 266 920 apud
285 836 398 896 urbem
414 835 580 895 Senonum
600 857 710 896 secum
728 835 871 911 haberet,
885 837 988 897 donec
1010 838 1184 912 (aestivum
1200 847 1285 898 tem-

179 943 252 1004 pus,
279 917 368 999 quod
385 915 477 979 valde
498 917 695 978 contrarium
711 917 886 980 infirmitati
908 918 996 981 illius
1016 919 1189 997 ferebatur,
1210 942 1285 1002 per·

179 1001 341 1074 transiret,
363 1009 396 1062 et
415 998 480 1072 sic,
500 1000 640 1060 Domino
659 1009 842 1076 annuente,
870 1001 1061 1062 abstinentia
1086 1003 1285 1082 competenti

180 1092 352 1157 assuetum,
364 1081 538 1162 episcopali
561 1082 713 1163 gravitate
730 1083 922 1144 instructum
941 1083 994 1163 b),
1020 1084 1200 1166 apostolicis
1213 1106 1287 1145 mo-

73 1223 76 1230 .
179 1167 268 1228 ribus
289 1164 511 1237 informatum,
529 1164 636 1226 clerus
653 1174 686 1226 et
707 1164 846 1248 populus
874 1185 947 1226 eum
967 1166 1133 1229 adsedem
1154 1166 1287 1250 propri-

101 1297 108 1312 .
181 1270 231 1310 am
251 1247 385 1323 utiliter,
408 1247 538 1306 favente
562 1247 625 1307 Dei
650 1247 768 1329 gratia,
797 1256 976 1310 revocaret.

238 1353 305 1428 (De
331 1347 515 1412 Burclando
546 1349 715 1447 Carnutum
727 1351 897 1508 ⁸Epispopo
926 1351 1038 1414 cedere
1063 1352 1119 1413 vel
1139 1351 1228 1414 ordi.
1313 1439 1317 1442 ‚

628 1453 699 1493 nare
721 1453 804 1495 russo
827 1478 834 1494 .
1194 1447 1199 1454 ·

263 1537 321 1599 lli.
362 1539 410 1598 De
424 1534 611 1600 Burcbardo
628 1535 733 1612 ctiam,
754 1537 810 1620 qui
823 1539 1001 1600 Carnutum
1011 1543 1038 1616 c)
1051 1539 1228 1601 Ecclesiam
1238 1548 1288 1601 te·

185 1619 293 1697 nebat,
315 1628 468 1681 statutum
492 1627 540 1678 est
561 1627 598 1678 ut
622 1629 676 1679 aut
698 1642 731 1681 se
752 1619 906 1681 idoneum
932 1621 1185 1682 adsumendum
1206 1621 1288 1704 epis·
1376 1619 1377 1650 ³

183 1703 329 1787 copulem
349 1701 482 1784 gradum
504 1700 669 1764 admonitu
684 1703 871 1766 Wenilonis
897 1704 1136 1785 metropolitani
1156 1704 1288 1785 Episco-

181 1786 217 1868 pi
238 1784 432 1860 ostenderet,
453 1791 508 1842 aut
521 1793 607 1843 certe
630 1805 767 1866 pronam
786 1783 818 1845 in
849 1807 882 1846 se
899 1786 1103 1846 clementiam
1125 1786 1287 1870 Principis

182 1886 395 1948 cognoscens,
426 1865 566 1942 cederet,
589 1864 623 1924 in
650 1876 787 1949 utroque
812 1867 874 1928 Dei
903 1867 1060 1930 iudicium
1084 1877 1288 1949 experturus,

181 1949 288 2030 igitur
309 1947 457 2028 sequenti
474 1946 526 2006 dic
546 1968 639 2008 causa
659 1949 747 2010 illius
770 1949 810 2009 ad
826 1949 969 2010 medium
989 1950 1136 2026 deducta,
1155 1971 1289 2010 venera-

181 2031 264 2093 biles
282 2029 443 2111 Episcopi,
464 2029 635 2089 Remorum
654 2031 919 2113 Metropolitanus
938 2032 1138 2109 Hinemarus,
1157 2033 1289 2113 Lugdu-

181 2113 333 2174 nensium
352 2111 530 2189 Pendulus,
552 2111 801 2174 Aurelianorum
826 2113 946 2194 ligius,
969 2115 1099 2174 seorsim
1127 2136 1202 2174 eum
1229 2114 1287 2174 ad-

182 2214 315 2255 monere
336 2191 499 2276 praecepti
519 2202 594 2253 sunt
613 2203 649 2254 ut
671 2196 698 2256 si
721 2197 839 2278 absque
862 2195 1044 2256 discrimine
1067 2197 1207 2273 valeret,
1229 2197 1282 2258 of-

184 2277 294 2337 ficium
314 2296 346 2335 se
368 2295 459 2356 posse
484 2275 612 2356 aggredi
641 2277 807 2349 fateretur,
835 2287 890 2338 aut
910 2279 936 2340 si
957 2299 1022 2337 non
1043 2285 1160 2359 posset,
1185 2299 1286 2358 prop·
1374 2277 1375 2280 ’

183 2356 308 2421 terDei
325 2355 485 2432 timorem,
499 2357 785 2439 impossibilitatem
802 2360 943 2441 ingenue
961 2360 1179 2421 confiteretur.
1205 2361 1287 2420 Par·
1374 2405 1375 2428 ,

181 2450 215 2504 te
235 2438 327 2515 cleri,
348 2459 430 2520 quae
453 2449 701 2520 praesenserat,
726 2442 786 2502 hac
815 2443 970 2502 laicorum
991 2443 1112 2502 bonum
1139 2441 1167 2499 ei
1193 2440 1287 2501 testi·
1374 2499 1375 2518 ,

184 2522 330 2585 moniam
344 2521 547 2604 perhibente,
569 2524 748 2586 memoratis
766 2524 971 2587 Praesulibus
991 2523 1218 2598 suadentibus,
1245 2523 1287 2582 ad

184 2603 369 2668 Concilium
391 2603 602 2681 intromissus,
619 2613 709 2666 tanto
734 2607 866 2690 quidem
891 2607 989 2687 gradu
1004 2628 1037 2667 se
1063 2605 1195 2688 dignum
1219 2625 1288 2666 esse
1373 2647 1374 2652 κ

182 2686 329 2774 profiteri
362 2686 560 2768 arrogantiae
586 2688 719 2751 asseruit
746 2697 830 2765 esse,
856 2709 921 2748 non
949 2687 1102 2750 veritatis.
1155 2686 1190 2747 si
1214 2687 1289 2769 quis

180 2792 263 2834 ¹roro
280 2768 399 2830 crimen
422 2768 554 2850 aliquod
574 2769 632 2830 sibi
649 2766 752 2832 vellet
770 2771 909 2848 obicere,
929 2770 1016 2832 adid
1034 2768 1236 2852 purgandum
1254 2791 1289 2830 se

182 2862 330 2939 paratum
349 2873 417 2912 esse
435 2851 580 2914 firmavit.
622 2852 721 2912 Nullo
736 2853 793 2937 qui
808 2853 841 2913 id
858 2862 1029 2912 conaretur
1045 2852 1216 2928 existente,
1235 2849 1290 2911 de-

184 2934 288 2997 crevit
310 2935 587 3015 sanctasynodus
610 2955 651 2996 ne
675 2935 733 2996 din
753 2937 932 2997 Carnutum
952 2935 1043 2996 sedes
1071 2939 1209 3008 vacaret,
1231 2932 1290 2992 sed

184 3015 315 3078 directis
338 3015 437 3085 illuc,
456 3015 633 3075 secundum
654 3019 852 3078 voluntatem
877 3015 1115 3099 metropolitani
1136 3013 1288 3094 Episcopi

183 3097 378 3158 venerabilis
401 3097 606 3173 Wenilonis,
645 3100 703 3179 qui
726 3102 918 3162 electionem
946 3098 1081 3180 praefati
1108 3094 1286 3156 Barchardi

183 3188 464 3260 recognoscerent,
478 3188 521 3240 ,et
535 3178 594 3262 ipsi
614 3183 786 3262 referrent,
808 3182 990 3267 optantibus
1012 3179 1169 3242 canonice
1196 3177 1285 3238 ordi·

184 3271 316 3322 nasetur
337 3260 524 3342 Episcopus.

184 3363 329 3444 (Aldrici
350 3364 503 3449 Episcopi
524 3366 668 3449 paralysi
687 3367 875 3430 ’'laborantis
905 3367 1051 3430 Ecclesia
1065 3367 1144 3428 „eius
1167 3365 1287 3427 Metro.

528 3450 672 3532 politiano
694 3451 940 3527 commendate.)
1168 3469 1171 3475 ⁴

264 3553 321 3618 IV.
363 3553 533 3616 Praeterea
559 3555 816 3630 Cenomannicae
845 3556 933 3616 urbis
964 3551 1115 3616 Aldricns
1149 3554 1285 3637 Episco-

181 3657 254 3722 puS,
284 3636 422 3718 paradysi
446 3637 628 3714 dissolutus,
650 3638 816 3720 epistolam
834 3637 961 3715 direxit,
990 3657 1116 3697 causam
1136 3657 1210 3698 suae
1234 3637 1285 3695 ab·

181 3719 303 3784 sentiae
324 3718 501 3797 insinuans,
528 3730 706 3801 petensque
730 3729 766 3788 ut
785 3721 921 3780 maxime
943 3720 1005 3780 sibi
1027 3718 1132 3778 adhuc
1151 3719 1284 3796 virenti,

181 3813 213 3863 et
243 3801 506 3883 quandocunque
532 3802 708 3878 del'unct0,
734 3803 831 3862 sacris
855 3803 1003 3883 precibus
1036 3801 1283 3882 opitularentur.

181 3885 279 3962 Quod
304 3885 517 3944 exuberantes
545 3885 675 3944 caritate
697 3905 729 3944 sc
752 3885 891 3944 facturos
921 3904 1031 3943 omnes
1058 3885 1285 3963 promiserunt,

182 3977 213 4034 el
242 3966 491 4046 Metropolitano
518 3965 607 4026 illius
631 3966 812 4026 Turonicae
838 3965 925 4026 urbis
948 3966 1125 4028 venerabili
1151 3965 1285 4046 Episco-

179 4071 223 4132 po
243 4047 415 4125 dmalrico,
436 4057 472 4108 ut
493 4048 533 4108 ad
552 4048 688 4112 eandem
714 4047 826 4110 urbem
848 4047 1033 4124 accederet,
1058 4045 1283 4125 iniunxerunt,

185 4199 475 4218 -υ--υ-κ-ι--ι-ι

214 4274 247 4345 b)
264 4274 372 4332 Desunt
389 4277 417 4332 in
437 4279 495 4333 eod.
516 4279 583 4334 Cod.
797 4278 823 4348 r)
841 4281 877 4335 al.
895 4297 943 4339 mr.
965 4280 1160 4363 carnotenam.
