2658 4978
226 259 258 310 a.
281 257 353 309 ,ena
470 254 597 310 neuun
617 256 838 314 raaucoaun
948 259 1010 323 ast.
1103 244 1176 322 147

93 421 187 484 panem
201 397 357 472 vendunt,
372 394 442 457 fieri
457 394 591 458 faciant:
613 416 694 477 quos
718 395 743 457 si
761 395 886 459 inventi
906 401 1030 464 fuerint
1044 403 1176 471 adulte-

90 504 145 543 rare
164 480 211 542 vel
228 481 409 554 minorare,
440 489 475 538 ut
495 499 591 560 supra
618 479 768 556 diximus,
790 482 968 543 seeundum
992 508 1085 548 suum
1105 512 1172 552 mo·

90 568 149 624 dum
168 562 343 642 culpabiles
370 561 566 626 iudicentur.
620 563 772 622 Homines
794 563 887 622 etiam
911 567 968 646 qui
994 570 1170 650 providen-

88 647 146 705 tiam
167 644 285 704 babere
308 643 469 703 debebunt
487 665 528 704 ne
551 663 681 704 maneae
699 665 866 706 mensurae
889 647 978 726 fiant,
1000 651 1025 710 si
1047 652 1172 736 deper-

87 729 152 788 iurio
174 727 263 808 quod
285 725 473 788 iuraverunt
500 726 575 808 qnia
601 725 663 784 boc
684 728 867 788 consentire
886 751 952 790 uon
972 732 1168 816 debuissent,

83 811 176 870 revicti
197 809 341 882 fuerint,
371 809 549 868 secundum
578 808 683 888 legem
709 809 907 890 puniantur,
937 813 1019 876 sieut
1045 814 1080 877 in
1101 817 1167 881 fine

82 892 195 974 ‹eapitnli
225 889 345 952 decimi
369 911 409 950 ex
438 890 522 951 libro
548 891 642 951 tertio
672 892 895 972 Capitulorum
931 894 1089 978 babetur,
1132 909 1168 963 et

81 986 170 1056 postea
191 974 229 1033 ab
248 973 410 1056 Episcopo
436 974 598 1056 publicam
625 973 860 1056 poenitentiam
882 975 922 1038 de
945 979 1089 1062 periurio
1111 1005 1167 1046 ac·

80 1059 101 1118 ei
123 1059 192 1122 iant.

103 1082 120 1141 p
144 1138 236 1204 XXI.
280 1139 324 1198 Ut
343 1135 419 1218 quia
439 1157 499 1218 per
522 1137 672 1220 tresiam
696 1159 797 1200 annos
822 1137 965 1201 bannum
982 1164 1041 1225 pro
1058 1144 1165 1208 reiec-

77 1223 149 1282 tione
172 1221 335 1282 bonornm
362 1217 567 1279 denariorum
588 1222 851 1302 perdonavimus,
873 1225 1021 1287 volumus
1040 1238 1078 1288 ut
1095 1249 1166 1289 mo·

77 1306 117 1381 do,
136 1305 314 1365 secundnm
334 1301 559 1362 discretionem
578 1323 674 1383 qnam
693 1303 796 1366 Missis
826 1306 941 1367 nostris
963 1310 1167 1370 commenda·

75 1388 172 1462 vimus,
193 1385 402 1447 rewadiatum
424 1384 636 1465 persolvatur,
660 1395 692 1446 et
710 1385 764 1445 ubi
786 1387 994 1448 rewadiatum
1020 1401 1164 1470 nonest,

75 1468 249 1529 rewadietur
276 1478 308 1529 et
330 1469 489 1529 solvatur:
510 1477 668 1548 qnatenus
690 1477 780 1528 etex
799 1467 862 1528 hoe
887 1480 919 1530 et
934 1493 975 1532 ex
994 1471 1166 1555 disciplina

72 1551 228 1611 constituta
259 1551 303 1609 ita
334 1549 516 1625 constricti,
547 1548 698 1632 deinceps
732 1559 858 1611 cessent
890 1553 1037 1615 denarios
1062 1555 1165 1618 bonos

74 1633 188 1695 reicere.
230 1633 274 1694 Et
301 1633 455 1714 qnoniam
481 1630 671 1708 audivimus,
694 1634 861 1694 occasione
881 1646 1011 1717 accepta
1034 1659 1093 1720 pro
1109 1659 1166 1702 re-

73 1717 189 1777 wadiato
207 1716 331 1792 banno,
353 1714 507 1796 quosdam
525 1712 598 1795 plus
625 1738 641 1773 a
666 1715 861 1796 pauperibus
882 1719 1040 1800 accepisse
1065 1742 1164 1802 quam

72 1797 179 1860 bannus
203 1798 317 1874 levet,
339 1797 402 1858 hoc
422 1819 440 1856 a
465 1796 568 1857 Missis
585 1799 701 1858 nostris
731 1798 907 1880 diligenter
926 1802 1051 1882 requiri
1073 1804 1165 1864 volu·

73 1901 139 1940 mus.
175 1883 218 1942 Et
241 1881 430 1962 quicunque
450 1880 522 1960 plus
542 1877 582 1938 ab
603 1879 648 1940 eis
666 1890 861 1960 aeceperunt
882 1902 978 1962 quam
1004 1884 1164 1962 iussimus,

73 1972 212 2043 cogantur
230 1963 300 2024 iltis
320 1963 489 2022 restituere
513 1969 544 2022 et
564 1961 638 2022 illos
660 1963 779 2045 absque
802 1963 870 2021 nlla
892 1966 1099 2028 excusatione
1124 1968 1165 2028 ad

73 2046 271 2124 praesentiam
298 2055 436 2104 nostram
465 2042 553 2104 Missi
579 2045 678 2104 nostri
708 2045 884 2116 adducant3
917 2057 1075 2127 quatenus
1104 2071 1164 2131 per

74 2137 195 2187 nostram
223 2128 453 2187 harmiscaram
480 2125 521 2186 ita
546 2127 754 2208 castigentur,
778 2149 819 2189 ne
849 2127 985 2192 ulterius
1008 2130 1065 2190 tali
1087 2153 1164 2193 eon-

72 2207 146 2269 ludio
167 2232 220 2272 eos
241 2211 384 2272 delectet
407 2208 587 2290 opprimere
610 2229 775 2292 pauperes.

138 2293 236 2354 XXII.
283 2295 325 2353 Ut
347 2314 365 2350 a
388 2290 511 2352 colonis
535 2289 592 2371 qui
625 2291 688 2351 iam
711 2313 769 2372 pro
793 2291 972 2356 reiectione
1001 2295 1163 2361 bonorum

71 2371 263 2434 denariorum
289 2373 440 2458 flagellati
467 2373 518 2432 vei
545 2372 729 2454 flagellandi
759 2383 844 2451 sunt,
868 2376 959 2435 nulla
977 2379 1039 2439 alia
1065 2400 1164 2442 exae-

70 2455 108 2514 tio
127 2458 326 2538 requiratur;
358 2466 390 2518 et
416 2454 504 2518 siah
529 2455 639 2537 aliquo
666 2477 778 2516 eorum
803 2457 927 2539 aliquid
949 2458 1024 2520 inde
1045 2482 1162 2546 aecep—
1210 2509 1213 2516 .

70 2541 223 2616 tumfuit,
257 2563 274 2598 a
301 2538 405 2600 Missis
432 2536 548 2598 nostris
578 2547 710 2621 cogatur
731 2539 867 2605 restitui.
908 2540 951 2601 Et
976 2542 1033 2622 qui
1058 2541 1187 2604 bene?

71 2619 128 2680 ficio
147 2622 195 2683 vel
215 2621 328 2684 alodes
348 2621 381 2680 in
405 2620 530 2681 duobus
553 2621 605 2682 vel
626 2620 729 2681 tribus
756 2630 811 2681 aut
836 2632 977 2704 quatuor
1000 2625 1160 2686 comitati-

69 2701 116 2762 bus
135 2703 272 2782 babent,
307 2713 339 2764 et
364 2724 429 2763 non
455 2702 575 2763 babent
601 2703 635 2762 in
665 2724 863 2785 unoquoque
889 2705 1041 2766 comitatu
1071 2709 1160 2770 nude

69 2785 185 2864 plenum
209 2787 359 2848 bannum
382 2786 511 2847 valeant
541 2786 683 2862 solvere,
722 2787 775 2846 vel
800 2785 857 2868 qui
884 2786 917 2846 in
944 2809 1010 2848 uno
1034 2798 1161 2852 tantum

69 2869 204 2930 comitatu
225 2868 356 2932 alodem
387 2868 438 2929 vel
465 2866 623 2928 beneficia
643 2867 784 2946 habent,
813 2878 846 2929 et
873 2891 938 2931 non
964 2879 1090 2932 tantum
1112 2872 1159 2933 ibi

68 2947 277 3013 habentnnde
297 2953 431 3035 plenum
459 2949 603 3009 bannum
625 2950 754 3010 valeant
780 2951 925 3030 solvere,
955 2953 1059 3016 Missis
1081 2977 1158 3017 nos·

69 3033 113 3092 tris
130 3033 188 3096 boe
206 3042 323 3096 notum
347 3033 476 3107 faciant,
500 3042 531 3094 et
553 3034 616 3093 hoc
644 3032 683 3091 ab
704 3033 825 3094 eisdem
844 3034 949 3096 Missis
967 3037 1082 3099 nostris
1106 3037 1158 3102 di-

67 3111 190 3196 ligantes
207 3116 429 3192 inbrevietur,
452 3124 484 3177 et
515 3114 606 3176 nobis
633 3115 858 3193 renuntietur,
890 3127 927 3177 ut
954 3129 1062 3180 nostra
1089 3121 1157 3182 dis·

67 3198 192 3262 eratione
217 3198 430 3260 decernamus
451 3196 591 3279 qualiter
614 3205 645 3257 et
672 3196 836 3279 castigatio
858 3219 898 3260 ex
922 3202 1156 3285 compositione

67 3276 124 3356 fiat,
149 3291 179 3344 et
193 3281 344 3342 homines
363 3280 448 3341 ultra
466 3300 647 3340 mensuram
667 3289 699 3341 et
714 3279 856 3340 indebite
877 3301 944 3342 non
964 3295 1156 3364 graventur:

67 3360 145 3441 quia,
171 3365 256 3426 sicut
276 3371 383 3424 saneta
402 3361 567 3444 Scriptura
584 3360 675 3438 dicit,
697 3383 762 3422 non
786 3362 863 3422 inde
881 3365 1078 3444 requirimus
1099 3367 1158 3427 da-

68 3449 139 3523 tum,
169 3447 227 3510 sed
253 3447 418 3523 fructum,
448 3445 482 3506 id
508 3453 556 3505 est
580 3464 647 3503 non
675 3443 752 3504 inde
783 3441 979 3525 requirimus
1015 3447 1156 3510 inhone-

67 3533 136 3586 stum
155 3529 294 3606 litorum,
317 3528 374 3590 sed
399 3526 492 3610 regni
515 3547 556 3586 ex
578 3525 785 3607 castigatione
811 3527 1002 3607 profectum.
1044 3531 1155 3611 Turpe

67 3609 111 3668 vel
131 3611 336 3674 inhonestum
357 3620 405 3672 est
423 3610 562 3685 lucrum,
584 3617 621 3667 ut
641 3607 842 3750 Anqnstinus
865 3609 1009 3690 exponit,
1030 3632 1090 3692 per
1104 3605 1157 3674 va·

67 3688 118 3751 rias
137 3692 428 3755 circumventiones
447 3700 479 3753 et
499 3689 682 3752 occasiones
716 3689 851 3750 uorandi
871 3711 965 3751 eausa
982 3691 1155 3756 inhoneste

69 3790 109 3832 res
125 3777 282 3855 quaslibet
304 3774 505 3857 congregari.
545 3773 588 3833 Et
612 3793 676 3831 non
705 3773 810 3833 solum
837 3771 872 3837 iu
897 3774 1155 3856 pauperioribus,

68 3854 221 3918 sedetiam
241 3857 275 3918 iu
309 3857 498 3933 ditioribus,
528 3853 731 3917 considerare
753 3855 903 3916 volumus
928 3857 1156 3919 discretionem

67 3955 147 4014 quam
170 3940 349 4003 decessores
375 3939 476 4000 nostri
493 3939 596 4020 Reges
615 3937 649 3995 in
675 3946 790 4018 quarto
817 3936 901 3997 libro
929 3939 1155 4020 Capitulorum

67 4034 237 4102 posuerunt,
260 4023 400 4106 capitulo
428 4021 528 4085 LVII.
550 4019 781 4080 decernentes:
810 4022 851 4080 Ut
877 4019 917 4080 de
942 4021 1069 4098 debito,
1101 4022 1155 4082 in·

67 4101 176 4182 quiunt,
198 4107 287 4188 quod
306 4106 347 4168 ad
362 4126 443 4188 opus
464 4112 609 4164 nostrum
627 4102 727 4163 suerit
742 4100 963 4180 rewadiatum,
985 4105 1056 4164 talis
1074 4126 1155 4166 con·

68 4179 199 4250 sideratio
222 4189 279 4252 fiat
302 4197 338 4252 ut
359 4187 386 4253 is
403 4185 462 4270 qui
479 4186 667 4269 ignoranter
692 4183 856 4268 peccavit,
886 4205 952 4247 non
975 4195 1079 4250 totum
1101 4208 1154 4250 se·
