2746 4992
525 317 793 374 cannumnmnr
1140 301 1212 371 279

103 459 257 532 celeriter
269 457 376 523 redire
393 459 557 524 festinent.
579 457 676 537 Quod
695 457 723 520 si
740 454 969 541 contempserit
997 454 1121 538 facere,
1148 456 1211 522 im-

101 544 223 633 periali
239 542 401 605 sententia
418 543 563 604 feriatur.

269 650 319 713 De
339 649 534 708 immunitate
555 643 696 729 infracta
717 643 855 708 Karalus
881 642 1046 725 Augustus.

185 761 284 828 VIII.
327 761 361 823 Si
384 760 457 846 quis
472 760 556 820 iufra
576 761 714 822 claustra
728 760 947 822 Ecclesiarum
965 762 1032 825 Dei.
1048 762 1210 826 violenter

101 849 294 924 intraverit,
317 855 348 907 ct
365 844 600 905 immunitatem
616 843 794 926 infringere
817 847 1085 927 praesumpserit,
1108 869 1211 931 usque

102 936 146 995 ad
162 928 387 994 satisfactionis
407 927 666 990 emendationem
677 927 796 1001 veniat,
819 926 962 986 omnium
982 929 1208 991 commuuione

101 1018 269 1100 privetur,
293 1022 325 1073 et
343 1012 361 1071 ai
379 1019 503 1072 sanctae
516 1009 578 1070 Dei
601 1008 767 1072 Ecclesiae
784 1008 949 1071 liminibus
971 1021 1127 1089 arceatur,
1150 1035 1211 1074 nec

104 1122 180 1160 cum
197 1096 346 1158 fidelibus
366 1092 580 1155 communicet
599 1091 656 1175 qui
678 1101 878 1153 sacrosancto
901 1093 974 1154 loco
996 1093 1108 1154 divino
1138 1095 1211 1156 cul·

104 1184 155 1243 tui
184 1189 368 1241 consecrato
394 1177 459 1236 vim
487 1176 607 1235 inferre
634 1197 699 1237 non
724 1175 847 1234 metuit.
895 1174 1039 1235 Primum
1066 1198 1141 1258 ergo
1172 1177 1211 1236 ab

105 1264 267 1348 Episcopo
286 1259 457 1343 parochiae
473 1258 799 1320 excommunicandus
820 1268 884 1335 est,
906 1267 939 1318 et
958 1257 1053 1319 abeo
1076 1261 1211 1321 caeteris

106 1345 272 1430 Episcopis
289 1341 577 1419 innotescendum,
608 1351 645 1402 ut
667 1341 790 1401 nullius
817 1341 1037 1402 communioni
1059 1340 1212 1425 iungatur

107 1431 213 1491 donec
235 1424 437 1487 emendando
459 1422 639 1484 satisfaciat.
682 1425 796 1492 Comes
817 1444 894 1483 vero
915 1423 987 1506 pagi
1009 1422 1108 1506 ipsius
1135 1447 1210 1485 eum
1258 1451 1260 1458 ·

103 1533 166 1596 per
182 1511 326 1570 bannum
345 1507 456 1569 venire
483 1505 598 1584 faciat,
629 1514 663 1567 ct
692 1526 752 1588 per
775 1506 881 1586 legem
908 1506 1014 1567 omnia
1039 1508 1211 1568 emendare

104 1593 337 1674 compeliatur;
360 1601 393 1651 et
408 1609 467 1671 pro
485 1588 601 1648 damno
619 1591 709 1669 quod
731 1587 764 1647 in
788 1587 988 1650 immunitate
1019 1590 1114 1665 fecit,
1136 1585 1211 1652 iex-

104 1674 351 1739 centossolidos
378 1681 572 1754 componat.v
597 1672 631 1732 Si
655 1681 762 1732 autem
781 1669 849 1754 ipse
878 1692 938 1732 nec
969 1672 1136 1755 Episcopis
1152 1693 1212 1734 nec

104 1758 227 1820 Comiti
242 1755 460 1838 acquieverit,
483 1755 500 1813 b
520 1755 623 1817 Missis
643 1754 759 1816 nostris
775 1754 1024 1837 comprehensus
1045 1755 1079 1814 in
1105 1777 1213 1817 causas

104 1851 232 1902 nostras
252 1839 370 1922 legales
386 1837 582 1909 deducatur;
607 1845 640 1899 et
658 1855 717 1918 pro
738 1857 776 1896 eo
793 1837 880 1918 quod
906 1837 1073 1920 Episcopis
1101 1838 1199 1898 inobe

106 1925 202 1986 diens
221 1922 298 2000 fait,
322 1930 355 1982 et
371 1920 503 1981 Comitis
519 1919 621 1980 nostri
642 1929 675 1980 et
690 1919 901 1980 scabinorum
923 1920 1046 1981 iudicio
1063 1941 1128 1980 non
1156 1942 1212 1981 ac-

108 2005 249 2088 quievit,
282 2012 316 2065 et
342 2002 484 2062 bannum
509 2012 652 2063 nostrum
679 2012 893 2084 transgressus
924 2011 990 2079 est,
1015 2024 1075 2084 per
1107 2003 1213 2084 legem

108 2089 268 2149 iudicatus
283 2085 409 2166 capitali
428 2086 587 2145 sententia
602 2083 773 2168 puniatur,
797 2094 829 2145 et
849 2107 900 2147 res
921 2085 1021 2169 ipsius
1040 2086 1074 2145 in
1101 2086 1212 2148 fiscum

107 2181 253 2232 nostrum
279 2169 482 2250 redigantur.
1070 2179 1074 2184 '

470 2283 518 2342 De
537 2281 675 2343 decimis
696 2281 862 2348 novalium.

191 2388 253 2458 IX.
294 2389 428 2453 Novulia
444 2413 538 2469 rura,
560 2412 643 2472 quae
668 2392 758 2452 iuxta
783 2393 886 2453 cultos
912 2412 1004 2473 agros
1027 2390 1126 2469 fiunt,
1147 2393 1229 2459 Ec-‚

108 2474 225 2538 clesiae
248 2475 398 2555 antiquae
415 2473 626 2541 decimentur,
641 2473 682 2535 Et
698 2475 724 2534 si
743 2475 827 2534 ultra
845 2474 995 2534 milliaria
1008 2484 1147 2554 quatuor
1160 2478 1211 2538 vel

108 2560 255 2642 quinque
280 2557 314 2616 iu
336 2559 418 2618 saltu
447 2545 612 2638 quaelibet
638 2557 733 2638 digna
761 2578 898 2637 persqna
927 2556 1059 2637 aliquod
1098 2560 1211 2618 novale

108 2640 380 2717 conlaboraverit,
398 2638 584 2719 ibidemque
606 2661 679 2700 cum
700 2638 749 2700 sui
765 2639 915 2720 Episcopi
932 2641 1215 2720 cousenschcle7

106 2726 187 2787 siam
202 2721 443 2799 construxerit,
463 2731 536 2804 post
556 2721 831 2783 consecrationem
855 2721 1017 2782 Ecclesiae
1045 2722 1213 2803 provideat

105 2806 348 2888 Presbyterum,
367 2805 500 2885 eiusque
522 2805 684 2866 conductu
702 2805 741 2865 de
761 2805 875 2865 eodem
890 2804 1054 2864 elaboratu
1076 2805 1213 2866 decimas

107 2889 219 2950 eidem
239 2887 404 2948 Ecclesiae
421 2888 576 2948 conferat.

111 2995 155 3059 Ut
176 2997 278 3058 omnis
294 2995 518 3071 controversia,
540 2996 568 3052 si
582 2991 702 3054 indicia
725 2994 934 3054 ecclesiastice
947 2993 1068 3076 expetit
1081 2994 1209 3072 agitari,

275 3097 475 3161 ¹neqtaaquum
493 3075 537 3137 ad
555 3077 694 3136 seculare
720 3076 869 3135 iudicium
893 3089 1041 3140 transeat.

191 3179 235 3242 X.
276 3183 437 3252 Statutum
457 3191 504 3242 est
526 3183 562 3240 u‘t
585 3203 799 3262 quaecunque
823 3191 1061 3244 coniroverslae
1089 3183 1211 3246 iudicio

107 3273 143 3328 et
166 3265 355 3324 auctoritate
380 3265 593 3325 ecclesiastica
609 3265 776 3344 coeperint
794 3266 928 3346 agitari,
953 3287 1154 3348 nequaquam
1172 3269 1212 3328 ad

106 3347 253 3412 seculare
272 3346 426 3408 iudicium
445 3356 624 3424 transeant,
646 3348 704 3407 ubi
722 3347 835 3407 iterato
854 3359 1047 3427 provocent,
1077 3351 1133 3410 sed
1157 3372 1212 3411 ec-

107 3429 294 3492 clesiasticis
310 3429 528 3490 sanctionibus
545 3428 769 3495 terminentur.
811 3431 890 3490 Nam
911 3431 928 3489 ir
952 3431 1115 3493 iudicibus
1131 3454 1212 3514 quos

107 3513 287 3574 communis
309 3533 483 3572 consensus
501 3512 636 3592 elegerit
656 3513 696 3572 ad
715 3513 793 3572 alios
815 3511 940 3572 Iudices
960 3535 1023 3573 non
1045 3516 1124 3575 licet
1141 3537 1214 3596 pro·

106 3616 243 3671 vocare,
265 3594 327 3654 nisi
348 3594 449 3654 maior
467 3595 638 3654 auctoritas
660 3595 718 3671 sit,
736 3595 914 3656 seeundum
937 3597 1123 3657 canonicam
1141 3619 1213 3656 nor-

105 3699 201 3742 mam.
243 3677 277 3737 Si
304 3687 409 3738 autem
429 3677 462 3736 in
482 3677 620 3737 seculari
640 3677 781 3756 iudicio,
803 3677 837 3737 id
857 3687 921 3752 est,
945 3679 977 3736 in
999 3680 1131 3742 Comitis
1150 3682 1213 3760 pla-

107 3760 198 3836 cito,
219 3781 313 3820 causa
334 3760 423 3840 prius
452 3759 549 3819 fuerit
575 3761 748 3838 ventilata,
777 3760 955 3822 secundum
987 3762 1091 3841 legem
1116 3784 1213 3822 mun-

108 3842 225 3902 danam
239 3842 379 3907 finiatur.
422 3843 516 3902 Salvo
533 3842 766 3903 ecclesiasticae
784 3842 864 3924 legis
886 3842 1068 3925 privilegio.

120 3981 123 3986 '
166 3972 215 4031 De
230 3993 266 4032 eo
281 3973 336 4052 qui
349 3973 483 4032 bannum
500 3971 652 4056 Episcopi
663 3972 717 4032 vel
738 3973 920 4051 Presbyteri
931 3971 1148 4058 parvipendit.

193 4083 253 4150 XI.
296 4085 451 4168 Quisquis
475 4086 618 4145 bannum
644 4087 695 4146 vel
726 4088 1091 4153 excommunicationem
1117 4090 1213 4172 Epis·

110 4167 183 4250 copi
206 4169 257 4228 vei
277 4169 459 4250 Presbyteri
475 4168 525 4230 sui
545 4169 762 4251 superbiendo
784 4171 1050 4252 parvipenderit,
1072 4171 1124 4233 hic
1139 4173 1212 4234 talis

111 4251 149 4312 ab
169 4249 315 4314 Ecclesia
328 4252 457 4334 penitus
476 4251 640 4319 evellatur.
660 4251 713 4315 Ait
733 4253 987 4316 enimDominus
1009 4256 1049 4316 ad
1060 4257 1211 4338 Moysen:
