2786 4980
167 305 217 382 at
386 325 528 383 acan.
629 324 883 384 crrrrusaars
988 329 1049 390 ste.

163 465 304 546 fuerint,
347 491 410 532 une
439 487 512 526 cum
547 465 846 530 consiliofidelimn
872 477 1050 532 vestrorum
1075 469 1137 532 boc
1161 470 1271 533 taliter

166 550 336 633 corrigite,
356 563 394 614 ut
411 551 493 612 ratio
511 559 608 630 atque
628 549 751 612 utilitas
764 571 823 614 sen
839 552 961 614 iustitia
981 573 1045 615 non
1067 553 1270 631 deserantur,

165 640 200 696 et
218 633 356 776 dignitas
371 641 496 698 vestrae
522 631 780 714 magnificentiae
804 655 864 718 per
883 635 1104 698 necessitatem
1126 635 1173 696 ita
1196 635 1271 697 v'ilie

165 737 232 777 non
274 718 432 796 at,si,cat
458 736 515 776 vos
535 736 599 775 non
627 716 744 777 decere
775 720 998 800 cognoscitur:
1028 717 1182 799 quoniam
1209 717 1272 779 do·

163 799 296 862 me'stica
313 800 426 862 domus
450 807 555 862 vestra
573 797 669 860 aliter
686 799 849 882 obsequiis
872 798 1121 863 domesticorum
1146 799 1271 882 repleri

131 945 135 954 ,
164 903 233 942 non
255 881 391 964 poterit,
414 879 476 942 nisi
495 879 673 942 habueritis
696 882 782 943 unde
798 883 844 944 eis
873 883 996 946 meritis
1016 883 1213 966 respondere
1236 890 1272 942 et

164 961 363 1046 indigentiae
382 962 533 1027 solatium
547 966 633 1026 ferre
647 965 768 1044 positis.
797 966 839 1026 Et
857 965 903 1028 sic
921 967 1051 1028 demum
1067 987 1118 1027 res
1135 962 1272 1048 publica

163 1054 269 1107 restra
288 1047 329 1108 de
344 1068 403 1109 suo
418 1045 609 1129 suffragetur
625 1046 685 1110 sibi
695 1093 705 1125 ,
728 1056 762 1109 et
773 1048 937 1112 Ecclesiae
950 1047 1099 1132 ir‘quibus
1122 1067 1188 1108 non
1210 1067 1273 1110 ex·

165 1127 256 1212 pedit
273 1128 453 1191 habeantur
466 1130 634 1194 immunes.
1230 1135 1235 1142 ’

222 1216 294 1310 ”(1)ε
312 1235 467 1318 precariis
489 1247 520 1294 et
540 1237 830 1300 commutationibus
843 1248 976 1298 vacante
997 1235 1071 1299 sede
1083 1235 1208 1320 factis.)

214 1353 224 1362 ⁴·
244 1336 341 1403 XXI.
382 1344 426 1402 Ut
442 1343 604 1423 precariae
633 1352 667 1403 et
695 1343 958 1405 commutationes
981 1350 1126 1425 tempore
1152 1340 1272 1404 vidue-

166 1434 269 1484 tarum
285 1422 504 1485 Ecclesiarnm
520 1425 621 1487 factae
641 1426 681 1502 ab
700 1424 751 1486 bis
777 1425 834 1507 qni
860 1427 932 1487 loca
957 1425 1191 1508 Episcoporum
1211 1445 1273 1485 oc-

164 1528 204 1574 cu
229 1515 382 1582 arerent,
404 1505 648 1585 rescindantur,
679 1517 713 1570 ct
737 1530 811 1568 cnm
833 1507 1024 1571 auctoritate
1053 1506 1273 1572 ecclesiastica

163 1527 465 1665 velcivilidenuo,
487 1589 514 1651 si
534 1589 657 1653 fiendae
676 1600 769 1670 sunt,
791 1591 878 1656 liant.
947 1615 952 1628 ·
1249 1615 1252 1624 ·

110 1737 113 1741 -
165 1691 239 1769 (De'
246 1691 419 1778 precariis,
450 1695 607 1778 quomodo
619 1695 705 1778 fieri
738 1716 774 1757 ac
809 1693 961 1758 renovari
987 1691 1142 1772 debeant,
1169 1705 1202 1757 ct
1227 1691 1272 1757 dc

532 1780 709 1862 praeceptis
730 1779 907 1859 regalibus.)

225 1881 337 1964 XXII.
357 1873 1273 1966 Precariaeautemalnernihcderebusecclesiasticislieri

161 1962 427 2050 praesumantur,
451 1968 511 2029 uisi
526 1979 683 2050 quantum
705 1969 744 2030 de
766 1969 920 2052 qualitate
937 1967 1147 2031 convenienti
1175 1967 1273 2028 datur

165 2071 205 2112 ex
220 2051 372 2135 proprio,
396 2051 532 2132 duplum
546 2051 724 2134 accipiatur
746 2072 785 2112 ex
809 2051 904 2113 rebus
928 2049 1118 2129 Ecclesiae,
1150 2050 1184 2110 iu
1210 2071 1272 2111 suo

165 2142 291 2194 tantum
309 2134 366 2216 qui
391 2134 518 2194 dederit
541 2137 692 2211 nomine,
713 2132 739 2195 si
755 2155 805 2195 res
821 2133 965 2216 proprias
982 2145 1014 2196 et
1040 2132 1270 2194 ecclesiasticas

163 2216 401 2292 usufructuario
421 2225 532 2277 tenere
550 2216 698 2281 volucrit.
721 2215 756 2276 Si
777 2226 884 2277 autem
898 2237 949 2277 res
965 2212 1110 2299 proprias
1124 2215 1166 2276 ad
1181 2235 1272 2297 prae·

163 2299 237 2358 sens
254 2297 433 2375 dimiserit,
463 2319 502 2359 ex
530 2298 626 2361 rebus
660 2297 884 2362 ecclesiasticis
922 2299 1056 2381 triplum
1091 2295 1271 2358 fructuario

162 2400 225 2442 asu
241 2379 274 2442 in
294 2402 352 2446 suo
369 2389 494 2462 tantum
511 2402 582 2463 qurs
596 2381 725 2442 nomine
743 2391 856 2460 sumat,
881 2381 958 2464 quia
971 2381 1017 2444 sic
1036 2401 1088 2442 eas
1107 2399 1271 2462 quemque

164 2471 301 2528 tractare
323 2473 450 2544 oportet
475 2473 511 2524 ut
527 2463 706 2526 alienarum
732 2464 1002 2547 dispensatorem,
1036 2483 1102 2522 non
1123 2463 1272 2546 propria-

163 2567 237 2606 rum
253 2545 448 2629 largitorem.
490 2547 534 2608 Et
558 2547 575 2608 d
600 2547 691 2608 nulla
725 2549 878 2627 potestate
910 2545 982 2628 quis
1002 2554 1134 2628 cogatur
1162 2546 1270 2606 facere

163 2625 342 2710 precariam
362 2629 401 2690 dc
420 2627 515 2690 rebus
530 2629 660 2714 proprie
678 2632 748 2690 Deo
762 2638 795 2689 et
807 2629 931 2690 Sanctis
950 2627 1039 2690 illius
1057 2626 1179 2698 dicatis
1197 2647 1273 2714 cum

164 2710 245 2771 ratio
265 2721 298 2772 et
313 2733 387 2773 usus
408 2711 568 2788 obtineat,
591 2711 754 2773 neminem
774 2711 827 2776 cui
847 2733 910 2771 non
927 2710 997 2773 vult
1015 2719 1127 2772 contra
1146 2707 1271 2768 utilita-

164 2801 282 2854 temet
306 2793 467 2874 rationem
495 2795 691 2876 praestitum·
714 2794 753 2856 de
780 2793 912 2876 proprio
932 2793 1039 2855 facere
1066 2791 1272 2854 beneficium.

162 2875 339 2956 Praecepta
356 2887 463 2937 autem
488 2877 609 2959 regalia
630 2897 729 2958 super
751 2875 905 2959 precariis
927 2873 1151 2937 ecclesiasticis
1180 2871 1271 2950 fieri,

165 2979 227 3018 nec
245 2957 328 3018 ratio
345 2958 439 3035 sinit,
462 2955 523 3020 nec
543 2958 713 3020 auctoritas
728 2958 874 3040 quolibet
887 2957 982 3018 modo
995 2955 1168 3038 permittit;
1191 2976 1272 3036 quo·

164 3039 251 3098 niam
266 3049 436 3122 praecepta
453 3041 486 3100 in
512 3040 583 3102 iure
604 3039 821 3103 ecclesiastico
838 3041 963 3100 firmare
992 3039 1162 3121 indignum
1182 3037 1271 3120 iudi·-

164 3128 215 3180 cet
235 3141 365 3190 neccsse
386 3132 434 3184 est
454 3122 599 3184 maiestas
621 3122 728 3205 regia,
750 3122 812 3182 nis'i
833 3123 871 3182 ab
897 3121 1113 3184 ecclesiastico
1143 3129 1270 3181 rectore

163 3210 323 3284 petantur.
373 3203 479 3266 Isdem
495 3215 601 3266 autem
617 3215 721 3267 custos
739 3205 902 3266 Ecclesiae
922 3203 1144 3264 sollertissime
1159 3207 1272 3264 caveat

165 3304 207 3346 ne
226 3284 278 3344 sui
294 3283 417 3347 ordinis
433 3297 464 3348 et
480 3288 714 3349 ecclesiasticae
734 3285 968 3349 communionis
991 3288 1076 3346 forte
1092 3285 1269 3360 immemor,

165 3368 517 3436 contraauctoritatem
530 3379 735 3454 pracceptum
757 3369 884 3452 regium
910 3389 970 3451 pro
991 3387 1186 3449 quacunque
1211 3365 1270 3426 ad·

164 3448 540 3533 sentatiouefieripetat.
582 3453 648 3528 Qui
673 3463 706 3514 et
736 3452 763 3514 si
782 3452 915 3526 fecerit,
949 3471 1014 3511 non
1041 3450 1209 3511 audiatur:
1240 3445 1269 3509 si

162 3541 272 3592 autem
287 3533 475 3612 obtinuerit,
489 3535 577 3619 regia
594 3533 788 3597 discretione
806 3545 839 3594 et
858 3531 1032 3616 episcopali
1047 3531 1170 3592 iudicio
1183 3531 1270 3592 idem

162 3614 381 3695 rescindatur,
403 3627 436 3679 et
454 3617 573 3700 petitur
592 3616 729 3679 iniustus
745 3638 803 3700 pro
818 3615 979 3697 Principis
996 3614 1115 3675 iniusta
1136 3633 1270 3696 sugges—

162 3698 253 3758 tione
275 3697 372 3781 digne
391 3701 591 3782 eorripiatnr.
623 3703 683 3770 TEa
703 3699 886 3784 precariae,
908 3697 1087 3759 secundnm
1103 3696 1270 3778 antiquam

162 3781 429 3842 consuetudinem
444 3792 477 3846 et
491 3783 723 3862 auctoritatem,
736 3784 775 3846 de
791 3779 1018 3867 quinquennio
1032 3779 1066 3840 in
1086 3778 1271 3863 quinquen·

163 3862 255 3924 nium
278 3867 485 3929 renouentur.
1252 3869 1277 3882 '⁴

222 4043 225 4050 ,
292 3979 349 4051 (Ut
370 3979 530 4042 Ecclesiae
553 3994 663 4044 contra
683 3993 884 4065 oppressores
910 3978 1143 4062 defendantur.)

244 4083 376 4150 xxltt.
418 4088 460 4146 Ut
473 4095 586 4147 eontra
611 4086 857 4168 depraedatores
879 4096 911 4146 et
929 4105 1132 4168 oppressores
1151 4082 1269 4148 Eccle-

163 4167 300 4246 siarum,
323 4180 355 4230 et
370 4189 479 4230 rerum
501 4168 541 4229 ad
565 4168 692 4231 easdem
716 4167 968 4250 pertinentium,
999 4167 1189 4230 defensores
1215 4188 1269 4228 se·

103 4325 106 4330 ἱ
162 4248 306 4312 cundum
322 4251 537 4316 ministerium
554 4261 693 4332 vestrum
702 4297 711 4332 ,
733 4259 890 4334 quantum
902 4251 990 4324 Deus
1008 4271 1101 4334 pesas
1120 4250 1267 4327 dederit,
