2658 4978
225 335 256 386 a,
283 331 350 384 crin
467 323 831 383 neonusssscoaon
942 325 1001 380 ssz.
1096 303 1192 382 137,

95 483 155 540 runt
172 470 245 546 mibi
261 480 293 531 et
305 466 471 554 Episcopis
491 466 548 547 qui
568 485 694 526 mecum
712 471 803 528 erant
818 483 857 526 ex
874 473 964 545 parte
981 462 1069 526 illins
1084 483 1165 522 nnn·

91 554 245 632 linierunt,
267 561 299 612 et
320 551 419 609 frater
434 559 542 609 noster
557 567 644 606 nune
660 546 760 624 dixit,
783 554 815 606 ct
835 545 878 605 ita
895 545 975 606 mihi
1001 544 1166 604 familiaris

91 652 115 701 et
126 637 233 696 amicus
247 645 342 716 atque
355 630 492 690 sdiutm·
516 629 695 690 secuudum
720 627 945 691 rationabilem
972 626 1168 709 possibilita-

88 733 139 782 tem
155 717 290 779 extiterit
310 714 392 774 sieut
406 732 504 794 nepos
517 721 630 792 patruo
649 719 681 770 et
690 709 889 771 Christianus
907 711 975 771 Rex
985 708 1168 770 Christiano

88 799 151 882 Regi
164 819 227 860 esse
248 803 450 880 perrectum
470 793 583 871 debet,
604 791 650 854 sic
666 791 697 853 ei
718 793 859 874 privatus
884 799 917 852 et
934 790 1054 852 amiens
1070 801 1168 872 atque

89 883 196 944 adiutor
208 878 385 940 secundum
399 875 623 936 rationabilem
640 874 884 962 possibilitatem
908 894 976 935 esse
993 873 1067 935 volo
1084 872 1169 934 sicut

88 964 204 1042 diligens
222 971 354 1044 patruus
363 957 485 1024 dilecto
503 956 613 1042 nepoti
630 954 1048 1018 etsieutChristianusRex
1061 953 1169 1016 Chris·

89 1047 160 1106 tiano
174 1042 250 1126 Regi
267 1063 327 1124 per
340 1049 465 1102 rectum
480 1061 548 1102 esse
566 1038 672 1104 debet.

156 1125 210 1186 ΙΙΙ.
250 1127 300 1185 De
320 1122 468 1185 fidelibus
485 1131 592 1182 autem
607 1119 711 1183 Missis
727 1119 815 1180 inter
840 1141 899 1182 nos
924 1117 1170 1198 discurrendis,

88 1209 162 1271 etde
178 1207 225 1268 his
243 1227 327 1288 quae
348 1205 382 1264 in
404 1204 512 1286 regnis
533 1201 650 1264 nostris
674 1202 875 1264 emendanda
898 1212 974 1264 sunt
999 1200 1174 1264 emendan-

88 1292 144 1368 dis,
163 1299 193 1349 et
212 1289 250 1350 de
268 1297 353 1352 statu
378 1295 474 1368 atque
497 1285 620 1346 honore
643 1284 862 1346 Ecclesiarum
893 1294 927 1346 et
957 1285 1168 1346 sacerdotum

88 1392 288 1438 assessorum
302 1369 380 1446 Dei,
397 1378 429 1430 et
453 1368 492 1428 de
514 1369 585 1449 lege
604 1389 641 1429 ne
659 1366 780 1427 iustitia
798 1367 1019 1428 conservanda
1043 1364 1171 1425 unicui-

89 1475 141 1534 que
157 1453 299 1514 fidelium
325 1460 505 1512 nostrorum
522 1449 555 1509 in
576 1471 677 1531 regno
694 1458 822 1526 nostro,
845 1449 1068 1530 cuiuscunque
1094 1467 1172 1507 nos-

89 1547 157 1617 trum
173 1535 210 1596 sit
223 1535 338 1612 homo,
356 1527 392 1593 'et
414 1533 448 1592 in
473 1533 531 1612 illo
560 1539 593 1592 et
615 1533 648 1590 in
674 1531 741 1592 suis
755 1539 757 1544 “
771 1531 1046 1614 proprietatibus,
1076 1537 1109 1590 et
1136 1528 1173 1588 in

89 1617 349 1693 suishonoribns,
379 1624 411 1676 et
446 1615 486 1678 de
518 1613 675 1696 Capitulis
704 1613 932 1690 observandis,
964 1613 1046 1674 sicut
1073 1614 1174 1674 frater

91 1709 183 1762 noster
199 1720 288 1759 nnnc
305 1697 405 1775 dixit,
426 1696 471 1757 ita
488 1704 522 1758 et
537 1717 598 1778 ego
615 1717 674 1778 per
692 1694 800 1757 omnia
817 1695 913 1780 cupio
931 1695 1112 1758 observare.
1146 1727 1152 1737 ·

388 1826 607 1890 Aurunrmrro
649 1826 837 1891 Hnornsnn.

157 1940 181 2007 Ι.
208 1943 395 2022 ⁴Postquam
411 1939 470 2000 iste
487 1948 619 2024 patruus
641 1960 731 2000 meus
746 1939 972 2002 Hludouvicus
998 1961 1049 2002 me
1067 1940 1101 2000 in
1118 1960 1176 2000 suu

89 2023 215 2087 bonitate
234 2023 270 2083 in
291 2023 350 2082 filii
366 2023 439 2083 loco
460 2023 626 2104 suscepit,
657 2021 703 2082 sic
727 2043 803 2104 erga
826 2044 877 2082 me
903 2043 1029 2104 sempor
1056 2021 1089 2081 in
1116 2043 1174 2084 suu

91 2108 222 2174 mercede
242 2107 326 2180 fecit
338 2104 464 2166 sieutet
482 2104 575 2164 illum
593 2104 702 2165 decuit
715 2103 839 2165 etmihi
858 2125 986 2167 neeesse
996 2103 1068 2170 fuit.
1080 2103 1174 2166 Unde

91 2198 203 2270 paratus
221 2210 292 2249 sum
309 2186 357 2247 illi
379 2186 524 2248 debitum
536 2185 728 2272 obsequium
749 2186 915 2266 exhibere,
936 2188 1022 2248 sicut
1033 2207 1093 2270 per
1107 2205 1175 2247 rec-

90 2280 147 2330 tum
165 2269 264 2331 debeo
274 2271 397 2330 facore.

161 2352 203 2416 ll.
243 2354 287 2413 Et
301 2352 340 2413 de
358 2351 407 2412 his
423 2359 505 2430 (snae
520 2359 654 2432 patruus
671 2373 762 2414 meus
776 2351 913 2413 Karolus
926 2352 1072 2434 proxime
1083 2361 1174 2428 tnnc,

93 2435 205 2514 qnando
221 2435 362 2515 primum
379 2431 473 2494 simul
489 2427 720 2507 convenimus,
742 2433 822 2494 mihi
843 2435 1023 2513 mandavit,
1045 2436 1091 2497 sie
1118 2434 1176 2494 ob-

93 2537 205 2577 servare
224 2516 322 2598 cupio
342 2516 566 2596 sicutpatruus
581 2535 670 2576 meus
702 2516 940 2594 Hlndouvicus,
971 2525 1004 2576 et
1025 2514 1195 2597 Episcopi,

92 2599 140 2678 qui
160 2619 228 2657 cum
245 2621 285 2660 eo
309 2598 396 2659 inter
411 2617 462 2656 me
477 2605 509 2657 et
532 2606 681 2678 patruum
699 2619 807 2658 meum
817 2600 973 2658 Karolum
987 2599 1177 2659 mediatores

92 2681 227 2759 luerunt,
250 2703 292 2742 ex
320 2701 392 2741 mea
407 2689 496 2760 parte
516 2679 566 2739 illi
593 2690 625 2741 et
644 2680 812 2762 Episcopis
835 2681 893 2761 qui
920 2702 993 2740 cum
1021 2701 1060 2740 eo
1086 2686 1179 2741 erant

93 2762 320 2828 nuntiaverunt.
361 2760 442 2823 Etsi
458 2759 525 2841 ipse
547 2760 627 2820 mibi
645 2761 688 2820 ita
719 2763 859 2846 privatus
883 2771 916 2824 et
936 2763 1055 2824 amiens
1082 2771 1179 2842 atque

92 2842 220 2921 adiutor,
242 2842 422 2906 seeundum
444 2843 668 2904 rationabilem
684 2844 946 2925 possibilitatem,
968 2843 1110 2906 extiterit
1135 2841 1179 2902 si·

93 2934 139 2984 ent
155 2936 284 3006 patruus
305 2925 415 3009 nepoti
435 2933 468 2984 et
486 2924 769 2990 ChristianusRex
787 2926 968 2987 Christiano
998 2926 1078 3008 Regi
1110 2943 1179 2985 esse

92 3018 283 3087 perrectum
311 3009 424 3084 debet,
446 3007 544 3068 itaet
566 3007 616 3067 illi
641 3017 674 3068 et
695 3009 860 3069 familiaris
887 3019 920 3068 et
940 3009 1061 3070 amicus
1083 3016 1179 3086 atque

93 3088 228 3166 adiutor,
251 3093 432 3152 secundum
459 3088 683 3150 rationabilem
701 3090 964 3172 possibilitatem,
994 3113 1061 3153 esse
1085 3090 1178 3163 volo,

92 3168 165 3229 sicut
178 3171 316 3255 dilige-ns
338 3193 437 3254 nepos
459 3172 577 3232 dilecto
597 3181 724 3253 patruo,
740 3173 979 3235 etChristianus
993 3175 1062 3235 Rex
1073 3170 1181 3234 Chris·

98 3250 175 3312 tiano
193 3255 295 3338 Regi,
318 3275 385 3315 esse
398 3274 457 3333 per
471 3261 597 3314 rectum
614 3253 719 3319 dehet.

166 3333 227 3397 Ill.
268 3339 318 3396 De
339 3335 489 3398 fidelibus
509 3339 615 3396 antem
633 3335 737 3396 Missis
757 3333 845 3395 inter
862 3356 919 3398 nos
945 3336 1181 3413 discurrendis,

95 3423 124 3478 et
141 3415 177 3478 de
202 3418 252 3478 his
273 3439 355 3500 quae
374 3418 407 3476 in
423 3416 531 3499 regnis
550 3418 665 3477 nostris
683 3418 883 3480 emendanda
907 3429 983 3479 sunt
1005 3419 1181 3480 emendan-

96 3497 154 3575 dis,
175 3509 206 3560 et
226 3501 266 3560 de
287 3508 371 3560 statu
395 3509 491 3580 atque
504 3497 627 3560 honore
641 3500 859 3560 Ecclesiarnm
879 3501 1128 3562 etSacerdotum
1145 3521 1182 3559 ae

95 3598 248 3642 servorum
261 3581 346 3660 Dei,
368 3591 401 3642 et
422 3582 461 3642 de
486 3581 557 3662 lege
574 3603 610 3641 ac
630 3581 752 3642 iustitia
764 3582 985 3642 conservanda
1002 3581 1182 3661 unicuique

96 3658 228 3724 fidelium
249 3674 431 3726 nostrorum
451 3663 484 3722 in
505 3683 605 3744 regno
632 3673 761 3740 nostro,
790 3663 1012 3745 cuiuscunque
1038 3673 1184 3723 nostrum

97 3741 132 3801 sit
147 3743 257 3821 homo,
280 3755 312 3805 et
332 3745 366 3804 in
383 3745 441 3806 illo
456 3754 489 3806 et
506 3744 540 3803 in
560 3745 625 3806 suis
641 3746 888 3828 proprietatibus
905 3755 937 3806 et
953 3745 986 3804 in
1000 3746 1066 3807 suis
1082 3745 1183 3804 hono-

97 3823 193 3905 ribus,
216 3837 248 3888 et
275 3826 313 3888 de
339 3827 508 3910 Capitulis,
525 3827 753 3905 observandis,
790 3829 876 3890 sicut
900 3827 954 3888 isti
982 3829 1045 3888 mei
1075 3825 1182 3910 patrui

99 3925 174 3967 nnnc
191 3901 360 3984 dixerunt,
383 3911 474 3971 itaet
494 3931 552 3991 ego
571 3931 631 3993 per
651 3911 758 3971 omnia
775 3911 869 3993 cupio
887 3906 1063 3973 observare.

171 3993 324 4074 Quoniam
340 3995 437 4070 istas,
460 4013 537 4073 quoe
563 3992 757 4076 praecedunt
768 4035 781 4065 ,
805 3993 1063 4052 'adnuntiationes
1095 3989 1183 4050 Hla-

99 4067 239 4133 douuicus
261 4086 292 4132 et
309 4073 497 4135 Hlotlrarius
519 4074 595 4135 lcum
621 4075 749 4135 illorum
780 4075 984 4158 sequacibus,
1017 4084 1183 4156 postquam

99 4170 190 4213 corum
206 4157 367 4228 omnibus,
390 4157 445 4240 qui
460 4156 652 4239 adficerunt,
677 4157 772 4216 trium
784 4158 900 4235 Regum
920 4155 1109 4215 consiliariis
1125 4153 1183 4236 ss-

101 4251 129 4298 rs
145 4232 303 4313 ducentis,
325 4250 389 4300 tum
404 4239 574 4329 Episcopis
582 4283 594 4318 ,
619 4257 711 4324 quant
729 4238 898 4304 Abbatibus
909 4283 921 4312 ,
945 4251 975 4299 et
990 4238 1096 4301 Laicis
1104 4282 1118 4312 ,
1135 4257 1180 4299 re·
