2712 4992
512 295 698 367 maeuuu
1048 383 1051 392 ¹
1099 299 1171 370 349

65 461 164 524 tiuare
184 455 380 520 curavimus.
422 453 629 538 cognoscatis
653 448 834 536 siquidem,
864 450 983 514 Domni
1012 468 1044 520 et
1069 462 1173 520 sancti

63 547 180 618 Patres,
211 562 274 602 seu
294 549 325 599 et
350 541 484 600 Sorores
506 537 539 597 in
563 536 710 611 Christo,
731 533 808 618 quia
833 535 1064 602 innotescimus
1083 543 1175 604 vohis

64 649 100 688 eo
122 623 213 704 quod
233 621 431 706 peregrinus,
447 620 514 697 iste,
538 641 655 680 nomen
675 618 744 693 ille,
767 639 807 678 ex
831 639 948 700 genere
972 621 1042 701 illo,
1059 626 1099 685 ad
1117 649 1175 687 nos

64 709 206 769 renitet
240 703 502 764 nohis'innotuit
527 714 622 784 atque
652 701 824 762 consilium
858 704 1016 783 quaesivit
1045 709 1083 768 de
1111 709 1174 770 hoc

62 791 214 851 videlieet
236 789 323 847 facto
351 787 439 867 quod
462 786 634 868 instigante
657 783 855 860 adversario,
885 788 1025 867 peccatis
1048 791 1175 852 facien.

63 875 155 948 tibus,
185 871 322 954 proprio
349 872 417 931 filio
441 891 498 948 suno
521 871 693 930 vel-fratre
718 888 775 927 suo
806 867 874 928 sive
901 881 1019 952 nepote
1042 874 1174 936 nomine

66 958 119 1016 illo
143 953 331 1030 interiecit,
355 964 387 1014 et
411 962 477 1013 nos'
495 974 554 1033 pro
578 951 650 1013 hac'
670 969 763 1010 causa
794 951 972 1012 secundum
1000 967 1176 1017 consuetu-

66 1041 170 1100 dinem
183 1038 250 1100 tvel
276 1037 465 1097 canonicam
482 1035 719 1096 institutionem
743 1029 989 1098 diiudicavimus
1009 1048 1044 1098 ut
1064 1039 1178 1100 inde*

69 1144 103 1204 ge
128 1119 387 1204 peregrinorum
405 1119 472 1199 ipse
494 1119 654 1198 praefatus
676 1115 842 1176 virunnis
867 1125 916 1176 tot
937 1118 970 1178 in
993 1123 1178 1202 peregrina-

69 1207 148 1265 tione
169 1203 340 1262 ambulare
364 1201 506 1263 deberet.
548 1202 724 1281 Propterea
748 1200 1176 1280 cognoscatis,sanctissim1
1269 1234 1271 1243 Α

68 1289 178 1366 Patres,
201 1287 262 1346 has
289 1285 424 1360 litteras,
447 1292 483 1342 ut
501 1283 631 1363 quando
661 1281 701 1342 ad
732 1281 932 1343 sanctitatem
954 1295 1092 1348 vestram
1118 1311 1178 1349 ve-

67 1369 157 1447 nerit,
178 1369 302 1430 melius
323 1367 353 1428 ei
375 1366 523 1438 credatis,
546 1375 577 1425 et
598 1365 687 1446 quod
709 1363 894 1426 nullatenus
912 1389 971 1448 pro
998 1369 1062 1430 alia
1082 1392 1177 1432 eausa

68 1453 226 1530 ambulare
255 1451 439 1528 dinoscitur
464 1446 537 1524 nisi,
560 1447 643 1508 sieut
672 1447 820 1528 superius
845 1447 994 1530 diximus,
1018 1475 1076 1534 pro
1096 1467 1176 1536 pec·-

69 1535 138 1596 eatis
167 1535 235 1596 suis
266 1532 485 1608 redimendis,
515 1540 551 1589 ut
579 1553 635 1592 vos
666 1551 741 1590 eum
768 1530 860 1590 nullo
888 1534 984 1593 modo
1014 1529 1175 1605 trecenties

68 1618 124 1679 nisi
147 1627 290 1694 tanturn,
326 1615 457 1698 quaudo
484 1615 524 1673 ad
549 1635 605 1672 vos
633 1612 771 1686 venerit,
801 1613 1000 1675 mansionem
1026 1617 1055 1678 ei
1079 1627 1110 1678 et
1129 1621 1179 1680 f0-·

69 1717 154 1780 eum,
173 1723 307 1786 ,panem
333 1708 365 1759 et
392 1717 506 1778 aquam
536 1695 653 1776 largire
679 1695 875 1775 dignemini3
907 1706 938 1756 et
970 1709 1080 1780 postea
1104 1702 1175 1762 sine

68 1783 371 1846 detentione-liceat
394 1780 425 1841 ei
449 1781 489 1838 sd
519 1779 590 1839 loca
621 1779 814 1837 Sanctorum
834 1779 998 1847 festinare.
1041 1783 1095 1844 Sic
1117 1805 1178 1844 ex-

69 1867 137 1928 inde
159 1868 244 1950 agite
270 1886 328 1947 pro
352 1884 457 1922 amore
484 1861 545 1921 Dei
575 1870 607 1920 et
638 1859 819 1920 reverentia
842 1863 944 1937 sancti
965 1865 1064 1941 Petri,
1088 1889 1178 1926 sanc·

70 1950 173 2010 tissimi
196 1951 333 2026 Patres,
357 1955 393 2006 ut
419 1944 509 2006 vohis
528 1942 599 2025 pius
620 1943 777 2004 Dominus
799 1941 833 2002 in
856 1943 912 2004 illa
931 1945 1024 2006 beata
1043 1971 1100 2010 seu
1120 1950 1178 2008 im·

72 2032 190 2092 mortali
217 2032 288 2095 vita
311 2047 519 2091 remunerare
541 2026 716 2108 dignetur,
753 2024 829 2106 quia
852 2025 885 2084 in
916 2027 984 2110 ipso
1006 2033 1175 2115 perigrino

74 2115 229 2176 Christum
264 2112 395 2196 pavistis
426 2133 483 2172 seu
516 2106 723 2188 suscepistis,
756 2109 1000 2172 considerantes
1025 2114 1179 2176 videlieet

93 2198 152 2259 uod
178 2198 251 2280 ipse
280 2197 437 2256 Dominus
467 2191 568 2263 dixit3
599 2191 726 2273 Hospes
751 2189 829 2270 sui,
862 2205 893 2250 et
916 2198 1094 2278 suscepistis
1117 2220 1176 2263 me.

73 2220 126 2340 ht:
148 2279 246 2362 Quod
268 2280 324 2338 uni
344 2299 387 2338 ex
410 2275 545 2334 minimis
567 2273 795 2357 istisseeistiS,
819 2275 897 2332 miti
908 2275 1044 2354 fecistis.
1088 2281 1177 2357 Quid

73 2363 177 2443 plura?
204 2363 259 2423 Ad
281 2361 440 2443 sapientes
468 2357 588 2418 sufficit
616 2355 715 2416 semel
743 2354 868 2436 loqui..
910 2359 1178 2424 Commendamus

76 2463 127 2506 nos
148 2445 272 2506 obnixe
297 2445 329 2502 in
351 2441 464 2503 vestris
493 2439 589 2500 sacris
615 2437 785 2520 precibus,
813 2447 849 2498 ut
872 2442 971 2500 nostri
995 2445 1178 2506 meminisse

76 2527 276 2610 (ligaminis
299 2526 414 2590 Valete
442 2524 474 2582 in
498 2522 625 2582 Christo
641 2520 802 2596 feliciter,
831 2522 1022 2584 sanctissimi
1042 2529 1189 2603 Patres,

64 2603 107 2671 ‘ut
137 2612 175 2673 ad
204 2618 372 2671 aeternam
404 2605 603 2687 Angelorum
640 2603 730 2685 digni
758 2601 942 2664 habeamini
979 2608 1179 2670 mansionem

75 2701 267 2778 perpetuam.
309 2693 408 2753 Facta
428 2688 507 2748 haec
530 2686 743 2770 epistolasub
766 2684 818 2746 die
839 2687 907 2752 ille.

187 2881 190 2888 ,
248 2820 354 2882 Cassio
376 2815 421 2878 ad
442 2814 616 2876 Ecclesiam
639 2813 658 2872 ci
682 2834 766 2874 novo
787 2811 1000 2898 aedificatam,

86 2958 88 2962 ·
150 2937 209 3000 XI,
253 2939 420 3018 Regnante
443 2930 583 2992 Domino
603 2931 673 2990 Iesu
695 2929 823 2991 Ghristo
842 2931 875 2990 in
896 2943 1099 3015 perpetuum,
1119 2959 1179 3020 ego

76 3018 335 3105 illeEpiseopus.
386 3014 543 3076 Omnibus
572 3034 637 3072 non
679 3011 818 3073 habetur
843 3014 1045 3095 incognitum
1071 3023 1178 3102 quali-

78 3112 121 3162 ter
142 3125 212 3186 ego,
236 3101 414 3164 auxiliante
439 3096 589 3170 Domino,
613 3095 646 3153 in
670 3116 770 3178 pago,
797 3097 830 3155 in
855 3097 932 3159 villa
959 3100 1051 3162 euius
1082 3127 1179 3165 voca-

77 3183 147 3247 bulo
170 3198 218 3250 est
249 3185 313 3261 ihi,
336 3183 502 3244 basilicam
529 3187 722 3244 sauet......
752 3187 849 3260 atque
873 3182 973 3241 saneti
1001 3185 1178 3267 Stephani,

78 3269 125 3329 vel
144 3269 176 3329 in
199 3271 326 3330 honore
351 3275 549 3326 caeterorum
575 3262 766 3322 Sanctorum
792 3283 931 3343 quorum
954 3264 1076 3326 ibidem
1095 3269 1181 3334 Reti.

77 3351 163 3428 quiae
189 3353 375 3438 quieseunt,
408 3343 573 3408 construxi
603 3353 699 3423 atque
727 3344 888 3406 Kalendas
915 3347 1000 3408 lunii
1029 3350 1179 3414 dedicare

79 3435 199 3514 certavi,
222 3430 501 3496 consentientibus
523 3427 618 3486 etiam
649 3426 888 3505 Confratrihus,
917 3438 982 3488 tam
1007 3433 1180 3497 Canonicis
1229 3463 1231 3466 ·

78 3535 164 3594 quam
192 3529 225 3580 et
245 3514 431 3589 Monachis,
453 3511 504 3572 vel
530 3508 664 3569 caeteris
688 3507 874 3590 hominibus
894 3512 950 3590 qui
973 3511 1010 3572 ad
1031 3538 1187 3596 praesen.¹

78 3603 120 3657 tes
139 3601 282 3676 luerunt,
305 3605 341 3668 ut
358 3596 454 3658 villae
475 3612 610 3670 quarum
629 3591 787 3652 voeabula
805 3603 882 3653 sunt
899 3595 1073 3675 Cadiliaeo,
1090 3598 1179 3660 Tan-

64 3681 249 3759 *culfovilleg
271 3679 403 3762 Fagido,
427 3685 459 3737 et
480 3673 661 3735 Barbitione
680 3674 806 3751 villare,
829 3684 865 3735 ut
885 3675 1006 3740 ibidem
1035 3682 1180 3764 aspicere

78 3757 235 3844 deberent,
257 3763 297 3826 ad
325 3762 434 3823 Missas
459 3756 613 3818 veniendi
641 3765 674 3816 et
698 3757 738 3817 ad
758 3757 950 3840 baptismum
973 3763 1026 3822 vel
1055 3766 1183 3846 praedi-

80 3847 238 3921 cationem,
265 3854 297 3908 et
317 3854 353 3914 ut
373 3843 511 3916 decimas
538 3861 608 3900 suas
633 3837 672 3899 ad
691 3849 899 3902 memoratam
916 3843 1083 3906 basilicam
1097 3849 1179 3922 ,dare
1260 3869 1263 3873 ’

79 3923 235 4000 deberent,
286 3932 461 4010 Propterea
488 3943 547 4003 pro
581 3919 739 3983 firmitatis
768 3923 912 3984 studium
935 3926 1019 3989 hanc
1046 3951 1182 3991 eonsen-

80 4007 193 4072 siouem
207 4012 346 4074 scribere
367 4006 559 4090 rogavimus,
586 4014 621 4064 ut
639 4004 836 4087 temporibus
854 4008 970 4069 nostris
992 4021 1087 4094 atque
1106 4035 1181 4074 suc-

80 4096 246 4158 cessorihus
275 4092 392 4155 nostris
423 4091 503 4150 haec
537 4096 643 4170 nostra
673 4088 843 4150 consensio
870 4089 960 4157 firma
996 4104 1029 4156 et
1056 4095 1181 4160 stabilis

81 4175 176 4238 valeat
197 4195 396 4263 permanere,
418 4183 458 4236 et'
474 4171 577 4233 sciant
601 4190 711 4252 omnes
739 4180 804 4231 tam
823 4185 1009 4253 praesentes
1033 4197 1130 4258 quam
1148 4191 1181 4241 et

82 4252 295 4328 absentesseu
323 4273 522 4338 successores
547 4251 663 4334 nostri,
688 4253 765 4338 quia
788 4253 935 4342 dedimus
958 4255 992 4318 in
1022 4283 1181 4326 memora-
