2752 4994
214 293 289 374 itt
546 311 729 380 nannonst
764 313 1012 371 sonuaaaaou

214 457 478 540 mssttpesoator,
498 453 686 537 Episcopus.
732 454 921 518 Dominicae
948 453 1133 520 festivitatis
1157 476 1297 522 resurrec-

212 536 560 622 tionisquemysteria,
583 536 616 598 in
637 557 701 618 qua
721 536 809 598 idem
823 538 910 601 Deus
931 537 1083 600 Christus
1104 537 1299 622 tartariasper

213 623 419 705 semetipsum
437 618 590 684 docrevit
613 617 800 694 absolvere,
830 621 937 685 nudus
961 619 1136 701 victorque
1164 621 1203 682 de
1224 643 1300 684 ersa·

210 713 324 788 pesato
341 703 435 772 hoste
455 701 655 784 triumphans
679 701 921 784 captivitatem,
948 701 1042 766 dedit
1068 703 1155 764 bona
1185 701 1301 766 homini·

210 789 283 864 hus,
304 795 475 870 propterea
499 783 652 848 remeavit
672 783 711 846 ad
733 785 850 861 coelos,
872 785 950 846 anni
968 786 1136 848 circulum
1150 786 1302 848 revolvan-

212 873 249 949 ti,
271 889 354 952 qnae
378 867 516 930 felicitas
537 866 779 950 prosperitatem
802 876 938 928 vestram
961 868 1111 930 constitit
1137 866 1300 929 industriam

213 961 268 1014 aut
285 951 490 1022 ‚sanctitatem
511 949 685 1032 excepisse,
708 949 843 1031 ipsoque
865 951 934 1010 Deo
955 951 1111 1033 praesule
1133 951 1300 1032 percogisse,

213 1051 289 1097 cum
308 1031 449 1114 eologius
475 1031 649 1116 peculiaris
669 1039 762 1113 patro
781 1039 888 1092 vestro
909 1033 1013 1093 sancti
1037 1032 1152 1102 illins,
1186 1039 1217 1092 et
1234 1033 1299 1092 saln-

212 1114 344 1178 tationis
355 1113 471 1176 officia
487 1114 694 1175 veneratione
712 1112 894 1196 praecipua,
916 1135 1118 1196 quaesumus
1130 1122 1167 1174 ut
1187 1124 1300 1175 neuram

213 1197 447 1264 extremitatem
473 1196 567 1257 allatu
588 1195 744 1279 dignabili
767 1195 902 1258 iubentis
923 1195 1124 1280 specialibus
1145 1196 1300 1261 informare.

551 1325 726 1410 Rescriptio
748 1324 793 1386 ad
811 1324 979 1411 Episcopo,

249 1455 266 1497 ‘5
285 1442 419 1508 titul
459 1441 600 1504 Domino
620 1450 742 1516 sancto,
764 1441 886 1502 meritis
908 1443 1113 1525 apostolico,
1144 1443 1176 1504 in
1198 1444 1297 1508 Christo

152 1599 156 1613 ,
212 1526 434 1600 desiderabili,
463 1523 603 1586 Domino
627 1533 660 1584 et
682 1523 775 1584 fratri
808 1523 867 1584 illo
895 1525 1013 1608 Papae,
1037 1526 1100 1587 illo
1123 1537 1255 1610 peccator
1266 1531 1295 1589 E·

236 1613 373 1694 lstopns.
417 1609 547 1671 Vestras
563 1625 666 1668 sacras
686 1627 844 1672 common,
866 1607 1025 1670 alinitatui
1054 1610 1157 1670 vestri
1182 1610 1292 1671 deferen-

211 1631 448 1756 li'uentralrile
474 1689 543 1749 filio
572 1709 741 1749 commune
763 1688 833 1761 illo,
853 1700 891 1750 ut
911 1691 1052 1752 coelitus
1076 1692 1233 1768 donabile,
1248 1714 1290 1752 nos

213 1775 373 1858 accepisse
393 1791 573 1858 praenosce
595 1781 627 1832 et
649 1771 833 1852 comperite.
883 1775 932 1833 Do
962 1773 1113 1834 edulium
1142 1771 1290 1854 inquitis·

213 1857 336 1942 depasti
374 1854 509 1918 recreati
537 1863 647 1914 saneto
677 1853 739 1913 laoc
767 1855 807 1913 de
834 1875 970 1914 utunere
1003 1856 1290 1938 vestroitrepndian·

212 1939 432 2024 tes,*maltum
455 1937 495 1997 de
522 1955 585 2016 qua
610 1936 725 2018 pagina
749 1937 869 2001 faerrit.
911 1938 1008 2014 Quod
1034 1940 1204 2000 salitantes
1221 1929 1292 1998 xvobis

210 2024 406 2106 praescimus
425 2041 493 2082 esse
515 2037 588 2078 earn
611 2018 723 2080 vestris
745 2028 777 2078 et
795 2018 933 2100 quintati
959 2019 1075 2082 habuit
1097 2031 1199 2082 vestra
1220 2020 1294 2099 indig-

214 2103 300 2164 na'tio
330 2104 459 2186 instigio
481 2102 570 2160 utin
593 2101 804 2162 virendotirio
827 2101 931 2162 inistis
959 2102 1098 2185 dignati,
1121 2104 1223 2162 intimo
1242 2123 1294 2183 gra·

210 2188 273 2247 titas
294 2187 425 2270 agimus.
468 2185 506 2246 ln
534 2181 584 2244 his
604 2203 621 2243 e
643 2183 736 2265 plura
761 2185 935 2261 solventes,
956 2187 1146 2268 plusculum
1163 2185 1240 2267 qnod
1254 2205 1295 2244 va·

213 2258 469 2340 leatlinternam
493 2265 688 2348 congigncre
716 2285 865 2348 compos,
895 2267 947 2328 rel
979 2270 1156 2330 verborum
1181 2266 1293 2328 carmina
1328 2329 1329 2338 χ

212 2345 366 2435 pindant,
388 2349 520 2410 oracula
543 2350 649 2409 dictus
669 2347 813 2408 dicimus.
865 2350 906 2408 Et
930 2349 1012 2411 illud
1040 2352 1130 2433 qnod
1154 2371 1206 2411 nos
1222 2347 1294 2427 flagi·

207 2437 288 2494 ’itte
304 2435 497 2516 oportetfut
524 2430 557 2491 in
582 2430 695 2494 'vestris
722 2431 849 2514 saepius
876 2431 968 2493 nobis
995 2434 1182 2496 reminiscat
1205 2431 1293 2492 oratio.

237 2545 401 2630 Quomodo
423 2545 598 2630 Episcopus
616 2545 822 2605 Nativitatem
844 2546 975 2605 Domini
990 2546 1037 2608 ad
1058 2547 1277 2627 Regi,'llegiaa,

355 2629 413 2690 vel
431 2627 477 2688 ad
496 2627 654 2713 Episcopo
677 2627 863 2687 visitationis
885 2627 997 2709 dirigit
1018 2634 1177 2715 scriptum.

205 2722 411 2822 »ritt'tvaa
427 2748 430 2758 '
449 2737 601 2803 'Glorioso
618 2751 723 2826 atque
736 2741 901 2822 praecelso
921 2751 954 2803 et
978 2745 1160 2806 universale
1183 2737 1293 2804 catholi-

207 2818 424 2911 tas-anae
445 2824 610 2886 acclesiae
637 2824 704 2883 otio
734 2823 783 2882 ita
802 2825 899 2905 negt,
927 2825 984 2886 ina
1010 2827 1194 2912 spiscopus.
1231 2823 1291 2884 01..

207 2906 299 2991 illusa
318 2917 421 2990 utque
443 2905 605 2990 praecelsa
633 2916 665 2966 et
685 2905 869 2968 universale
899 2907 1078 2970 catholicae
1105 2917 1223 2969 sanctae
1243 2905 1292 2965 Ec-

210 2982 332 3061 'it‘estae
365 2986 430 3049 lilia
453 2990 510 3048 illa
544 2987 683 3072 Regina,
722 2987 780 3048 ille
805 2987 1025 3051 misericordia
1052 2992 1114 3054 Dei
1135 2991 1290 3074 Episcopus.

214 3076 356 3137 Domino
386 3068 565 3152 inclitoque
596 3070 720 3131 cultore
750 3080 846 3152 atque
874 3073 1050 3154 apostolico
1068 3073 1200 3135 Domino
1219 3079 1246 3130 et
1265 3067 1289 3124 in

205 3148 345 3218 {Christo
373 3146 463 3214 fratri
490 3151 540 3212 illi
565 3151 735 3236 Episcopo,
759 3153 815 3214 ille
840 3165 989 3238 peccator
1013 3158 1194 3239 Episcopus.
1225 3154 1290 3212 Dum

216 3238 411 3324 generaliter
436 3235 615 3296 dominicae
644 3235 817 3298 nativitatis
837 3238 1016 3316 exultamus
1042 3241 1215 3314 adventum,
1233 3252 1289 3292 een·
1326 3267 1327 3326 ,

218 3320 288 3382 stim
323 3319 430 3384 debita
460 3317 669 3380 subiectionis
697 3318 865 3380 desolvere
896 3341 1129 3402 perurguemus
1155 3341 1191 3381 ex
1218 3322 1287 3378 voto:

219 3395 314 3488 atque
343 3403 416 3464 ideo
437 3401 664 3462 salutationum
686 3401 797 3460 munia
819 3423 893 3462 cnm
914 3404 1055 3484 eologius
1077 3400 1232 3487 peculiaris
1245 3417 1287 3476 pa·

218 3486 303 3566 troni
327 3480 424 3546 vestri
447 3485 548 3545 sancti
572 3483 659 3543 illius
681 3485 725 3560 (si
755 3481 800 3543 ad
824 3483 954 3564 Regem)
982 3487 1167 3547 clementiae
1189 3489 1287 3566 vestrae
1324 3513 1326 3520 ‹

219 3569 263 3646 (si
277 3561 328 3629 ‘tid
344 3563 554 3652 Episcopum)
575 3565 736 3626 sanctitati
760 3573 884 3627 restrae
909 3562 1105 3648 direximus,
1134 3589 1199 3629 com
1220 3577 1286 3623 omni

216 3646 408 3728 humilitatis
436 3646 555 3731 genere
585 3646 829 3710 clementissime
856 3649 1093 3732 dependentes,
1121 3645 1284 3732 suggerimus
1325 3679 1326 3682 ,

218 3725 346 3829 u't‘iiag‘i
367 3753 424 3792 nos
452 3729 711 3816 praemunientes
733 3740 842 3808 orato,
869 3732 908 3792 de
934 3742 1056 3794 vestrae
1084 3734 1219 3818 sospitate
1246 3725 1285 3782 in·
1325 3707 1326 3757 l

215 3807 398 3920 to'griiatem
412 3811 609 3897 'trepudiare
628 3813 763 3892 faciatis,
786 3813 940 3900 dignabili
964 3815 1111 3898 protinus
1130 3810 1268 3878 rescribtu.

478 3948 558 4009 Item
580 3944 643 4005 alia
667 3941 706 4003 de
727 3943 902 4007 Nativitate
923 3943 1063 4007 Domini.

225 4053 403 4133 ς”’“>ἷῠΠΝ.“
442 4060 653 4130 locanditatis
679 4068 808 4120 mutuae
822 4059 954 4142 gratiam
973 4081 1159 4144 cognoscere
1175 4048 1281 4138 copien-

209 4145 681 4231 ‚ses-‚1idisiaitus.aaiaarsitate
704 4144 840 4219 conluta,
864 4163 929 4202 non
954 4143 1148 4207 distituemus
1170 4129 1281 4220 epistolas

205 4236 472 4324 omittendam:
490 4239 626 4298 rostram
653 4224 842 4310 praevenire
871 4225 1074 4290 elementiam
1087 4274 1096 4308 ,
1123 4233 1171 4288 aut
1188 4220 1278 4282 sanct·
