2786 4980
181 339 231 416 38
401 361 434 415 s.
458 357 538 414 cna.
641 354 884 448 cssrrncarus
1003 359 1062 417 ssa.

182 500 298 564 nostris
319 499 359 561 de
381 499 443 561 Dei
472 497 637 558 voluntate
657 504 690 557 et
715 505 798 557 statu
820 503 948 558 sanctae
965 498 1142 578 Ecclesiae,
1166 523 1202 563 ac
1218 523 1309 584 reg-1

182 584 218 645 ni
246 593 280 644 et
301 580 464 645 communi
485 587 592 638 nostro
614 599 650 640 ac
673 588 778 640 vestro
796 579 961 662 profectu,
994 583 1290 660 consideraremus,

182 666 267 727 sicut
281 673 314 726 et
332 664 483 732 fecimus3
506 671 539 722 et
557 660 671 740 gratias
697 663 778 738 Deo,
800 683 909 722 sumus
928 661 1003 724 inde
1025 665 1071 725 sic
1091 667 1242 742 adunati,
1257 675 1292 725 ct

183 769 241 808 nos
259 748 298 806 ad
313 746 454 806 invicem
474 753 597 804 etcum
616 741 764 803 fidelihus
788 743 915 821 nostris,
937 745 1020 805 sicut
1044 768 1100 808 nos
1119 769 1293 828 recognos-

184 830 285 890 cimus
308 828 384 910 quia
407 836 439 888 et
467 825 550 884 infra
574 839 711 905 regnum
747 833 780 885 et
807 833 896 885 extra
917 847 1054 910 regnum
1082 851 1141 914 per
1168 851 1292 891 marcas

184 921 307 973 nostras
336 909 429 970 nobis
448 916 495 970 est
510 906 734 971 necessarium.

417 1015 720 1078 Anauur1ar1o
763 1005 1055 1080 Haufioarrcr.

266 1123 358 1184 Sicut
375 1144 464 1186 meus
488 1123 588 1181 frater
607 1119 696 1183 vohis
714 1119 810 1198 dicit,
832 1143 945 1204 magna
965 1121 1134 1189 necessitas
1161 1139 1209 1190 est
1228 1151 1291 1190 no-

184 1206 233 1269 bis
251 1205 303 1266 isti
321 1205 441 1288 populo
467 1203 669 1278 Christiano,
689 1205 745 1284 qui
765 1204 857 1266 nobis
881 1215 928 1266 est
957 1231 975 1266 a
994 1212 1064 1268 Deo
1085 1211 1290 1288 commissus,

186 1299 223 1350 ut
242 1310 299 1348 nos
320 1288 360 1348 ad
387 1287 529 1348 invicem
557 1284 602 1346 sic
625 1285 802 1346 concordes
831 1295 863 1348 ct
893 1289 977 1350 uniti
1001 1291 1098 1352 simus
1126 1295 1290 1374 quomodo

184 1371 247 1432 Dei
262 1371 410 1430 voluntas
433 1378 479 1430 est
503 1377 535 1428 et
562 1381 657 1428 verae
679 1366 871 1428 fraternitati
885 1371 1064 1435 'convenit
1114 1375 1209 1451 Quod
1233 1397 1292 1437 us-

187 1473 250 1536 que
270 1453 377 1526 modo,
398 1461 566 1532 postquam
586 1451 674 1510 Deus
702 1449 788 1512 istud
816 1471 952 1532 regnum
975 1454 1008 1512 in
1033 1477 1145 1516 manus
1167 1465 1290 1526 nostras

142 1539 147 1550 '
185 1543 259 1618 post
278 1535 404 1594 Patrem
425 1543 570 1593 nostrum
591 1531 687 1608 misit,
708 1551 768 1613 per
784 1535 902 1610 omnia,
919 1536 1003 1596 sicut
1024 1539 1195 1600 necessitas
1214 1541 1289 1600 fue-

187 1625 252 1690 rat,
278 1636 342 1675 non
364 1615 502 1684 suimus;
524 1621 557 1674 et
578 1613 650 1674 ideo
675 1622 763 1673 tanta
787 1617 857 1676 Deo
879 1619 1053 1695 contraria,
1076 1629 1108 1680 et
1134 1621 1225 1682 nobis
1252 1644 1290 1684 ac

186 1697 278 1758 vobis
307 1698 584 1778 impedimentosa,
608 1695 803 1762 acciderunt.
852 1698 894 1758 Et
916 1701 991 1780 quia
1013 1703 1127 1778 modo,
1149 1703 1289 1764 Domino
1371 1741 1372 1744 =

188 1779 372 1854 adiuvante,
394 1780 441 1840 sic
469 1799 577 1839 sumus
607 1777 774 1838 unanimes
795 1777 879 1839 sicut
897 1803 956 1861 per
983 1794 1108 1844 rectum
1136 1805 1203 1846 esse
1231 1785 1290 1846 de-

187 1861 311 1936 bemus,
322 1861 427 1923 sciatis
441 1860 517 1942 quia
534 1859 755 1940 unusquisque
774 1870 918 1922 nostrum
932 1875 1058 1945 paratus
1077 1875 1125 1926 est
1143 1876 1180 1926 ut
1196 1888 1291 1927 suum
1371 1911 1372 1916 κ

188 1944 331 2020 fratrem,
355 1943 541 2024 ubicunque
561 1941 731 2004 necessitas
749 1941 858 2020 fuerit,
880 1953 912 2004 ct
926 1946 1009 2006 infra
1032 1949 1163 2028 patriam
1181 1959 1212 2010 et
1238 1949 1290 2008 so-

189 2025 234 2086 ris
254 2024 399 2108 patriam,
420 2034 474 2085 aut
495 2046 553 2107 per
579 2023 719 2105 seipsum
743 2033 797 2084 aut
824 2046 883 2106 per
911 2026 1067 2088 infantem
1095 2031 1148 2091 vel
1175 2029 1288 2091 fideles

189 2129 284 2184 suos,
314 2115 346 2168 et
363 2106 498 2168 consilio
527 2115 560 2166 et
581 2106 703 2166 auxilio
734 2107 780 2168 sic
804 2105 934 2169 adiuvet
955 2110 1038 2172 sicut
1067 2113 1167 2173 frater
1194 2112 1289 2173 fratri

189 2211 250 2274 per
273 2198 396 2250 rectum
411 2191 518 2250 facere
539 2187 644 2253 debet.

444 2295 785 2357 Anaunrrarro
827 2298 1026 2360 Kaaonr.

273 2401 386 2463 Sciatis
405 2402 479 2484 quia
504 2411 536 2462 et
557 2424 615 2463 nos
638 2411 670 2462 et
692 2401 803 2466 fideles
827 2405 928 2466 nostri
948 2405 1105 2465 veraciter
1121 2427 1290 2488 recognos-

191 2484 290 2547 cimus
314 2485 389 2566 quia
405 2483 519 2568 partim
539 2484 736 2563 necessitate,
756 2487 870 2568 partim
891 2487 1033 2565 indebita
1046 2487 1223 2563 uoluntate,
1243 2489 1288 2550 si-

192 2578 247 2630 cut
271 2589 361 2628 meus
379 2568 479 2627 frater
500 2566 721 2628 Hludouvicns
748 2568 838 2630 vobis
855 2569 952 2645 dixit,
976 2570 1075 2628 multa
1101 2570 1292 2630 acciderunt

110 2694 114 2706 .
191 2652 225 2711 in
249 2651 308 2712 isto
336 2670 437 2732 regno
459 2671 541 2730 quac
569 2649 661 2709 nobis
689 2670 818 2712 necesse
851 2672 915 2711 non
940 2653 1057 2722 fuerat,
1118 2653 1160 2712 Et
1181 2651 1289 2712 sciatis

189 2733 265 2816 quia
288 2753 386 2806 nunc,
409 2731 522 2812 gratias
543 2733 624 2806 Deo,
645 2731 776 2792 adunati
800 2754 927 2807 sumus,
950 2743 983 2794 at
1002 2755 1060 2792 nos
1083 2733 1122 2794 ad
1146 2734 1290 2794 invicem

190 2826 318 2876 etcum
341 2813 489 2874 fidelibus
515 2813 641 2890 nostris,
664 2823 696 2874 et
717 2836 781 2873 una
807 2815 967 2891 cnmeei
989 2814 1166 2892 adiutorio,
1184 2837 1288 2896 quan-

189 2905 223 2957 to
256 2897 372 2956 melius
401 2905 432 2956 et
465 2893 560 2954 citius
592 2894 828 2957 rationabiliter
861 2919 1043 2978 possumus,
1078 2919 1287 2979 procuremus

189 2981 331 3060 qualiter
350 2998 431 3057 quaa
455 2976 599 3056 neglecta
619 2986 704 3054 sunt,
728 2978 894 3038 emendata
913 2979 1000 3051 fiant,
1026 2987 1113 3038 utet
1137 2981 1225 3040 Deus
1246 2979 1286 3039 sit

189 3061 282 3120 nohis
306 3057 482 3139 propitius,
515 3066 547 3118 et
577 3058 808 3120 ecclesiasticus
843 3060 921 3120 ordo
951 3059 1095 3120 debitum
1130 3059 1289 3122 honorem

184 3139 316 3220 'haheat,
344 3149 375 3200 et
397 3138 488 3217 regni
513 3139 604 3199 nohis
626 3141 786 3202 commissi
811 3141 1004 3224 prosperitas
1034 3143 1222 3223 proveniat,
1254 3152 1286 3203 et

187 3220 246 3280 iste
267 3220 614 3303 populusChristianus
637 3245 746 3304 pacem
764 3223 888 3300 habeat,
904 3233 936 3283 et
953 3224 1043 3285 vohis
1065 3225 1119 3285 lex
1138 3237 1170 3286 et
1190 3224 1285 3285 iusti-

186 3303 231 3361 tia
260 3311 480 3379 conservetur,
501 3313 533 3363 ct
556 3326 611 3364 vos
632 3305 734 3382 nobis,
757 3306 839 3366 sicut
860 3306 1109 3367 antecessoribus
1135 3307 1284 3367 fecerunt

185 3383 330 3446 debitum
350 3383 507 3444 honorem
527 3397 560 3446 et
582 3386 740 3448 auxilium
764 3387 950 3453 exhiheatis.
992 3389 1035 3448 Et
1056 3387 1198 3470 qualiter
1222 3388 1284 3448 hoc

186 3465 425 3529 consideratum
445 3475 476 3526 et
492 3469 649 3530 veraciter
668 3470 890 3532 confirmatum
910 3469 1058 3532 manibus
1078 3469 1216 3552 propriis
1230 3469 1284 3529 ha·

183 3548 325 3638 beamus,
347 3547 401 3608 hic
418 3549 507 3609 vobis
533 3550 704 3632 relegetur.
1251 3579 1252 3587 ¹

265 3633 307 3692 Et
327 3633 443 3692 relecta
469 3645 541 3691 suut
562 3636 596 3693 in
617 3645 782 3716 conspectu
807 3635 901 3696 totius
928 3634 1042 3718 populi
1063 3633 1279 3717 suprascripta

185 3715 338 3798 Capitale.

367 3953 1095 4000 sraonlsunsstoasaMS.

553 4067 896 4114 encausto.

179 4141 363 4277 Regnantc
384 4198 417 4256 in
441 4198 673 4279 sempiternum
692 4198 832 4258 Domino
849 4201 918 4260 Deo
937 4193 1172 4278 universorum,
1195 4222 1282 4263 anno

175 4280 408 4344 incarnationis
425 4282 568 4344 ciusdem
582 4279 713 4342 Domini
727 4280 789 4346 Dei
804 4283 904 4344 nostri
917 4283 989 4345 lesu
1006 4283 1127 4346 Christi
1139 4306 1281 4346 ncccnur
