2712 4992
1169 299 1183 322 ἱ,

491 344 590 396 mrsu
618 341 801 406 secturus
1038 296 1040 300 ’
1069 331 1071 337 ’
1123 324 1215 394 313.

94 509 161 572 per
183 479 428 548 succedentibus
453 481 659 563 temporibus,
694 497 768 544 cum
789 501 879 542 casus
908 481 1018 542 mortis
1033 483 1196 558 extiterit,
1221 511 1224 516 ·

87 570 270 631 Abbatibas
302 573 355 622 aut
391 565 526 624 Clericis
558 566 610 625 vel
638 563 773 644 reliquis
798 563 997 622 Clericorum
1024 565 1137 645 gradus
1162 566 1196 622 in

89 653 212 713 eodem
237 653 307 708 loco
332 646 506 726 dignentur
530 648 583 707 vel
604 646 742 706 debeant
757 645 924 728 iustituere
941 667 1020 724 quos
1041 647 1199 728 sapientia

89 746 129 795 et
150 732 291 794 eruditio
314 730 543 808 scripturarum
562 728 731 804 clarificat,
759 728 810 788 vel
834 749 915 806 quos
939 729 1003 785 vita
1032 737 1140 788 sancta
1166 737 1197 788 et
1259 730 1262 740 '

88 811 181 876 actio
203 817 288 874 bona
306 819 360 871 aut
380 810 579 871 conversatio
601 809 733 868 honesta
760 809 967 878 commendat.
1018 812 1112 870 Unde
1139 810 1197 868 ob-
1254 817 1285 838 ”

87 919 188 960 secro
210 893 461 958 clementissimis
481 892 621 972 Regibus
644 901 707 950 tam
724 892 942 972 praesentibus
966 913 1062 970 quam
1080 892 1199 952 futuris

90 991 127 1040 et
148 979 295 1039 omnibus
326 974 358 1031 in
382 977 452 1034 Deo·
479 973 648 1059 Episcopis
677 973 888 1052 omnibusque
917 973 1130 1034 Potestatibus
1163 996 1199 1034 ac
1227 1023 1228 1028 ,

89 1060 300 1133 Primatibus,
323 1069 432 1116 omnes
449 1057 544 1116 etiam
563 1056 723 1131 seniores,
744 1075 955 1136 quoscunque
978 1056 1110 1120 ludices
1131 1077 1198 1117 esse
1232 1099 1234 1102 -

93 1143 290 1216 constiterit,
311 1151 370 1218 per
388 1137 581 1197 ineffabilem
593 1138 652 1196 Dei
676 1137 937 1217 omnipotentiam
958 1146 988 1196 et
1001 1161 1059 1218 per
1076 1140 1200 1219 insepa-
1223 1167 1227 1176 ·

93 1219 232 1286 rabilem
250 1221 336 1284 Patri
357 1229 388 1282 et
405 1220 490 1280 Filio
513 1229 545 1279 et
565 1219 698 1299 Spiritui
717 1228 825 1278 sancto
847 1219 1049 1295 Trinitatem,
1072 1231 1109 1282 ut
1139 1221 1198 1278 bac

96 1309 263 1368 volunta-te
279 1323 349 1362 mea
363 1324 421 1382 pro
433 1301 531 1362 nullis
545 1302 774 1378 occasionibus,
788 1301 871 1361 sicut
883 1301 1037 1360 existente
1049 1305 1118 1364 sine
1130 1305 1199 1363 Deo

97 1389 272 1470 cupiditate
285 1406 335 1444 res
350 1384 435 1465 exigi
450 1385 542 1461 solet,
559 1384 649 1442 nulla
665 1383 788 1442 ratione
801 1384 956 1463 nulloque
971 1395 1111 1467 tempore
1126 1406 1200 1444 con-

98 1473 221 1532 vellere
238 1467 444 1550 permittatis,
458 1467 514 1525 sed
529 1487 586 1546 per
605 1466 858 1526 sollicitudiuem
879 1475 910 1524 et
926 1487 1034 1524 curam
1048 1465 1200 1548 Episcopi

94 1549 244 1620 constare
258 1549 363 1631 potius
376 1563 433 1629 'pro
446 1548 628 1608 reverentia
642 1546 807 1607 Trinitatis
818 1547 988 1606 immensae
1006 1559 1109 1610 vestro
1118 1559 1199 1609 te‘m-

92 1657 177 1718 pore
203 1643 235 1694 et
259 1631 366 1692 studio
392 1629 443 1691 vel
459 1647 554 1711 opere
572 1630 720 1700 iubeatis3
743 1639 900 1710 quatenus
922 1641 957 1688 ut
980 1642 1012 1690 et
1035 1631 1091 1692 ille
1110 1629 1200 1692 vobis

90 1709 281 1778 mercedem
299 1711 490 1773 restituatin
512 1713 621 1770 futuro
645 1711 701 1791 qui
728 1713 789 1771 scit
813 1733 863 1770 me
891 1711 1100 1794 eleemosynis
1123 1712 1199 1795 ipsis
1256 1713 1258 1718 ’

92 1799 217 1862 sanctis
242 1795 304 1856 Dei
324 1793 517 1875 pauperibus
536 1814 595 1874 pro
610 1815 715 1853 amore
729 1793 860 1853 Domini
881 1795 979 1853 nostri
996 1795 1067 1856 lesu
1080 1791 1200 1856 Christi

93 1881 224 1942 ardenti
248 1876 406 1938 desiderio
424 1876 581 1939 tribuisse.
610 1872 643 1935 Si
666 1875 737 1957 q'uis
760 1875 837 1935 huic
861 1877 1018 1935 voluntati
1039 1899 1126 1952 meae
1141 1897 1199 1959 pro

95 1961 299 2045 quibuslibet
312 1959 594 2018 adinventionibus
608 1979 665 2017 seu
679 1957 942 2040 oppositionibus,
964 1959 1047 2020 sicut
1062 1962 1200 2020 mundus
1264 1985 1266 1990 ·

97 2045 230 2105 cottidie
245 2041 367 2101 artibus
391 2048 423 2098 et
437 2040 573 2121 ingeniis
589 2041 717 2120 expolio
735 2039 858 2114 obvius,
869 2041 926 2099 ivel
940 2037 1111 2123 repetitor,
1126 2063 1215 2119 con·v

100 2129 215 2188 vulsor
229 2125 333 2199 etiam,
356 2131 409 2179 aut
420 2122 647 2202 tergiversator
663 2123 817 2198 extiterit,
833 2122 999 2182 anathema
1017 2125 1071 2196 sit;¹
1088 2135 1119 2184 et
1138 2134 1201 2183 tam

97 2210 157 2292 qui
172 2208 284 2277 fecerit
299 2226 393 2287 quam
409 2203 464 2282 qui
481 2203 628 2263 faciendo
641 2205 848 2282 consenserit,
867 2205 1032 2264 anathema
1046 2209 1102 2277 sit;
1118 2216 1149 2266 et
1163 2205 1210 2266 sis

96 2290 298 2351 cut'Datban
314 2296 345 2346 et
363 2286 483 2345 Abiron
501 2285 590 2342 hiatu
602 2295 704 2345 terrae
722 2286 858 2368 absorpti
876 2298 961 2364 suut,
979 2289 1092 2350 vivens
1106 2290 1140 2348 in
1155 2288 1188 2346 in

94 2376 229 2434 fernum
243 2368 426 2444 descendat,
444 2377 475 2428 et
490 2388 563 2426 cum
576 2367 663 2426 Ziezi
681 2368 801 2427 fraudis
820 2379 1000 2431 mercatore
1012 2383 1043 2431 et
1063 2372 1096 2430 in
1112 2391 1202 2452 prae-

83 2454 186 2515 ¹senti
209 2463 240 2512 et
261 2452 294 2510 in
322 2452 433 2510 futur-o
463 2450 572 2510 seculo
599 2458 722 2530 partem
745 2450 955 2512 damnationis
983 2454 1140 2535 excipiat;
1170 2460 1202 2510 et

97 2548 180 2596 tunc
208 2533 334 2594 veniam
355 2541 570 2612 consequatur
599 2531 728 2610 quando
755 2543 984 2594 consecuturus
1011 2545 1058 2596 est
1080 2544 1111 2595 et
1132 2533 1201 2594 dia·
1238 2571 1243 2583 ·

97 2619 206 2692 bolus,
228 2616 284 2696 qui
309 2635 377 2676 sese
397 2614 541 2674 fallendo
561 2613 703 2673 aetheria
719 2613 793 2672 sede
814 2613 969 2691 deiectus,
991 2627 1126 2676 cruenta
1144 2614 1217 2686 atl-¹

98 2697 291 2762 inventione
315 2695 408 2755 bonis
432 2696 581 2776 operibus
601 2717 725 2778 semper
746 2694 876 2756 obviare
899 2697 1070 2778 pervigilat
1079 2723 1087 2768 3
1110 2698 1201 2755 insu-

98 2803 162 2864 per
179 2780 274 2840 etiam
291 2778 409 2838 inferat
427 2778 566 2838 sociante
584 2797 713 2860 quoque
732 2787 794 2836 tam
812 2778 845 2835 in
864 2781 1087 2859 perseeutione
1107 2798 1203 2860 quam

101 2865 137 2923 in
162 2862 327 2922 exactione
350 2860 559 2921 sacratissimo
581 2861 678 2936 fisco,
700 2861 753 2921 vel
778 2871 887 2920 sancto
910 2862 1068 2944 Episcopo
1087 2859 1202 2921 Eccle-
1230 2911 1232 2916 .

101 2947 167 3007 siae
185 2945 283 3024 ipsius
306 2943 375 3003 auri
397 2943 492 3002 libras
509 2951 650 3013 centum;
675 2952 705 3001 et
725 2942 933 3003 nibilominus
956 2945 1034 3005 baec
1055 2961 1202 3025 praesens

102 3027 256 3110 epistola,
297 3047 378 3106 quae
407 3025 425 3084 d
453 3046 503 3085 me
533 3046 596 3105 pro¹
616 3024 728 3084 timore
751 3025 816 3084 Dei
840 3036 872 3084 et
897 3048 1002 3086 amore
1023 3043 1202 3108 pauperum

103 3112 285 3189 cotiscripta
308 3117 365 3183 est,
387 3107 487 3184 firma,
513 3106 716 3188 incorrupta,
752 3105 956 3184 intemerata,
979 3109 1200 3188 inviolataque

102 3197 297 3274 permaneat.
338 3191 407 3268 Ego
433 3209 571 3270 namque
593 3189 632 3250 de
666 3188 802 3249 conlatis
831 3211 866 3248 ac
888 3192 1034 3269 superius
1062 3211 1201 3272 praeno-

102 3274 177 3332 tatis
203 3272 298 3332 rebus
323 3271 490 3332 omnia·ad
517 3292 626 3331 curam
644 3281 676 3330 et
695 3269 950 3330 sollicitudinem·
966 3284 1020 3334 ant
1041 3272 1202 3352 vdefensio·

104 3373 179 3414 nem
203 3375 312 3414 rernm
345 3353 398 3413 vel
427 3353 690 3434 gubernationem
714 3353 854 3433 ipsorum
877 3368 1064 3434 ‘pauperum
1092 3364 1201 3415 sancto

105 3459 141 3497 ac
167 3442 354 3518 praenotato
372 3438 497 3495 Domno
522 3435 581 3494 illo
603 3435 761 3516 Episcopo
793 3436 844 3496 vel
863 3437 1098 3496 successoribus
1125 3437 1200 3513 suis,

104 3521 173 3579 Deo
194 3517 255 3578 sibi
273 3525 365 3594 teste,
388 3516 571 3587 committ0;
600 3527 633 3578 et
657 3517 878 3594 instrumenta,
900 3539 959 3599 per
972 3519 1061 3599 quod
1082 3540 1132 3579 res
1153 3519 1201 3600 ip-

105 3621 163 3676 sae,
193 3597 367 3659 auxiliante
387 3599 537 3676 Domino,
566 3620 624 3680 per
648 3620 759 3659 eorum
785 3599 1004 3660 sollicitudine
1031 3601 1203 3660 defensen-

104 3691 168 3758 tur,
187 3681 401 3760 superscripto
421 3682 548 3740 Domno
565 3679 615 3740 illi
635 3679 794 3762 Episcopo
810 3704 885 3764 prae
906 3683 1053 3745 manibus
1068 3683 1215 3752 tradidip

106 3772 137 3824 et
161 3763 301 3843 qualiter
311 3763 432 3824 ibidem
446 3761 591 3843 provide,
613 3762 677 3844 pie,
698 3761 827 3823 rectene
848 3785 939 3825 secus
963 3765 1075 3846 egerit,
1093 3763 1204 3824 Chris·
1283 3807 1285 3810 -

104 3855 138 3906 to
159 3845 299 3905 Domino
316 3845 350 3904 in
372 3867 405 3906 se
428 3843 536 3906 iudice
560 3854 774 3926 recognoscat.
815 3845 897 3908 Mihi
916 3857 1023 3908 autem
1047 3845 1129 3906 nihil
1147 3867 1204 3906 ex-

104 3928 181 3987 inde
203 3926 404 4009 proprietatis
430 3928 561 3987 titulum
582 3928 710 4008 penitus
732 3949 796 3987 non
816 3929 995 4000 reservavi:
1017 3929 1093 4010 quia
1109 3927 1204 3989 facile

111 4009 291 4070 contemnit
312 4009 417 4069 omnia
444 4009 500 4090 qui
528 4009 617 4090 cupit
638 4009 675 4069 ab
700 4009 823 4070 inferni
850 4011 995 4071 faucibus
1023 4011 1092 4070 erui
1105 4057 1113 4088 ‚
1132 4041 1134 4046 ·
1152 4011 1202 4070 vel

105 4092 162 4152 ille
197 4090 258 4172 qui.
275 4100 480 4172 peccatorum
500 4089 739 4168 remissionem,
761 4095 830 4152 Deo
855 4102 1092 4170 remunerante,
1125 4092 1207 4152 desi-

106 4174 206 4249 derat,
239 4181 295 4234 aut
311 4171 368 4236 ille
388 4173 592 4258 quisemper
613 4172 729 4256 cogitat
751 4195 824 4237 eum
852 4174 929 4240 velit
948 4169 1117 4242 uolitesse
1136 4193 1206 4237 'mo-

105 4255 251 4323 riturum.
294 4255 517 4342 Stipnlatioue.
557 4256 599 4324 Et
618 4263 752 4320 caetera.

750 4451 774 4469 ια’
