<?xml version="1.0" encoding="UTF-8"?>
<!DOCTYPE html PUBLIC "-//W3C//DTD XHTML 1.0 Transitional//EN"
    "http://www.w3.org/TR/xhtml1/DTD/xhtml1-transitional.dtd">
<html xmlns="http://www.w3.org/1999/xhtml" xml:lang="en" lang="en">
 <head>
  <title>
</title>
<meta http-equiv="Content-Type" content="text/html;charset=utf-8" />
  <meta name='ocr-system' content='tesseract 3.04.00' />
  <meta name='ocr-capabilities' content='ocr_page ocr_carea ocr_par ocr_line ocrx_word'/>
</head>
<body>
  <div class='ocr_page' id='page_1' title='image "./corpusiurisgerm01visigoog_0401.png"; bbox 0 0 2712 4992; ppageno 0'>
   <div class='ocr_carea' id='block_1_1' title="bbox 184 281 828 362">
    <p class='ocr_par' dir='ltr' id='par_1_1' title="bbox 184 281 828 362">
     <span class='ocr_line' id='line_1_1' title="bbox 184 281 828 362; baseline 0.012 -8"><span class='ocrx_word' id='word_1_1' title='bbox 184 281 260 354; x_wconf 72' lang='lat'>390</span> <span class='ocrx_word' id='word_1_2' title='bbox 599 332 603 338; x_wconf 85' lang='lat'>·</span> <span class='ocrx_word' id='word_1_3' title='bbox 635 307 828 362; x_wconf 81' lang='lat' dir='ltr'>ronnoms</span> 
     </span>
    </p>
   </div>
   <div class='ocr_carea' id='block_1_2' title="bbox 177 440 1258 2006">
    <p class='ocr_par' dir='ltr' id='par_1_2' title="bbox 177 440 1258 2006">
     <span class='ocr_line' id='line_1_2' title="bbox 183 440 1251 525; baseline 0.004 -23"><span class='ocrx_word' id='word_1_4' title='bbox 183 444 245 502; x_wconf 86' lang='lat' dir='ltr'>iarn</span> <span class='ocrx_word' id='word_1_5' title='bbox 267 440 372 502; x_wconf 88' lang='lat' dir='ltr'>dictos</span> <span class='ocrx_word' id='word_1_6' title='bbox 402 440 457 502; x_wconf 89' lang='lat' dir='ltr'>ille</span> <span class='ocrx_word' id='word_1_7' title='bbox 489 443 651 525; x_wconf 89' lang='lat' dir='ltr'>quondam</span> <span class='ocrx_word' id='word_1_8' title='bbox 678 468 751 506; x_wconf 88' lang='lat' dir='ltr'>eum</span> <span class='ocrx_word' id='word_1_9' title='bbox 783 447 867 506; x_wconf 84' lang='lat' dir='ltr'>melo</span> <span class='ocrx_word' id='word_1_10' title='bbox 903 446 1016 507; x_wconf 80' lang='lat' dir='ltr'>ordine</span> <span class='ocrx_word' id='word_1_11' title='bbox 1043 444 1200 520; x_wconf 80' lang='lat' dir='ltr'>adsallivit,</span> <span class='ocrx_word' id='word_1_12' title='bbox 1226 457 1251 506; x_wconf 88' lang='lat' dir='ltr'>et</span> 
     </span>
     <span class='ocr_line' id='line_1_3' title="bbox 183 525 1252 612; baseline 0.004 -28"><span class='ocrx_word' id='word_1_13' title='bbox 183 525 351 602; x_wconf 69' lang='lat' dir='ltr'>evaginato</span> <span class='ocrx_word' id='word_1_14' title='bbox 382 525 487 604; x_wconf 79' lang='lat' dir='ltr'>gladio</span> <span class='ocrx_word' id='word_1_15' title='bbox 511 549 608 606; x_wconf 75' lang='lat' dir='ltr'>super</span> <span class='ocrx_word' id='word_1_16' title='bbox 632 549 704 589; x_wconf 86' lang='lat' dir='ltr'>eum</span> <span class='ocrx_word' id='word_1_17' title='bbox 728 529 835 604; x_wconf 78' lang='lat' dir='ltr'>venit,</span> <span class='ocrx_word' id='word_1_18' title='bbox 865 539 896 587; x_wconf 86' lang='lat' dir='ltr'>et</span> <span class='ocrx_word' id='word_1_19' title='bbox 917 550 1012 612; x_wconf 88' lang='lat' dir='ltr'>super</span> <span class='ocrx_word' id='word_1_20' title='bbox 1036 530 1131 610; x_wconf 84' lang='lat' dir='ltr'>ipsum</span> <span class='ocrx_word' id='word_1_21' title='bbox 1153 528 1252 588; x_wconf 84' lang='lat' dir='ltr'>livores</span> 
     </span>
     <span class='ocr_line' id='line_1_4' title="bbox 184 607 1253 693; baseline 0.002 -27"><span class='ocrx_word' id='word_1_22' title='bbox 184 608 235 666; x_wconf 80' lang='lat' dir='ltr'>vel</span> <span class='ocrx_word' id='word_1_23' title='bbox 264 608 482 686; x_wconf 77' lang='lat' dir='ltr'>copulationes</span> <span class='ocrx_word' id='word_1_24' title='bbox 505 610 610 684; x_wconf 88' lang='lat' dir='ltr'>misit,</span> <span class='ocrx_word' id='word_1_25' title='bbox 634 620 665 670; x_wconf 89' lang='lat' dir='ltr'>et</span> <span class='ocrx_word' id='word_1_26' title='bbox 684 633 733 671; x_wconf 89' lang='lat' dir='ltr'>res</span> <span class='ocrx_word' id='word_1_27' title='bbox 757 633 828 671; x_wconf 87' lang='lat' dir='ltr'>suas</span> <span class='ocrx_word' id='word_1_28' title='bbox 858 607 981 672; x_wconf 67' lang='lat' dir='ltr'>illas&#39;ei</span> <span class='ocrx_word' id='word_1_29' title='bbox 1005 611 1138 693; x_wconf 79' lang='lat' dir='ltr'>diripere</span> <span class='ocrx_word' id='word_1_30' title='bbox 1158 611 1253 688; x_wconf 86' lang='lat' dir='ltr'>voluit,</span> 
     </span>
     <span class='ocr_line' id='line_1_5' title="bbox 183 690 1253 774; baseline 0.002 -24"><span class='ocrx_word' id='word_1_31' title='bbox 183 701 215 750; x_wconf 86' lang='lat' dir='ltr'>et</span> <span class='ocrx_word' id='word_1_32' title='bbox 241 699 408 769; x_wconf 70' lang='lat' dir='ltr'>ptistquam</span> <span class='ocrx_word' id='word_1_33' title='bbox 438 690 512 750; x_wconf 85' lang='lat' dir='ltr'>istos</span> <span class='ocrx_word' id='word_1_34' title='bbox 542 701 723 772; x_wconf 76' lang='lat' dir='ltr'><strong>praesentes</strong></span> <span class='ocrx_word' id='word_1_35' title='bbox 758 693 876 752; x_wconf 89' lang='lat' dir='ltr'>livores</span> <span class='ocrx_word' id='word_1_36' title='bbox 901 694 1050 774; x_wconf 85' lang='lat' dir='ltr'>recepit,</span> <span class='ocrx_word' id='word_1_37' title='bbox 1092 691 1253 752; x_wconf 78' lang='lat' dir='ltr'><strong>necessitate</strong></span> 
     </span>
     <span class='ocr_line' id='line_1_6' title="bbox 183 771 1253 856; baseline -0.001 -24"><span class='ocrx_word' id='word_1_38' title='bbox 183 771 367 852; x_wconf 81' lang='lat' dir='ltr'>compulsus</span> <span class='ocrx_word' id='word_1_39' title='bbox 395 771 497 850; x_wconf 82' lang='lat' dir='ltr'>ipsum</span> <span class='ocrx_word' id='word_1_40' title='bbox 529 775 669 853; x_wconf 74' lang='lat' dir='ltr'>plagavit</span> <span class='ocrx_word' id='word_1_41' title='bbox 693 796 751 856; x_wconf 85' lang='lat' dir='ltr'>per</span> <span class='ocrx_word' id='word_1_42' title='bbox 776 796 872 854; x_wconf 86' lang='lat' dir='ltr'>qoem</span> <span class='ocrx_word' id='word_1_43' title='bbox 899 785 1042 834; x_wconf 87' lang='lat' dir='ltr'>mortuus</span> <span class='ocrx_word' id='word_1_44' title='bbox 1067 775 1161 848; x_wconf 89' lang='lat' dir='ltr'>iacet,</span> <span class='ocrx_word' id='word_1_45' title='bbox 1181 784 1208 834; x_wconf 89' lang='lat' dir='ltr'>ct</span> <span class='ocrx_word' id='word_1_46' title='bbox 1227 775 1253 832; x_wconf 88' lang='lat' dir='ltr'>in</span> 
     </span>
     <span class='ocr_line' id='line_1_7' title="bbox 181 855 1254 938; baseline 0 -25"><span class='ocrx_word' id='word_1_47' title='bbox 181 877 238 914; x_wconf 87' lang='lat' dir='ltr'>sua</span> <span class='ocrx_word' id='word_1_48' title='bbox 262 863 327 912; x_wconf 92' lang='lat' dir='ltr'>orta</span> <span class='ocrx_word' id='word_1_49' title='bbox 351 855 559 913; x_wconf 77' lang='lat' dir='ltr'>contentione</span> <span class='ocrx_word' id='word_1_50' title='bbox 584 857 633 915; x_wconf 87' lang='lat' dir='ltr'>vel</span> <span class='ocrx_word' id='word_1_51' title='bbox 654 857 686 916; x_wconf 92' lang='lat' dir='ltr'>in</span> <span class='ocrx_word' id='word_1_52' title='bbox 707 879 761 918; x_wconf 89' lang='lat' dir='ltr'>sua</span> <span class='ocrx_word' id='word_1_53' title='bbox 783 857 901 918; x_wconf 86' lang='lat' dir='ltr'>motiva</span> <span class='ocrx_word' id='word_1_54' title='bbox 922 867 1017 938; x_wconf 89' lang='lat' dir='ltr'>atque</span> <span class='ocrx_word' id='word_1_55' title='bbox 1040 877 1096 938; x_wconf 87' lang='lat' dir='ltr'>per</span> <span class='ocrx_word' id='word_1_56' title='bbox 1114 877 1179 916; x_wconf 89' lang='lat' dir='ltr'>suas</span> <span class='ocrx_word' id='word_1_57' title='bbox 1198 856 1254 916; x_wconf 86' lang='lat' dir='ltr'>cul-</span> 
     </span>
     <span class='ocr_line' id='line_1_8' title="bbox 180 933 1255 1018; baseline 0.002 -24"><span class='ocrx_word' id='word_1_58' title='bbox 180 958 237 1018; x_wconf 84' lang='lat' dir='ltr'>pas</span> <span class='ocrx_word' id='word_1_59' title='bbox 265 933 383 993; x_wconf 83' lang='lat' dir='ltr'>ibidem</span> <span class='ocrx_word' id='word_1_60' title='bbox 411 935 598 998; x_wconf 86' lang='lat' dir='ltr'>interlectos</span> <span class='ocrx_word' id='word_1_61' title='bbox 620 938 690 999; x_wconf 88' lang='lat' dir='ltr'>snit.</span> <span class='ocrx_word' id='word_1_62' title='bbox 737 941 778 999; x_wconf 84' lang='lat' dir='ltr'>Et</span> <span class='ocrx_word' id='word_1_63' title='bbox 800 939 846 998; x_wconf 92' lang='lat' dir='ltr'>sic</span> <span class='ocrx_word' id='word_1_64' title='bbox 868 948 914 999; x_wconf 90' lang='lat' dir='ltr'>cst</span> <span class='ocrx_word' id='word_1_65' title='bbox 937 939 1054 999; x_wconf 87' lang='lat' dir='ltr'>veritas</span> <span class='ocrx_word' id='word_1_66' title='bbox 1075 938 1184 1018; x_wconf 80' lang='lat' dir='ltr'>absque</span> <span class='ocrx_word' id='word_1_67' title='bbox 1202 939 1255 997; x_wconf 89' lang='lat' dir='ltr'>ulla</span> 
     </span>
     <span class='ocr_line' id='line_1_9' title="bbox 180 1017 1255 1102; baseline 0 -24"><span class='ocrx_word' id='word_1_68' title='bbox 180 1017 294 1078; x_wconf 89' lang='lat' dir='ltr'>l&#39;raude</span> <span class='ocrx_word' id='word_1_69' title='bbox 316 1018 365 1075; x_wconf 89' lang='lat' dir='ltr'>vel</span> <span class='ocrx_word' id='word_1_70' title='bbox 388 1019 553 1093; x_wconf 87' lang='lat' dir='ltr'>conludio,</span> <span class='ocrx_word' id='word_1_71' title='bbox 582 1030 614 1079; x_wconf 89' lang='lat' dir='ltr'>et</span> <span class='ocrx_word' id='word_1_72' title='bbox 634 1021 667 1084; x_wconf 90' lang='lat' dir='ltr'>io</span> <span class='ocrx_word' id='word_1_73' title='bbox 695 1044 751 1081; x_wconf 91' lang='lat' dir='ltr'>sua</span> <span class='ocrx_word' id='word_1_74' title='bbox 778 1021 872 1102; x_wconf 86' lang='lat' dir='ltr'>culpa</span> <span class='ocrx_word' id='word_1_75' title='bbox 898 1021 1076 1082; x_wconf 85' lang='lat' dir='ltr'>secundum</span> <span class='ocrx_word' id='word_1_76' title='bbox 1103 1022 1196 1100; x_wconf 80' lang='lat' dir='ltr'>legem</span> <span class='ocrx_word' id='word_1_77' title='bbox 1216 1021 1255 1100; x_wconf 87' lang='lat' dir='ltr'>ip-</span> 
     </span>
     <span class='ocr_line' id='line_1_10' title="bbox 181 1099 1256 1185; baseline 0.001 -25"><span class='ocrx_word' id='word_1_78' title='bbox 181 1121 251 1160; x_wconf 87' lang='lat' dir='ltr'>sum</span> <span class='ocrx_word' id='word_1_79' title='bbox 273 1100 359 1157; x_wconf 88' lang='lat' dir='ltr'>lerro</span> <span class='ocrx_word' id='word_1_80' title='bbox 385 1099 517 1158; x_wconf 86' lang='lat' dir='ltr'>battudo</span> <span class='ocrx_word' id='word_1_81' title='bbox 540 1102 626 1162; x_wconf 84' lang='lat' dir='ltr'>l&#39;ccit.</span> <span class='ocrx_word' id='word_1_82' title='bbox 683 1103 824 1165; x_wconf 84' lang='lat' dir='ltr'>Proinde</span> <span class='ocrx_word' id='word_1_83' title='bbox 853 1114 1070 1185; x_wconf 78' lang='lat' dir='ltr'>opportunum</span> <span class='ocrx_word' id='word_1_84' title='bbox 1096 1103 1154 1162; x_wconf 86' lang='lat' dir='ltr'>fuit</span> <span class='ocrx_word' id='word_1_85' title='bbox 1176 1101 1256 1180; x_wconf 84' lang='lat' dir='ltr'>ipsius</span> 
     </span>
     <span class='ocr_line' id='line_1_11' title="bbox 181 1179 1255 1264; baseline 0.002 -24"><span class='ocrx_word' id='word_1_86' title='bbox 181 1181 230 1240; x_wconf 91' lang='lat' dir='ltr'>illi</span> <span class='ocrx_word' id='word_1_87' title='bbox 266 1188 300 1240; x_wconf 91' lang='lat' dir='ltr'>ot</span> <span class='ocrx_word' id='word_1_88' title='bbox 324 1179 406 1238; x_wconf 79' lang='lat' dir='ltr'>lianc</span> <span class='ocrx_word' id='word_1_89' title='bbox 434 1181 579 1242; x_wconf 88' lang='lat' dir='ltr'>notitiam</span> <span class='ocrx_word' id='word_1_90' title='bbox 606 1183 646 1246; x_wconf 91' lang='lat' dir='ltr'>ad</span> <span class='ocrx_word' id='word_1_91' title='bbox 675 1185 774 1246; x_wconf 88' lang='lat' dir='ltr'>instar</span> <span class='ocrx_word' id='word_1_92' title='bbox 795 1185 960 1247; x_wconf 74' lang='lat' dir='ltr'>relationis</span> <span class='ocrx_word' id='word_1_93' title='bbox 989 1184 1107 1246; x_wconf 80' lang='lat' dir='ltr'>exinde</span> <span class='ocrx_word' id='word_1_94' title='bbox 1134 1183 1255 1264; x_wconf 88' lang='lat' dir='ltr'>accipere</span> 
     </span>
     <span class='ocr_line' id='line_1_12' title="bbox 181 1263 1255 1346; baseline -0.001 -22"><span class='ocrx_word' id='word_1_95' title='bbox 181 1264 333 1332; x_wconf 74' lang='lat' dir='ltr'>delieret;</span> <span class='ocrx_word' id='word_1_96' title='bbox 361 1263 447 1341; x_wconf 88' lang='lat' dir='ltr'>qnod</span> <span class='ocrx_word' id='word_1_97' title='bbox 474 1263 514 1323; x_wconf 89' lang='lat' dir='ltr'>ita</span> <span class='ocrx_word' id='word_1_98' title='bbox 538 1275 571 1324; x_wconf 88' lang='lat' dir='ltr'>et</span> <span class='ocrx_word' id='word_1_99' title='bbox 589 1267 675 1326; x_wconf 86' lang='lat' dir='ltr'>fecit.</span> <span class='ocrx_word' id='word_1_100' title='bbox 718 1268 781 1328; x_wconf 87' lang='lat' dir='ltr'>Sed</span> <span class='ocrx_word' id='word_1_101' title='bbox 804 1277 909 1346; x_wconf 83' lang='lat' dir='ltr'>postea</span> <span class='ocrx_word' id='word_1_102' title='bbox 930 1289 1009 1330; x_wconf 86' lang='lat' dir='ltr'>vero</span> <span class='ocrx_word' id='word_1_103' title='bbox 1037 1266 1142 1326; x_wconf 88' lang='lat' dir='ltr'>taliter</span> <span class='ocrx_word' id='word_1_104' title='bbox 1161 1266 1190 1324; x_wconf 90' lang='lat' dir='ltr'>in</span> <span class='ocrx_word' id='word_1_105' title='bbox 1208 1266 1255 1323; x_wconf 89' lang='lat' dir='ltr'>iam</span> 
     </span>
     <span class='ocr_line' id='line_1_13' title="bbox 180 1345 1254 1430; baseline -0.004 -23"><span class='ocrx_word' id='word_1_106' title='bbox 180 1345 266 1407; x_wconf 88' lang='lat' dir='ltr'>dicto</span> <span class='ocrx_word' id='word_1_107' title='bbox 295 1345 367 1403; x_wconf 89' lang='lat' dir='ltr'>loco</span> <span class='ocrx_word' id='word_1_108' title='bbox 391 1345 490 1420; x_wconf 77' lang='lat' dir='ltr'>ipsius</span> <span class='ocrx_word' id='word_1_109' title='bbox 519 1346 567 1405; x_wconf 93' lang='lat' dir='ltr'>illi</span> <span class='ocrx_word' id='word_1_110' title='bbox 592 1349 766 1408; x_wconf 85' lang='lat' dir='ltr'>iudicatum</span> <span class='ocrx_word' id='word_1_111' title='bbox 793 1349 855 1409; x_wconf 89' lang='lat' dir='ltr'>l&#39;uit</span> <span class='ocrx_word' id='word_1_112' title='bbox 883 1360 918 1410; x_wconf 88' lang='lat' dir='ltr'>ut</span> <span class='ocrx_word' id='word_1_113' title='bbox 949 1351 982 1410; x_wconf 88' lang='lat' dir='ltr'>in</span> <span class='ocrx_word' id='word_1_114' title='bbox 1013 1358 1122 1410; x_wconf 91' lang='lat' dir='ltr'>noctes</span> <span class='ocrx_word' id='word_1_115' title='bbox 1142 1348 1254 1430; x_wconf 88' lang='lat' dir='ltr'>quadra·</span> 
     </span>
     <span class='ocr_line' id='line_1_14' title="bbox 179 1426 1256 1512; baseline 0 -26"><span class='ocrx_word' id='word_1_116' title='bbox 179 1427 267 1508; x_wconf 84' lang='lat' dir='ltr'>ginta</span> <span class='ocrx_word' id='word_1_117' title='bbox 289 1426 374 1508; x_wconf 78' lang='lat' dir='ltr'>apud</span> <span class='ocrx_word' id='word_1_118' title='bbox 403 1427 548 1489; x_wconf 84' lang='lat' dir='ltr'>homines</span> <span class='ocrx_word' id='word_1_119' title='bbox 576 1433 706 1512; x_wconf 80' lang='lat' dir='ltr'>triginta</span> <span class='ocrx_word' id='word_1_120' title='bbox 727 1453 781 1491; x_wconf 85' lang='lat' dir='ltr'>sex</span> <span class='ocrx_word' id='word_1_121' title='bbox 807 1453 901 1490; x_wconf 76' lang='lat' dir='ltr'>marin</span> <span class='ocrx_word' id='word_1_122' title='bbox 930 1454 985 1492; x_wconf 89' lang='lat' dir='ltr'>sua</span> <span class='ocrx_word' id='word_1_123' title='bbox 1006 1429 1165 1512; x_wconf 81' lang='lat' dir='ltr'>trigesima</span> <span class='ocrx_word' id='word_1_124' title='bbox 1183 1428 1256 1508; x_wconf 85' lang='lat' dir='ltr'>septi·</span> 
     </span>
     <span class='ocr_line' id='line_1_15' title="bbox 180 1509 1256 1591; baseline -0.001 -23"><span class='ocrx_word' id='word_1_125' title='bbox 180 1532 229 1569; x_wconf 85' lang='lat' dir='ltr'>rna</span> <span class='ocrx_word' id='word_1_126' title='bbox 253 1510 314 1568; x_wconf 89' lang='lat' dir='ltr'>iarn</span> <span class='ocrx_word' id='word_1_127' title='bbox 341 1509 427 1569; x_wconf 90' lang='lat' dir='ltr'>dicto</span> <span class='ocrx_word' id='word_1_128' title='bbox 449 1509 507 1568; x_wconf 91' lang='lat' dir='ltr'>illo</span> <span class='ocrx_word' id='word_1_129' title='bbox 531 1515 693 1591; x_wconf 87' lang='lat' dir='ltr'>quondam</span> <span class='ocrx_word' id='word_1_130' title='bbox 714 1513 747 1572; x_wconf 90' lang='lat' dir='ltr'>in</span> <span class='ocrx_word' id='word_1_131' title='bbox 770 1513 914 1573; x_wconf 83' lang='lat' dir='ltr'>Ecclesia</span> <span class='ocrx_word' id='word_1_132' title='bbox 935 1515 1010 1591; x_wconf 88' lang='lat' dir='ltr'>illa,</span> <span class='ocrx_word' id='word_1_133' title='bbox 1041 1515 1076 1570; x_wconf 90' lang='lat' dir='ltr'>in</span> <span class='ocrx_word' id='word_1_134' title='bbox 1106 1512 1174 1572; x_wconf 87' lang='lat' dir='ltr'>loco</span> <span class='ocrx_word' id='word_1_135' title='bbox 1194 1532 1256 1568; x_wconf 88' lang='lat' dir='ltr'>nun·</span> 
     </span>
     <span class='ocr_line' id='line_1_16' title="bbox 179 1591 1257 1676; baseline -0.003 -23"><span class='ocrx_word' id='word_1_136' title='bbox 179 1603 316 1674; x_wconf 85' lang='lat' dir='ltr'>cupente</span> <span class='ocrx_word' id='word_1_137' title='bbox 339 1591 409 1666; x_wconf 91' lang='lat' dir='ltr'>illo,</span> <span class='ocrx_word' id='word_1_138' title='bbox 428 1591 596 1654; x_wconf 77' lang='lat' dir='ltr'>conianare</span> <span class='ocrx_word' id='word_1_139' title='bbox 618 1597 732 1656; x_wconf 86' lang='lat' dir='ltr'>debeat</span> <span class='ocrx_word' id='word_1_140' title='bbox 752 1595 837 1676; x_wconf 86' lang='lat' dir='ltr'>apud</span> <span class='ocrx_word' id='word_1_141' title='bbox 858 1595 1004 1656; x_wconf 86' lang='lat' dir='ltr'>homines</span> <span class='ocrx_word' id='word_1_142' title='bbox 1022 1595 1143 1656; x_wconf 82' lang='lat' dir='ltr'>visores</span> <span class='ocrx_word' id='word_1_143' title='bbox 1162 1603 1190 1653; x_wconf 86' lang='lat' dir='ltr'>et</span> <span class='ocrx_word' id='word_1_144' title='bbox 1203 1614 1257 1672; x_wconf 74' lang='lat' dir='ltr'>cog·</span> 
     </span>
     <span class='ocr_line' id='line_1_17' title="bbox 179 1675 1256 1758; baseline -0.003 -22"><span class='ocrx_word' id='word_1_145' title='bbox 179 1675 299 1736; x_wconf 90' lang='lat' dir='ltr'>nitores</span> <span class='ocrx_word' id='word_1_146' title='bbox 322 1675 467 1754; x_wconf 87' lang='lat' dir='ltr'>eoquod</span> <span class='ocrx_word' id='word_1_147' title='bbox 490 1675 545 1734; x_wconf 91' lang='lat' dir='ltr'>ille</span> <span class='ocrx_word' id='word_1_148' title='bbox 568 1679 729 1756; x_wconf 86' lang='lat' dir='ltr'>quondam</span> <span class='ocrx_word' id='word_1_149' title='bbox 758 1678 842 1737; x_wconf 90' lang='lat' dir='ltr'>malo</span> <span class='ocrx_word' id='word_1_150' title='bbox 870 1679 984 1740; x_wconf 85' lang='lat' dir='ltr'>ordine</span> <span class='ocrx_word' id='word_1_151' title='bbox 1008 1696 1108 1758; x_wconf 85' lang='lat' dir='ltr'>snper</span> <span class='ocrx_word' id='word_1_152' title='bbox 1127 1696 1196 1736; x_wconf 88' lang='lat' dir='ltr'>eum</span> <span class='ocrx_word' id='word_1_153' title='bbox 1215 1695 1256 1734; x_wconf 84' lang='lat' dir='ltr'>re·</span> 
     </span>
     <span class='ocr_line' id='line_1_18' title="bbox 178 1757 1258 1843; baseline -0.003 -27"><span class='ocrx_word' id='word_1_154' title='bbox 178 1757 288 1832; x_wconf 83' lang='lat' dir='ltr'>nisset,</span> <span class='ocrx_word' id='word_1_155' title='bbox 311 1764 342 1816; x_wconf 88' lang='lat' dir='ltr'>ct</span> <span class='ocrx_word' id='word_1_156' title='bbox 367 1778 509 1816; x_wconf 79' lang='lat' dir='ltr'>resenas</span> <span class='ocrx_word' id='word_1_157' title='bbox 531 1759 560 1817; x_wconf 87' lang='lat' dir='ltr'>ei</span> <span class='ocrx_word' id='word_1_158' title='bbox 587 1761 814 1834; x_wconf 85' lang='lat' dir='ltr'>contendisset,</span> <span class='ocrx_word' id='word_1_159' title='bbox 836 1760 887 1818; x_wconf 82' lang='lat' dir='ltr'>vel</span> <span class='ocrx_word' id='word_1_160' title='bbox 913 1760 1063 1843; x_wconf 88' lang='lat' dir='ltr'>primitus</span> <span class='ocrx_word' id='word_1_161' title='bbox 1091 1757 1189 1839; x_wconf 87' lang='lat' dir='ltr'>ipsura</span> <span class='ocrx_word' id='word_1_162' title='bbox 1208 1757 1258 1836; x_wconf 79' lang='lat' dir='ltr'>pla·</span> 
     </span>
     <span class='ocr_line' id='line_1_19' title="bbox 178 1837 1257 1922; baseline -0.001 -26"><span class='ocrx_word' id='word_1_163' title='bbox 178 1849 282 1918; x_wconf 78' lang='lat' dir='ltr'>gassct</span> <span class='ocrx_word' id='word_1_164' title='bbox 304 1838 353 1897; x_wconf 91' lang='lat' dir='ltr'>vel</span> <span class='ocrx_word' id='word_1_165' title='bbox 383 1838 570 1914; x_wconf 80' lang='lat' dir='ltr'>livorasset,</span> <span class='ocrx_word' id='word_1_166' title='bbox 601 1852 632 1901; x_wconf 89' lang='lat' dir='ltr'>et</span> <span class='ocrx_word' id='word_1_167' title='bbox 655 1843 757 1922; x_wconf 85' lang='lat' dir='ltr'>ipsam</span> <span class='ocrx_word' id='word_1_168' title='bbox 781 1841 814 1899; x_wconf 92' lang='lat' dir='ltr'>in</span> <span class='ocrx_word' id='word_1_169' title='bbox 848 1843 899 1901; x_wconf 81' lang='lat' dir='ltr'>via</span> <span class='ocrx_word' id='word_1_170' title='bbox 922 1843 1101 1903; x_wconf 80' lang='lat' dir='ltr'>adsallisset</span> <span class='ocrx_word' id='word_1_171' title='bbox 1128 1840 1176 1898; x_wconf 89' lang='lat' dir='ltr'>vel</span> <span class='ocrx_word' id='word_1_172' title='bbox 1196 1837 1257 1896; x_wconf 89' lang='lat' dir='ltr'>insi-</span> 
     </span>
     <span class='ocr_line' id='line_1_20' title="bbox 177 1921 1257 2006; baseline -0.006 -24"><span class='ocrx_word' id='word_1_173' title='bbox 177 1921 304 1994; x_wconf 86' lang='lat' dir='ltr'>‹liasset‚</span> <span class='ocrx_word' id='word_1_174' title='bbox 328 1929 359 1981; x_wconf 88' lang='lat' dir='ltr'>ct</span> <span class='ocrx_word' id='word_1_175' title='bbox 380 1921 411 1978; x_wconf 88' lang='lat' dir='ltr'>in</span> <span class='ocrx_word' id='word_1_176' title='bbox 435 1943 490 1982; x_wconf 89' lang='lat' dir='ltr'>sua</span> <span class='ocrx_word' id='word_1_177' title='bbox 511 1921 628 1982; x_wconf 91' lang='lat' dir='ltr'>movita</span> <span class='ocrx_word' id='word_1_178' title='bbox 647 1923 695 1984; x_wconf 87' lang='lat' dir='ltr'>vel</span> <span class='ocrx_word' id='word_1_179' title='bbox 720 1923 751 1982; x_wconf 93' lang='lat' dir='ltr'>in</span> <span class='ocrx_word' id='word_1_180' title='bbox 783 1944 838 1983; x_wconf 89' lang='lat' dir='ltr'>sua</span> <span class='ocrx_word' id='word_1_181' title='bbox 864 1926 957 2006; x_wconf 87' lang='lat' dir='ltr'>culpa</span> <span class='ocrx_word' id='word_1_182' title='bbox 985 1925 1109 1983; x_wconf 89' lang='lat' dir='ltr'>ibidem</span> <span class='ocrx_word' id='word_1_183' title='bbox 1132 1921 1257 1980; x_wconf 85' lang='lat' dir='ltr'>interfec-</span> 
     </span>
    </p>
   </div>
   <div class='ocr_carea' id='block_1_3' title="bbox 175 2001 1317 2090">
    <p class='ocr_par' dir='ltr' id='par_1_3' title="bbox 175 2001 1317 2090">
     <span class='ocr_line' id='line_1_21' title="bbox 175 2001 1317 2090; baseline -0.002 -29"><span class='ocrx_word' id='word_1_184' title='bbox 175 2013 228 2063; x_wconf 89' lang='lat' dir='ltr'>tus</span> <span class='ocrx_word' id='word_1_185' title='bbox 248 2003 369 2062; x_wconf 89' lang='lat' dir='ltr'>fuisset.</span> <span class='ocrx_word' id='word_1_186' title='bbox 411 2005 498 2062; x_wconf 88' lang='lat' dir='ltr'>Etsi</span> <span class='ocrx_word' id='word_1_187' title='bbox 522 2003 582 2065; x_wconf 86' lang='lat' dir='ltr'>hoc</span> <span class='ocrx_word' id='word_1_188' title='bbox 606 2007 710 2066; x_wconf 88' lang='lat' dir='ltr'>facere</span> <span class='ocrx_word' id='word_1_189' title='bbox 737 2005 872 2087; x_wconf 88' lang='lat' dir='ltr'>poterit,</span> <span class='ocrx_word' id='word_1_190' title='bbox 903 2009 942 2068; x_wconf 89' lang='lat' dir='ltr'>de</span> <span class='ocrx_word' id='word_1_191' title='bbox 973 2007 1041 2090; x_wconf 88' lang='lat' dir='ltr'>ipsa</span> <span class='ocrx_word' id='word_1_192' title='bbox 1063 2011 1163 2066; x_wconf 85' lang='lat' dir='ltr'>morte</span> <span class='ocrx_word' id='word_1_193' title='bbox 1182 2001 1257 2083; x_wconf 85' lang='lat' dir='ltr'>quie·</span> <span class='ocrx_word' id='word_1_194' title='bbox 1316 2069 1317 2086; x_wconf 42' lang='lat'>,</span> 
     </span>
    </p>
   </div>
   <div class='ocr_carea' id='block_1_4' title="bbox 177 2085 533 2148">
    <p class='ocr_par' dir='ltr' id='par_1_4' title="bbox 177 2085 533 2148">
     <span class='ocr_line' id='line_1_22' title="bbox 177 2085 533 2148; baseline 0.006 -2"><span class='ocrx_word' id='word_1_195' title='bbox 177 2094 227 2146; x_wconf 89' lang='lat' dir='ltr'>tus</span> <span class='ocrx_word' id='word_1_196' title='bbox 259 2085 361 2144; x_wconf 85' lang='lat' dir='ltr'>valeat</span> <span class='ocrx_word' id='word_1_197' title='bbox 381 2086 533 2148; x_wconf 82' lang='lat' dir='ltr'>residere.</span> 
     </span>
    </p>
   </div>
   <div class='ocr_carea' id='block_1_5' title="bbox 568 2219 886 2288">
    <p class='ocr_par' dir='ltr' id='par_1_5' title="bbox 568 2219 886 2288">
     <span class='ocr_line' id='line_1_23' title="bbox 568 2219 886 2288; baseline 0.006 -13"><span class='ocrx_word' id='word_1_198' title='bbox 568 2219 669 2276; x_wconf 82' lang='lat' dir='ltr'>Breve</span> <span class='ocrx_word' id='word_1_199' title='bbox 692 2221 886 2288; x_wconf 72' lang='lat' dir='ltr'>sacramenti,</span> 
     </span>
    </p>
   </div>
   <div class='ocr_carea' id='block_1_6' title="bbox 175 2327 1256 2658">
    <p class='ocr_par' dir='ltr' id='par_1_6' title="bbox 175 2327 1256 2658">
     <span class='ocr_line' id='line_1_24' title="bbox 258 2327 1255 2416; baseline -0.005 -27"><span class='ocrx_word' id='word_1_200' title='bbox 258 2329 374 2393; x_wconf 88' lang='lat' dir='ltr'>XXXI.</span> <span class='ocrx_word' id='word_1_201' title='bbox 416 2329 518 2390; x_wconf 83' lang='lat' dir='ltr'>Breve</span> <span class='ocrx_word' id='word_1_202' title='bbox 542 2334 729 2393; x_wconf 88' lang='lat' dir='ltr'>sacramenti</span> <span class='ocrx_word' id='word_1_203' title='bbox 751 2334 892 2414; x_wconf 86' lang='lat' dir='ltr'>qualiter</span> <span class='ocrx_word' id='word_1_204' title='bbox 913 2334 1075 2416; x_wconf 74' lang='lat' dir='ltr'>ingressus</span> <span class='ocrx_word' id='word_1_205' title='bbox 1099 2341 1145 2394; x_wconf 91' lang='lat' dir='ltr'>est</span> <span class='ocrx_word' id='word_1_206' title='bbox 1165 2330 1213 2388; x_wconf 89' lang='lat' dir='ltr'>ille</span> <span class='ocrx_word' id='word_1_207' title='bbox 1231 2327 1255 2384; x_wconf 92' lang='lat' dir='ltr'>in</span> 
     </span>
     <span class='ocr_line' id='line_1_25' title="bbox 176 2411 1256 2498; baseline -0.006 -24"><span class='ocrx_word' id='word_1_208' title='bbox 176 2415 248 2474; x_wconf 88' lang='lat' dir='ltr'>loco</span> <span class='ocrx_word' id='word_1_209' title='bbox 272 2423 478 2493; x_wconf 82' lang='lat' dir='ltr'>ilancupante</span> <span class='ocrx_word' id='word_1_210' title='bbox 502 2413 569 2490; x_wconf 91' lang='lat' dir='ltr'>illo,</span> <span class='ocrx_word' id='word_1_211' title='bbox 594 2415 624 2472; x_wconf 89' lang='lat' dir='ltr'>in</span> <span class='ocrx_word' id='word_1_212' title='bbox 654 2417 797 2476; x_wconf 82' lang='lat' dir='ltr'>Ecclesia</span> <span class='ocrx_word' id='word_1_213' title='bbox 820 2418 886 2492; x_wconf 88' lang='lat' dir='ltr'>illa,</span> <span class='ocrx_word' id='word_1_214' title='bbox 908 2417 965 2476; x_wconf 88' lang='lat' dir='ltr'>sub</span> <span class='ocrx_word' id='word_1_215' title='bbox 989 2413 1168 2498; x_wconf 89' lang='lat' dir='ltr'>praesentia</span> <span class='ocrx_word' id='word_1_216' title='bbox 1187 2411 1256 2470; x_wconf 88' lang='lat' dir='ltr'>illius</span> 
     </span>
     <span class='ocr_line' id='line_1_26' title="bbox 177 2492 1255 2578; baseline -0.006 -23"><span class='ocrx_word' id='word_1_217' title='bbox 177 2496 297 2556; x_wconf 83' lang='lat' dir='ltr'>lodicis</span> <span class='ocrx_word' id='word_1_218' title='bbox 322 2496 373 2554; x_wconf 81' lang='lat' dir='ltr'>vel</span> <span class='ocrx_word' id='word_1_219' title='bbox 398 2497 555 2555; x_wconf 83' lang='lat' dir='ltr'>bonorum</span> <span class='ocrx_word' id='word_1_220' title='bbox 583 2497 724 2557; x_wconf 85' lang='lat' dir='ltr'>virorum</span> <span class='ocrx_word' id='word_1_221' title='bbox 755 2499 811 2578; x_wconf 88' lang='lat' dir='ltr'>qui</span> <span class='ocrx_word' id='word_1_222' title='bbox 840 2500 949 2559; x_wconf 87' lang='lat' dir='ltr'>subter</span> <span class='ocrx_word' id='word_1_223' title='bbox 973 2508 1130 2558; x_wconf 89' lang='lat' dir='ltr'>tenentur</span> <span class='ocrx_word' id='word_1_224' title='bbox 1154 2492 1255 2564; x_wconf 87' lang='lat' dir='ltr'>inserti,</span> 
     </span>
     <span class='ocr_line' id='line_1_27' title="bbox 175 2576 1256 2658; baseline -0.007 -19"><span class='ocrx_word' id='word_1_225' title='bbox 175 2579 215 2640; x_wconf 91' lang='lat' dir='ltr'>ad</span> <span class='ocrx_word' id='word_1_226' title='bbox 243 2577 395 2658; x_wconf 85' lang='lat' dir='ltr'>placitum</span> <span class='ocrx_word' id='word_1_227' title='bbox 422 2599 514 2637; x_wconf 84' lang='lat' dir='ltr'>suurn</span> <span class='ocrx_word' id='word_1_228' title='bbox 542 2580 797 2641; x_wconf 87' lang='lat' dir='ltr'>custodiendum.</span> <span class='ocrx_word' id='word_1_229' title='bbox 850 2582 941 2642; x_wconf 88' lang='lat' dir='ltr'>Unde</span> <span class='ocrx_word' id='word_1_230' title='bbox 968 2579 1135 2640; x_wconf 86' lang='lat' dir='ltr'>retroactis</span> <span class='ocrx_word' id='word_1_231' title='bbox 1165 2576 1256 2636; x_wconf 85' lang='lat' dir='ltr'>diebus</span> 
     </span>
    </p>
   </div>
   <div class='ocr_carea' id='block_1_7' title="bbox 174 2659 1316 2744">
    <p class='ocr_par' dir='ltr' id='par_1_7' title="bbox 174 2659 1316 2744">
     <span class='ocr_line' id='line_1_28' title="bbox 174 2659 1316 2744; baseline -0.007 -24"><span class='ocrx_word' id='word_1_232' title='bbox 174 2660 386 2742; x_wconf 79' lang='lat' dir='ltr'>quadraginta</span> <span class='ocrx_word' id='word_1_233' title='bbox 410 2660 598 2720; x_wconf 88' lang='lat' dir='ltr'>relationem</span> <span class='ocrx_word' id='word_1_234' title='bbox 620 2661 659 2721; x_wconf 92' lang='lat' dir='ltr'>de</span> <span class='ocrx_word' id='word_1_235' title='bbox 684 2671 784 2722; x_wconf 89' lang='lat' dir='ltr'>morte</span> <span class='ocrx_word' id='word_1_236' title='bbox 810 2664 898 2722; x_wconf 88' lang='lat' dir='ltr'>illius</span> <span class='ocrx_word' id='word_1_237' title='bbox 920 2683 979 2744; x_wconf 84' lang='lat' dir='ltr'>per</span> <span class='ocrx_word' id='word_1_238' title='bbox 1004 2660 1160 2722; x_wconf 89' lang='lat' dir='ltr'>iudicium</span> <span class='ocrx_word' id='word_1_239' title='bbox 1177 2659 1256 2716; x_wconf 85' lang='lat' dir='ltr'>bono·</span> <span class='ocrx_word' id='word_1_240' title='bbox 1315 2703 1316 2712; x_wconf 70' lang='grc'>,</span> 
     </span>
    </p>
   </div>
   <div class='ocr_carea' id='block_1_8' title="bbox 170 2742 1257 3481">
    <p class='ocr_par' dir='ltr' id='par_1_8' title="bbox 170 2742 1257 3481">
     <span class='ocr_line' id='line_1_29' title="bbox 174 2742 1256 2822; baseline -0.008 -19"><span class='ocrx_word' id='word_1_241' title='bbox 174 2765 246 2803; x_wconf 81' lang='lat' dir='ltr'>rain</span> <span class='ocrx_word' id='word_1_242' title='bbox 263 2742 405 2804; x_wconf 87' lang='lat' dir='ltr'>virorum</span> <span class='ocrx_word' id='word_1_243' title='bbox 420 2742 554 2822; x_wconf 88' lang='lat' dir='ltr'>accepit,</span> <span class='ocrx_word' id='word_1_244' title='bbox 574 2744 693 2806; x_wconf 85' lang='lat' dir='ltr'>iuratus</span> <span class='ocrx_word' id='word_1_245' title='bbox 706 2745 796 2809; x_wconf 78' lang='lat' dir='ltr'>dixit.</span> <span class='ocrx_word' id='word_1_246' title='bbox 822 2745 991 2807; x_wconf 86' lang='lat' dir='ltr'>Pcr.l1unc</span> <span class='ocrx_word' id='word_1_247' title='bbox 1009 2744 1118 2805; x_wconf 86' lang='lat' dir='ltr'>locum</span> <span class='ocrx_word' id='word_1_248' title='bbox 1133 2747 1256 2802; x_wconf 87' lang='lat' dir='ltr'>sanctum</span> 
     </span>
     <span class='ocr_line' id='line_1_30' title="bbox 176 2823 1256 2905; baseline -0.006 -20"><span class='ocrx_word' id='word_1_249' title='bbox 176 2835 209 2886; x_wconf 89' lang='lat' dir='ltr'>et</span> <span class='ocrx_word' id='word_1_250' title='bbox 229 2824 289 2884; x_wconf 90' lang='lat' dir='ltr'>Dei</span> <span class='ocrx_word' id='word_1_251' title='bbox 312 2824 537 2899; x_wconf 85' lang='lat' dir='ltr'>reverentiam,</span> <span class='ocrx_word' id='word_1_252' title='bbox 570 2827 645 2884; x_wconf 90' lang='lat' dir='ltr'>dum</span> <span class='ocrx_word' id='word_1_253' title='bbox 668 2848 726 2905; x_wconf 79' lang='lat' dir='ltr'>ego</span> <span class='ocrx_word' id='word_1_254' title='bbox 753 2827 939 2888; x_wconf 90' lang='lat' dir='ltr'>solemniter</span> <span class='ocrx_word' id='word_1_255' title='bbox 964 2827 1045 2886; x_wconf 90' lang='lat' dir='ltr'>mihi</span> <span class='ocrx_word' id='word_1_256' title='bbox 1067 2823 1256 2894; x_wconf 86' lang='lat' dir='ltr'>ambulabam,</span> 
     </span>
     <span class='ocr_line' id='line_1_31' title="bbox 175 2905 1257 2990; baseline -0.005 -24"><span class='ocrx_word' id='word_1_257' title='bbox 175 2908 237 2966; x_wconf 88' lang='lat' dir='ltr'>iam</span> <span class='ocrx_word' id='word_1_258' title='bbox 268 2905 372 2966; x_wconf 88' lang='lat' dir='ltr'>dictus</span> <span class='ocrx_word' id='word_1_259' title='bbox 401 2907 456 2965; x_wconf 91' lang='lat' dir='ltr'>ille</span> <span class='ocrx_word' id='word_1_260' title='bbox 479 2907 640 2987; x_wconf 86' lang='lat' dir='ltr'>quondam</span> <span class='ocrx_word' id='word_1_261' title='bbox 667 2911 699 2968; x_wconf 92' lang='lat' dir='ltr'>in</span> <span class='ocrx_word' id='word_1_262' title='bbox 726 2910 798 2969; x_wconf 90' lang='lat' dir='ltr'>loco</span> <span class='ocrx_word' id='word_1_263' title='bbox 821 2917 1027 2990; x_wconf 89' lang='lat' dir='ltr'>nuncupante</span> <span class='ocrx_word' id='word_1_264' title='bbox 1057 2909 1118 2967; x_wconf 95' lang='lat' dir='ltr'>illo</span> <span class='ocrx_word' id='word_1_265' title='bbox 1141 2927 1188 2965; x_wconf 81' lang='lat' dir='ltr'>ine</span> <span class='ocrx_word' id='word_1_266' title='bbox 1207 2925 1257 2961; x_wconf 76' lang='lat' dir='ltr'>mat·</span> 
     </span>
     <span class='ocr_line' id='line_1_32' title="bbox 173 2987 1256 3072; baseline -0.002 -22"><span class='ocrx_word' id='word_1_267' title='bbox 173 2989 207 3050; x_wconf 93' lang='lat' dir='ltr'>lo</span> <span class='ocrx_word' id='word_1_268' title='bbox 230 2987 343 3048; x_wconf 91' lang='lat' dir='ltr'>ordine</span> <span class='ocrx_word' id='word_1_269' title='bbox 368 2988 531 3049; x_wconf 89' lang='lat' dir='ltr'>adsallivit</span> <span class='ocrx_word' id='word_1_270' title='bbox 550 2991 602 3050; x_wconf 88' lang='lat' dir='ltr'>vel</span> <span class='ocrx_word' id='word_1_271' title='bbox 627 2990 786 3066; x_wconf 85' lang='lat' dir='ltr'>liveravit,</span> <span class='ocrx_word' id='word_1_272' title='bbox 809 3001 842 3051; x_wconf 88' lang='lat' dir='ltr'>et</span> <span class='ocrx_word' id='word_1_273' title='bbox 861 2991 1012 3072; x_wconf 87' lang='lat' dir='ltr'>colaphos</span> <span class='ocrx_word' id='word_1_274' title='bbox 1038 3009 1199 3072; x_wconf 81' lang='lat' dir='ltr'>superine</span> <span class='ocrx_word' id='word_1_275' title='bbox 1217 3005 1256 3065; x_wconf 86' lang='lat' dir='ltr'>po·</span> 
     </span>
     <span class='ocr_line' id='line_1_33' title="bbox 174 3069 1254 3154; baseline -0.006 -20"><span class='ocrx_word' id='word_1_276' title='bbox 174 3070 258 3147; x_wconf 83' lang='lat' dir='ltr'>suit,</span> <span class='ocrx_word' id='word_1_277' title='bbox 294 3079 326 3130; x_wconf 89' lang='lat' dir='ltr'>et</span> <span class='ocrx_word' id='word_1_278' title='bbox 353 3070 393 3129; x_wconf 89' lang='lat' dir='ltr'>ad</span> <span class='ocrx_word' id='word_1_279' title='bbox 420 3070 564 3151; x_wconf 82' lang='lat' dir='ltr'>rapinam</span> <span class='ocrx_word' id='word_1_280' title='bbox 591 3073 643 3132; x_wconf 90' lang='lat' dir='ltr'>vel</span> <span class='ocrx_word' id='word_1_281' title='bbox 673 3073 711 3134; x_wconf 92' lang='lat' dir='ltr'>ad</span> <span class='ocrx_word' id='word_1_282' title='bbox 731 3072 882 3134; x_wconf 82' lang='lat' dir='ltr'>insidiam</span> <span class='ocrx_word' id='word_1_283' title='bbox 906 3094 1004 3154; x_wconf 89' lang='lat' dir='ltr'>super</span> <span class='ocrx_word' id='word_1_284' title='bbox 1023 3093 1074 3133; x_wconf 91' lang='lat' dir='ltr'>me</span> <span class='ocrx_word' id='word_1_285' title='bbox 1097 3069 1254 3132; x_wconf 84' lang='lat' dir='ltr'>faciendam</span> 
     </span>
     <span class='ocr_line' id='line_1_34' title="bbox 174 3150 1254 3236; baseline -0.006 -23"><span class='ocrx_word' id='word_1_286' title='bbox 174 3153 314 3227; x_wconf 86' lang='lat' dir='ltr'>adstetit,</span> <span class='ocrx_word' id='word_1_287' title='bbox 337 3162 368 3211; x_wconf 89' lang='lat' dir='ltr'>et</span> <span class='ocrx_word' id='word_1_288' title='bbox 389 3174 439 3214; x_wconf 88' lang='lat' dir='ltr'>res</span> <span class='ocrx_word' id='word_1_289' title='bbox 465 3174 549 3214; x_wconf 88' lang='lat' dir='ltr'>meas</span> <span class='ocrx_word' id='word_1_290' title='bbox 570 3154 650 3214; x_wconf 83' lang='lat' dir='ltr'>mihi</span> <span class='ocrx_word' id='word_1_291' title='bbox 677 3156 758 3216; x_wconf 90' lang='lat' dir='ltr'>malo</span> <span class='ocrx_word' id='word_1_292' title='bbox 790 3156 903 3216; x_wconf 90' lang='lat' dir='ltr'>ordine</span> <span class='ocrx_word' id='word_1_293' title='bbox 925 3155 1066 3236; x_wconf 86' lang='lat' dir='ltr'>diripere</span> <span class='ocrx_word' id='word_1_294' title='bbox 1097 3154 1150 3215; x_wconf 81' lang='lat' dir='ltr'>vel</span> <span class='ocrx_word' id='word_1_295' title='bbox 1174 3150 1254 3211; x_wconf 82' lang='lat' dir='ltr'>tolle-</span> 
     </span>
     <span class='ocr_line' id='line_1_35' title="bbox 172 3235 1254 3318; baseline -0.006 -22"><span class='ocrx_word' id='word_1_296' title='bbox 172 3258 208 3296; x_wconf 89' lang='lat' dir='ltr'>re</span> <span class='ocrx_word' id='word_1_297' title='bbox 242 3235 385 3299; x_wconf 89' lang='lat' dir='ltr'>tentavit.</span> <span class='ocrx_word' id='word_1_298' title='bbox 438 3236 478 3296; x_wconf 90' lang='lat' dir='ltr'>Et</span> <span class='ocrx_word' id='word_1_299' title='bbox 509 3258 568 3318; x_wconf 79' lang='lat' dir='ltr'>ego</span> <span class='ocrx_word' id='word_1_300' title='bbox 600 3237 633 3296; x_wconf 87' lang='lat' dir='ltr'>in</span> <span class='ocrx_word' id='word_1_301' title='bbox 661 3261 718 3298; x_wconf 88' lang='lat' dir='ltr'>sua</span> <span class='ocrx_word' id='word_1_302' title='bbox 750 3249 818 3299; x_wconf 88' lang='lat' dir='ltr'>orta</span> <span class='ocrx_word' id='word_1_303' title='bbox 842 3239 1050 3298; x_wconf 88' lang='lat' dir='ltr'>contentione</span> <span class='ocrx_word' id='word_1_304' title='bbox 1075 3237 1129 3297; x_wconf 89' lang='lat' dir='ltr'>vel</span> <span class='ocrx_word' id='word_1_305' title='bbox 1157 3235 1186 3293; x_wconf 89' lang='lat' dir='ltr'>in</span> <span class='ocrx_word' id='word_1_306' title='bbox 1209 3249 1254 3292; x_wconf 85' lang='lat' dir='ltr'>sna</span> 
     </span>
     <span class='ocr_line' id='line_1_36' title="bbox 172 3312 1253 3401; baseline -0.008 -24"><span class='ocrx_word' id='word_1_307' title='bbox 172 3318 290 3379; x_wconf 78' lang='lat' dir='ltr'>motiva</span> <span class='ocrx_word' id='word_1_308' title='bbox 318 3326 412 3397; x_wconf 89' lang='lat' dir='ltr'>atque</span> <span class='ocrx_word' id='word_1_309' title='bbox 439 3339 497 3399; x_wconf 82' lang='lat' dir='ltr'>per</span> <span class='ocrx_word' id='word_1_310' title='bbox 520 3341 575 3379; x_wconf 88' lang='lat' dir='ltr'>sua</span> <span class='ocrx_word' id='word_1_311' title='bbox 602 3321 698 3401; x_wconf 86' lang='lat' dir='ltr'>culpa</span> <span class='ocrx_word' id='word_1_312' title='bbox 726 3319 759 3378; x_wconf 92' lang='lat' dir='ltr'>in</span> <span class='ocrx_word' id='word_1_313' title='bbox 783 3320 851 3401; x_wconf 89' lang='lat' dir='ltr'>ipso</span> <span class='ocrx_word' id='word_1_314' title='bbox 880 3321 951 3379; x_wconf 89' lang='lat' dir='ltr'>loco</span> <span class='ocrx_word' id='word_1_315' title='bbox 980 3318 1083 3398; x_wconf 88' lang='lat' dir='ltr'>ipsum</span> <span class='ocrx_word' id='word_1_316' title='bbox 1115 3312 1253 3377; x_wconf 86' lang='lat' dir='ltr'>interfeci.</span> 
     </span>
     <span class='ocr_line' id='line_1_37' title="bbox 170 3396 1253 3481; baseline -0.011 -19"><span class='ocrx_word' id='word_1_317' title='bbox 170 3402 213 3463; x_wconf 85' lang='lat' dir='ltr'>Et</span> <span class='ocrx_word' id='word_1_318' title='bbox 243 3420 303 3481; x_wconf 83' lang='lat' dir='ltr'>per</span> <span class='ocrx_word' id='word_1_319' title='bbox 330 3401 541 3459; x_wconf 85' lang='lat' dir='ltr'>reverentiam</span> <span class='ocrx_word' id='word_1_320' title='bbox 571 3401 660 3462; x_wconf 92' lang='lat' dir='ltr'>istius</span> <span class='ocrx_word' id='word_1_321' title='bbox 681 3402 782 3463; x_wconf 89' lang='lat' dir='ltr'>sancti</span> <span class='ocrx_word' id='word_1_322' title='bbox 805 3411 836 3462; x_wconf 92' lang='lat' dir='ltr'>et</span> <span class='ocrx_word' id='word_1_323' title='bbox 857 3405 927 3462; x_wconf 89' lang='lat' dir='ltr'>Deo</span> <span class='ocrx_word' id='word_1_324' title='bbox 951 3401 1104 3460; x_wconf 88' lang='lat' dir='ltr'>altissimo</span> <span class='ocrx_word' id='word_1_325' title='bbox 1126 3396 1253 3460; x_wconf 85' lang='lat' dir='ltr'>similiter</span> 
     </span>
    </p>
   </div>
   <div class='ocr_carea' id='block_1_9' title="bbox 171 3472 1315 3567">
    <p class='ocr_par' dir='ltr' id='par_1_9' title="bbox 171 3472 1315 3567">
     <span class='ocr_line' id='line_1_38' title="bbox 171 3472 1315 3567; baseline -0.003 -23"><span class='ocrx_word' id='word_1_326' title='bbox 171 3493 267 3544; x_wconf 87' lang='lat' dir='ltr'>testes</span> <span class='ocrx_word' id='word_1_327' title='bbox 295 3481 355 3542; x_wconf 90' lang='lat' dir='ltr'>sibi</span> <span class='ocrx_word' id='word_1_328' title='bbox 383 3479 503 3542; x_wconf 85' lang='lat' dir='ltr'>similes</span> <span class='ocrx_word' id='word_1_329' title='bbox 534 3483 653 3544; x_wconf 87' lang='lat' dir='ltr'>visores</span> <span class='ocrx_word' id='word_1_330' title='bbox 680 3493 714 3545; x_wconf 89' lang='lat' dir='ltr'>et</span> <span class='ocrx_word' id='word_1_331' title='bbox 740 3485 943 3567; x_wconf 80' lang='lat' dir='ltr'>cognitores,</span> <span class='ocrx_word' id='word_1_332' title='bbox 983 3472 1253 3558; x_wconf 73' lang='lat' dir='ltr'>secundumque!</span> <span class='ocrx_word' id='word_1_333' title='bbox 1314 3485 1315 3536; x_wconf 72' lang='grc' dir='ltr'>ἶ</span> 
     </span>
    </p>
   </div>
   <div class='ocr_carea' id='block_1_10' title="bbox 168 3559 1252 3896">
    <p class='ocr_par' dir='ltr' id='par_1_10' title="bbox 168 3559 1252 3896">
     <span class='ocr_line' id='line_1_39' title="bbox 171 3559 1251 3648; baseline -0.008 -22"><span class='ocrx_word' id='word_1_334' title='bbox 171 3566 201 3626; x_wconf 85' lang='lat' dir='ltr'>ei</span> <span class='ocrx_word' id='word_1_335' title='bbox 226 3563 398 3624; x_wconf 88' lang='lat' dir='ltr'>iudicatum</span> <span class='ocrx_word' id='word_1_336' title='bbox 428 3565 507 3642; x_wconf 85' lang='lat' dir='ltr'>l&#39;uit,</span> <span class='ocrx_word' id='word_1_337' title='bbox 537 3576 608 3646; x_wconf 87' lang='lat' dir='ltr'>post</span> <span class='ocrx_word' id='word_1_338' title='bbox 629 3567 731 3648; x_wconf 89' lang='lat' dir='ltr'>ipsum</span> <span class='ocrx_word' id='word_1_339' title='bbox 759 3567 947 3627; x_wconf 88' lang='lat' dir='ltr'>iuraverunt</span> <span class='ocrx_word' id='word_1_340' title='bbox 973 3575 1009 3625; x_wconf 88' lang='lat' dir='ltr'>ut</span> <span class='ocrx_word' id='word_1_341' title='bbox 1033 3562 1184 3645; x_wconf 87' lang='lat' dir='ltr'>quicquid</span> <span class='ocrx_word' id='word_1_342' title='bbox 1202 3559 1251 3617; x_wconf 86' lang='lat' dir='ltr'>iam</span> 
     </span>
     <span class='ocr_line' id='line_1_40' title="bbox 172 3645 1251 3726; baseline -0.005 -18"><span class='ocrx_word' id='word_1_343' title='bbox 172 3647 276 3709; x_wconf 90' lang='lat' dir='ltr'>dictus</span> <span class='ocrx_word' id='word_1_344' title='bbox 300 3647 356 3706; x_wconf 91' lang='lat' dir='ltr'>ille</span> <span class='ocrx_word' id='word_1_345' title='bbox 385 3645 506 3708; x_wconf 88' lang='lat' dir='ltr'>dehac</span> <span class='ocrx_word' id='word_1_346' title='bbox 530 3670 624 3709; x_wconf 88' lang='lat' dir='ltr'>causa</span> <span class='ocrx_word' id='word_1_347' title='bbox 649 3649 779 3726; x_wconf 84' lang='lat' dir='ltr'>inravit,</span> <span class='ocrx_word' id='word_1_348' title='bbox 804 3670 916 3709; x_wconf 84' lang='lat' dir='ltr'>rerum</span> <span class='ocrx_word' id='word_1_349' title='bbox 938 3659 970 3709; x_wconf 89' lang='lat' dir='ltr'>et</span> <span class='ocrx_word' id='word_1_350' title='bbox 993 3647 1145 3706; x_wconf 90' lang='lat' dir='ltr'>idoneum</span> <span class='ocrx_word' id='word_1_351' title='bbox 1165 3661 1251 3705; x_wconf 62' lang='lat' dir='ltr'>sacra*</span> 
     </span>
     <span class='ocr_line' id='line_1_41' title="bbox 170 3727 1252 3813; baseline -0.012 -20"><span class='ocrx_word' id='word_1_352' title='bbox 170 3739 314 3794; x_wconf 84' lang='lat' dir='ltr'>mentum</span> <span class='ocrx_word' id='word_1_353' title='bbox 336 3727 453 3790; x_wconf 82' lang='lat' dir='ltr'>exinde</span> <span class='ocrx_word' id='word_1_354' title='bbox 478 3728 576 3796; x_wconf 81' lang='lat' dir='ltr'>dedit,</span> <span class='ocrx_word' id='word_1_355' title='bbox 616 3730 654 3792; x_wconf 90' lang='lat' dir='ltr'>ld</span> <span class='ocrx_word' id='word_1_356' title='bbox 676 3743 750 3792; x_wconf 88' lang='lat' dir='ltr'>sont</span> <span class='ocrx_word' id='word_1_357' title='bbox 769 3731 825 3813; x_wconf 89' lang='lat' dir='ltr'>qui</span> <span class='ocrx_word' id='word_1_358' title='bbox 849 3730 910 3791; x_wconf 90' lang='lat' dir='ltr'>hoc</span> <span class='ocrx_word' id='word_1_359' title='bbox 931 3738 1159 3792; x_wconf 86' lang='lat' dir='ltr'>sacramentum</span> <span class='ocrx_word' id='word_1_360' title='bbox 1178 3741 1252 3786; x_wconf 78' lang='lat' dir='ltr'>esce·</span> 
     </span>
     <span class='ocr_line' id='line_1_42' title="bbox 168 3811 1048 3896; baseline -0.003 -22"><span class='ocrx_word' id='word_1_361' title='bbox 168 3822 299 3896; x_wconf 83' lang='lat' dir='ltr'>perant,</span> <span class='ocrx_word' id='word_1_362' title='bbox 321 3811 532 3893; x_wconf 78' lang='lat' dir='ltr'>manibusque</span> <span class='ocrx_word' id='word_1_363' title='bbox 560 3835 670 3876; x_wconf 85' lang='lat' dir='ltr'>eorum</span> <span class='ocrx_word' id='word_1_364' title='bbox 700 3815 809 3876; x_wconf 86' lang='lat' dir='ltr'>subter</span> <span class='ocrx_word' id='word_1_365' title='bbox 833 3813 1048 3875; x_wconf 82' lang='lat' dir='ltr'>firmaverunt.</span> 
     </span>
    </p>
   </div>
   <div class='ocr_carea' id='block_1_11' title="bbox 170 3937 1248 4109">
    <p class='ocr_par' dir='ltr' id='par_1_11' title="bbox 170 3937 1248 4109">
     <span class='ocr_line' id='line_1_43' title="bbox 170 3937 1248 4030; baseline -0.015 -22"><span class='ocrx_word' id='word_1_366' title='bbox 170 3947 208 4008; x_wconf 88' lang='lat' dir='ltr'>Si</span> <span class='ocrx_word' id='word_1_367' title='bbox 232 3945 357 4030; x_wconf 83' lang='lat' dir='ltr'>quando</span> <span class='ocrx_word' id='word_1_368' title='bbox 382 3944 536 4004; x_wconf 80' lang='lat' dir='ltr'>mascalas</span> <span class='ocrx_word' id='word_1_369' title='bbox 558 3957 587 4002; x_wconf 86' lang='lat' dir='ltr'>et</span> <span class='ocrx_word' id='word_1_370' title='bbox 604 3943 730 4024; x_wconf 85' lang='lat' dir='ltr'>semina</span> <span class='ocrx_word' id='word_1_371' title='bbox 752 3947 874 4027; x_wconf 82' lang='lat' dir='ltr'>pariter</span> <span class='ocrx_word' id='word_1_372' title='bbox 899 3958 1022 4025; x_wconf 81' lang='lat' dir='ltr'>raptam</span> <span class='ocrx_word' id='word_1_373' title='bbox 1046 3937 1248 4010; x_wconf 79' lang='lat' dir='ltr'>consenserint,</span> 
     </span>
     <span class='ocr_line' id='line_1_44' title="bbox 460 4025 982 4109; baseline -0.002 -24"><span class='ocrx_word' id='word_1_374' title='bbox 460 4025 546 4107; x_wconf 80' lang='lat' dir='ltr'>infra</span> <span class='ocrx_word' id='word_1_375' title='bbox 576 4029 818 4109; x_wconf 73' lang='lat' dir='ltr'>qiiinqecnniam</span> <span class='ocrx_word' id='word_1_376' title='bbox 835 4029 982 4105; x_wconf 78' lang='lat' dir='ltr'>litigetur.</span> 
     </span>
    </p>
   </div>
   <div class='ocr_carea' id='block_1_12' title="bbox 169 4134 1247 4305">
    <p class='ocr_par' dir='ltr' id='par_1_12' title="bbox 169 4134 1247 4305">
     <span class='ocr_line' id='line_1_45' title="bbox 252 4134 1247 4223; baseline -0.006 -20"><span class='ocrx_word' id='word_1_377' title='bbox 252 4139 387 4202; x_wconf 82' lang='lat' dir='ltr'>XXXll.</span> <span class='ocrx_word' id='word_1_378' title='bbox 428 4140 548 4200; x_wconf 82' lang='lat' dir='ltr'>Notitia</span> <span class='ocrx_word' id='word_1_379' title='bbox 572 4139 630 4200; x_wconf 84' lang='lat' dir='ltr'>sub</span> <span class='ocrx_word' id='word_1_380' title='bbox 657 4161 792 4220; x_wconf 86' lang='lat' dir='ltr'>quornm</span> <span class='ocrx_word' id='word_1_381' title='bbox 819 4139 997 4221; x_wconf 86' lang='lat' dir='ltr'>praesentia</span> <span class='ocrx_word' id='word_1_382' title='bbox 1017 4139 1061 4200; x_wconf 90' lang='lat' dir='ltr'>ibi</span> <span class='ocrx_word' id='word_1_383' title='bbox 1080 4141 1202 4223; x_wconf 75' lang='lat' dir='ltr'>veniens</span> <span class='ocrx_word' id='word_1_384' title='bbox 1216 4134 1247 4192; x_wconf 84' lang='lat' dir='ltr'>il·</span> 
     </span>
     <span class='ocr_line' id='line_1_46' title="bbox 169 4221 1245 4305; baseline -0.008 -18"><span class='ocrx_word' id='word_1_385' title='bbox 169 4227 199 4287; x_wconf 87' lang='lat' dir='ltr'>le</span> <span class='ocrx_word' id='word_1_386' title='bbox 227 4234 299 4286; x_wconf 88' lang='lat' dir='ltr'>ante</span> <span class='ocrx_word' id='word_1_387' title='bbox 331 4224 422 4284; x_wconf 75' lang='lat' dir='ltr'>illurn</span> <span class='ocrx_word' id='word_1_388' title='bbox 448 4225 500 4286; x_wconf 86' lang='lat' dir='ltr'>vel</span> <span class='ocrx_word' id='word_1_389' title='bbox 532 4225 664 4305; x_wconf 86' lang='lat' dir='ltr'>eosqui</span> <span class='ocrx_word' id='word_1_390' title='bbox 692 4223 802 4286; x_wconf 87' lang='lat' dir='ltr'>subter</span> <span class='ocrx_word' id='word_1_391' title='bbox 820 4231 972 4285; x_wconf 86' lang='lat' dir='ltr'>tenentur</span> <span class='ocrx_word' id='word_1_392' title='bbox 1000 4221 1127 4304; x_wconf 86' lang='lat' dir='ltr'>inserti,</span> <span class='ocrx_word' id='word_1_393' title='bbox 1156 4221 1245 4302; x_wconf 84' lang='lat' dir='ltr'>ibique</span> 
     </span>
    </p>
   </div>
   <div class='ocr_carea' id='block_1_13' title="bbox 0 0 1360 4992">
    <p class='ocr_par' dir='ltr' id='par_1_13' title="bbox 0 0 1360 4992">
     <span class='ocr_line' id='line_1_47' title="bbox 0 0 1360 4992; baseline 0 3"><span class='ocrx_word' id='word_1_394' title='bbox 0 0 1360 4992; x_wconf 95' lang='lat' dir='ltr'> </span> 
     </span>
    </p>
   </div>
  </div>
 </body>
</html>
