2746 4992
374 294 507 366 nens.
611 293 735 352 nacon
835 293 895 350 aas.
1095 257 1189 348 ’247

391 438 615 500 δπιιρκ
683 453 875 500 conns.

173 551 310 618 Domine
326 561 454 629 sancte,
475 551 572 613 Pater
586 547 808 632 omnipotens,
830 557 960 611 aeterne
977 552 1083 629 Dens,
1105 550 1188 614 elec·

97 647 200 700 torum
214 635 370 698 fortitudo
385 679 395 712 ,
412 643 449 694 et
467 631 641 694 humilium
661 631 840 710 celsitudo,
867 633 924 712 qui
954 634 988 696 in
1013 634 1187 718 primordio

94 741 148 804 per
169 719 357 780 effusionem
371 716 487 777 diluvii
508 715 643 776 crimina
657 713 770 774 mundi
783 714 912 794 purgari
928 716 1069 791 voluisti,
1083 725 1115 776 et
1130 738 1189 796 per

95 803 274 862 columbam
295 820 418 859 ramum
440 796 542 857 olivae
566 805 748 879 portantem
771 817 883 878 pacem
912 800 1006 860 terris
1030 797 1188 859 redditam
1230 821 1233 828 ·

93 881 334 958 demonstrasti,
356 880 472 941 iterum
498 877 605 954 Aaron
627 877 784 937 famulum
808 887 900 938 tuum
917 901 977 962 per
1002 880 1189 941 unctionem

96 965 155 1026 olei
174 965 379 1026 Sacerdotem
399 959 538 1038 unxisti,
560 969 716 1042 etpostea
741 981 800 1040 per
819 959 915 1023 huius
948 961 1106 1045 unguenti
1135 963 1188 1030 in·

94 1047 249 1108 fusionem
261 1046 300 1107 ad
312 1045 489 1127 regendum
512 1042 668 1124 populum
687 1041 896 1102 israeliticum
910 1045 1107 1121 Sacerdotes,
1123 1045 1203 1106 Rea

96 1151 171 1213 ges,
192 1137 224 1189 et
237 1127 412 1210 Prophetas
428 1124 592 1206 perfecisti
608 1169 617 1202 ,
649 1123 838 1204 vultumque
866 1125 1030 1187 Ecclesiae
1053 1126 1087 1185 in
1115 1126 1187 1186 oleo

96 1209 336 1272 exhilarandum
350 1207 536 1292 prophetica
556 1207 668 1266 famuli
684 1207 733 1266 tui
749 1225 827 1266 voce
844 1208 948 1268 David
972 1229 1038 1268 esse
1059 1208 1188 1290 praedi-

96 1293 185 1370 xisti,
206 1291 262 1373 qui
282 1292 344 1352 hoe
362 1291 457 1352 etiam
476 1297 643 1370 unguento
659 1288 796 1350 famulae
811 1298 885 1349 tuae
909 1289 1017 1351 Iudith
1039 1291 1077 1352 ad
1102 1287 1187 1350 libe-

94 1375 245 1435 rationem
265 1395 429 1435 serrorum
448 1384 580 1434 tuorum
597 1380 630 1430 et
649 1369 872 1431 confusionem
901 1371 1104 1433 inimicorum
1118 1373 1189 1432 vul·

83 1467 158 1530 ,tum
179 1455 379 1532 exhilarasti,
402 1463 434 1516 et
448 1453 584 1514 ancillae
603 1461 676 1512 tuae
696 1455 808 1512 Hester
823 1453 937 1530 faciem
965 1455 1025 1515 hac
1051 1453 1187 1537 spiritali

91 1537 325 1598 misericordiae
341 1547 414 1597 tuae
433 1536 588 1596 unctione
603 1535 682 1594 adeo
700 1533 864 1594 lucifluam
887 1537 1056 1598 reddidisti
1078 1545 1115 1596 ut
1137 1536 1187 1596 ef-

89 1623 225 1682 feratum
240 1641 296 1680 cor
314 1619 408 1701 Regis
424 1619 464 1678 ad
479 1617 779 1678 misericordi-amet
795 1617 1004 1678 salvationem
1017 1619 1049 1676 in
1070 1628 1101 1679 te
1120 1637 1187 1678 cre-

90 1703 253 1778 dentium,
275 1702 373 1784 ipsius
392 1701 540 1782 precibus
558 1697 739 1765 inclinares.
781 1701 827 1760 Te
853 1721 1059 1780 quaesumus,
1082 1698 1187 1759 omni-

89 1795 203 1866 potens
224 1785 329 1859 Deus,
352 1793 388 1843 nt
404 1804 461 1865 per
474 1783 571 1842 huius
591 1789 754 1842 creaturae
776 1781 1024 1864 pinguedinem,
1054 1782 1187 1842 Colum-

90 1867 147 1928 bae
173 1886 268 1946 pace,
300 1864 521 1946 simplicitate,
543 1885 579 1924 ac
608 1863 762 1943 pudicitia
788 1863 934 1923 decoram
956 1864 1082 1924 efficias.
1124 1866 1188 1926 Per

93 1949 265 2014 Dominum
283 1957 428 2007 nostrum
445 1948 551 2010 Iesum
569 1945 732 2008 Christum
751 1945 853 2006 filium
867 1956 977 2026 tuum,
998 1947 1055 2030 qui
1076 1955 1188 2007 rentu-

93 2051 146 2092 rus
166 2038 211 2092 est
222 2029 377 2090 iudicare.
651 2075 655 2082 .

462 2109 818 2175 Coronarum

107 2271 111 2276 .
171 2217 282 2282 Gloria
297 2226 329 2278 ct
348 2215 472 2277 honore
492 2225 624 2279 coronet
640 2227 673 2276 te
706 2217 882 2294 Dominus,
911 2223 944 2278 et
973 2224 1189 2298 ponatsuper

89 2312 186 2384 caput
198 2313 288 2363 tunm
307 2321 457 2359 coronam
474 2299 513 2359 de
531 2298 665 2380 spiritali
681 2299 957 2381 lapidepretioso;
980 2309 1016 2356 ut
1030 2298 1187 2379 quicquid

88 2385 120 2441 in
136 2385 264 2466 fulgore
283 2382 352 2442 auri
373 2389 406 2440 et
430 2379 463 2439 in
493 2381 582 2440 vario
609 2382 712 2442 nitore
742 2379 936 2463 gemmarum
967 2379 1184 2460 significatur,

87 2465 150 2526 hoc
175 2467 207 2525 in
227 2467 290 2526 tuis
311 2463 471 2539 moribus,
491 2461 554 2522 hoc
571 2462 604 2521 in
622 2465 744 2523 actibus
762 2484 887 2542 semper
899 2461 1067 2544 refulgeat.
1089 2463 1186 2540 Quod

88 2547 156 2628 ipse
169 2557 328 2628 praestare
347 2545 500 2628 dignetur
516 2543 569 2606 cui
588 2555 634 2606 est
646 2545 752 2608 honor
765 2553 797 2606 et
815 2544 917 2628 gloria
936 2543 971 2602 in
1001 2543 1112 2606 secuta
1139 2563 1187 2605 se·

89 2631 249 2690 culorum.
584 2685 585 2690 ,

385 2709 885 2776 Beneurcrrorrs

104 2849 107 2856 ·
168 2816 333 2896 Benedic,
354 2817 509 2893 Domine,
530 2816 614 2878 banc
636 2817 788 2878 famulam
804 2829 911 2898 tuam,
934 2817 990 2902 qui
1006 2836 1107 2900 regna
1120 2815 1185 2878 Re-

85 2902 330 2983 gumdseculo
349 2899 533 2960 moderaris.
575 2899 688 2968 Amen,
1025 2966 1028 2970 ¹

144 3029 147 3033 ,
167 2985 276 3064 Opera
297 3003 450 3042 manuum
468 2981 558 3042 illins
573 2983 697 3067 suscipe
717 2988 751 3042 et
772 2979 999 3042 benedictione
1027 2990 1082 3042 tua
1098 2989 1183 3042 terra

83 3066 154 3126 eins
181 3066 220 3125 de
249 3065 351 3148 pomis
376 3065 540 3124 fructuum
555 3064 637 3126 coeli
663 3074 695 3126 et
716 3085 789 3126 rore
819 3075 914 3146 atque
941 3065 1051 3147 abysso
1075 3065 1184 3126 subia-

85 3149 371 3228 centerepleatur.
412 3145 527 3206 Amen.

165 3231 214 3288 De
232 3229 352 3290 vertice
373 3228 580 3308 antiquorum
595 3227 754 3289 montium
769 3235 801 3286 et
816 3227 950 3286 collium
968 3237 1183 3307 aeternorum,

84 3309 125 3370 de
144 3309 291 3392 frugibus
311 3321 430 3388 terrae,
454 3319 485 3370 et
499 3311 705 3395 plenitudine
723 3313 793 3372 eins
807 3318 862 3369 tua
879 3310 1107 3372 benedictione
1120 3312 1184 3373 lae·

84 3401 180 3456 tetur,
221 3385 343 3452 Amen.¹

164 3474 354 3534 Benedictio
369 3472 457 3536 illius
475 3475 531 3556 qui
546 3475 692 3558 apparuit
707 3475 740 3534 in
759 3474 841 3534 rubo
859 3473 968 3534 veniat
982 3483 1183 3556 supercaput

84 3553 164 3615 eius.
191 3557 288 3616 Daci
314 3556 352 3616 de
375 3578 448 3617 rore
473 3558 556 3618 coeli
573 3559 659 3618 etde
675 3555 874 3639 pinguedine
890 3567 993 3618 terrae
1013 3557 1184 3616 abnndan-

82 3637 160 3696 tiam
173 3638 327 3698 frumenti
346 3648 378 3698 et
391 3638 482 3710 vini;
503 3649 540 3700 ut
556 3640 699 3712 ,serviant
716 3639 766 3698 illi
786 3661 822 3698 ac
842 3638 956 3698 semini
973 3639 1042 3699 eius
1056 3638 1181 3721 populi,

83 3728 116 3778 et
140 3719 174 3778 in'
197 3720 320 3780 honore
337 3729 399 3780 tuo
421 3721 522 3781 trihus
537 3721 627 3781 illam
640 3732 674 3782 et
693 3741 799 3782 semen
820 3720 889 3780 eius
903 3720 1046 3781 adorent.
1067 3721 1182 3788 Amen,

166 3802 267 3884 Reple
285 3824 353 3861 eam
382 3802 663 3863 benedictionibus
689 3805 823 3864 uberum
855 3812 886 3863 et
913 3802 1036 3863 vulvae.
1075 3805 1182 3866 Bene-

83 3881 242 3944 dictiones
258 3894 382 3965 patrum
398 3885 603 3965 antiquorum
628 3888 824 3947 confortatae
849 3884 913 3944 sint
933 3905 1030 3964 super
1055 3906 1124 3946 eam
1150 3893 1180 3945 et

83 3986 179 4044 snper
194 3987 301 4026 semen
321 3965 409 4032 eius,
431 3967 515 4027 sicut
528 3966 699 4048 promisisti
719 3989 813 4029 servo
831 3976 890 4028 tuo
904 3965 1049 4042 Abrahae
1078 3977 1110 4030 et
1129 3989 1181 4030 se·

83 4047 251 4108 minicius
278 4048 310 4106 in
337 4049 454 4113 secula.
496 4048 608 4110 Amen.
875 4111 877 4114 .

164 4131 332 4205 Concede,
355 4151 563 4213 quaesumus,
586 4129 788 4210 omnipotens
813 4139 844 4192 et
868 4130 1049 4192 misericors
1065 4133 1180 4212 ·Dcus,

83 4220 119 4270 ut
132 4211 212 4274 haec
227 4214 308 4272 dona
327 4221 397 4290 tua,
420 4234 501 4294 qnae
517 4213 629 4276 fideles
648 4212 695 4272 tui
716 4223 911 4296 acceperunt
931 4213 971 4276 de
989 4226 1178 4290 ruanuxtua,
