2746 4992
175 265 247 334 206
353 282 387 334 s.
413 279 499 336 cun.
613 285 867 376 caerretanus
996 299 1051 364 sp.

175 433 239 484 tem
262 432 430 499 conantur,
453 425 478 484 si
503 424 653 505 deinceps
678 426 710 483 ia
731 427 847 488 talibus
867 429 985 492 inventi
1003 434 1125 511 fuerint,
1144 439 1167 498 si
1188 443 1245 521 qui-

175 506 248 566 dem
269 506 474 566 ecclesiastici
501 507 560 566 viri
584 509 761 585 extiterint,
786 521 933 593 tanquam
953 515 1013 577 viri
1033 517 1205 590 schismatici
1220 535 1246 583 et

173 609 190 646 a
214 587 318 670 capite
346 589 554 664 dissidentes,
578 593 769 653 omnimodis
792 596 1012 674 deponantur,
1041 599 1111 660 laici
1134 625 1199 662 vero
1221 618 1247 665 et

173 669 322 730 monachi
343 681 499 753 perpetuo
520 672 719 736 anathemate
741 676 907 737 feriantur.

260 778 308 838 Er
341 800 576 840 nesrosnenunr
609 803 707 842 onnus
738 805 873 846 runrro:
909 787 990 863 Fiat,
1011 790 1171 871 Jiassflar,¹

255 885 450 966 Subscripsit
479 907 554 968 crgo
585 887 730 947 Domuus
754 889 857 972 Papa,
890 900 922 950 ct
953 913 1024 952 cum
1052 916 1087 954 co
1119 895 1248 976 Episcopi

173 969 443 1052 qnieadfueruut.
919 987 922 998 ·

359 1149 860 1215 'TITULUS
937 1157 1010 1220 LI.

494 1273 613 1337 larun
649 1279 948 1344 conuenerunt).

406 1385 559 1456 Exactio
584 1383 819 1456 Nortmannis
838 1393 1049 1464 constituta.

170 1515 259 1577 Ilaec
281 1516 404 1575 exactio
427 1537 446 1571 a
468 1512 673 1574 nortmannis
682 1529 699 1587 ,“
717 1518 772 1597 qni
797 1532 887 1578 crient
910 1522 942 1580 in
965 1521 1109 1603 Sequana
1135 1534 1251 1605 tempore

190 1599 303 1660 Ii'aroli
320 1598 411 1672 Regis
421 1639 432 1667 ,
457 1597 495 1656 cle
517 1617 571 1656 sno
596 1617 690 1676 regno
702 1597 778 1738 ‘picit
789 1600 893 1680 sacta,
917 1615 950 1662 ut
974 1605 1014 1666 ab
1039 1606 1134 1688 ipsius
1156 1625 1234 1682 regno

630 1702 698 1740 rece
725 1696 820 1746 erent.

170 1775 418 1914 Unusquisque
438 1831 615 1912 Episcopus
636 1832 692 1912 qui
715 1831 810 1894 habet
824 1834 1000 1914 Alabatiam,
1024 1846 1077 1898 urit
1098 1837 1193 1898 abtas
1207 1839 1251 1918 qui

166 1916 314 1978 similiter
331 1915 427 1975 habet
447 1915 624 1987 Alibatiam,
647 1924 701 1974 aut
720 1917 833 1978 Comes
856 1920 1031 2000 quieteque
1050 1921 1145 1980 habet
1162 1921 1251 1980 Aliba-

168 2002 256 2075 fiam,
279 1998 318 2058 sle
344 2021 401 2056 suo
427 2017 536 2056 manso
567 1997 813 2075 indominicato,
842 2000 1056 2084 similiterque
1085 2013 1116 2064 et
1139 2003 1174 2062 de
1199 2025 1252 2062 vas·

168 2084 340 2156 sallorum,
363 2080 497 2162 accipiat
525 2082 563 2140 de
592 2101 700 2138 manso
723 2081 950 2143 indominicato
974 2085 1122 2146 denarios
1145 2087 1250 2144 ‹luode-

167 2166 229 2225 cim
251 2165 290 2223 de
314 2185 424 2222 manso
446 2162 616 2244 ingenuili,
639 2172 776 2241 quatuor
803 2165 949 2225 denarios
977 2169 1017 2226 de
1038 2190 1135 2246 pensu
1163 2169 1250 2228 dorni-

165 2249 271 2307 uieato
294 2256 326 2305 et
346 2256 484 2327 quatuor
507 2246 622 2305 desua
643 2245 810 2306 facultate.
836 2248 876 2310 de
892 2249 1003 2310 servili
1024 2272 1100 2312 vero
1117 2251 1190 2316 duos
1204 2250 1250 2310 dc·

166 2329 272 2390 uarios
290 2327 329 2389 de
349 2349 458 2404 ceusu,
482 2328 570 2387 etde
589 2349 645 2388 sua
668 2328 819 2388 facultate
841 2331 930 2395 duos.
973 2333 1024 2394 De
1046 2333 1188 2392 omnibns
1204 2353 1249 2390 rc·
1336 2337 1337 2410 J

167 2433 204 2473 ro
225 2411 391 2486 Ecclesiis,
418 2409 640 2490 uuusquisque
657 2409 834 2493 Episcopus
862 2415 912 2474 vel
937 2413 1042 2476 Abbas
1067 2416 1106 2476 de
1137 2436 1188 2474 sua
1207 2435 1249 2474 su-

163 2494 327 2555 lummodo
351 2503 506 2576 potestate
538 2492 710 2572 accipiant,
742 2493 781 2552 de
806 2495 1003 2578 Prcslsyteris
1027 2521 1045 2556 a
1072 2517 1249 2578 quocunque

162 2578 339 2660 plurimum
368 2576 487 2636 solidos
518 2574 683 2656 quinque,
714 2576 805 2636 etde
839 2600 1035 2660 unoquoque
1061 2581 1147 2640 iuxta
1175 2577 1249 2660 spraud

162 2661 312 2743 possibile
337 2658 455 2728 fuerit,·
487 2659 530 2717 ita
553 2666 588 2716 ut
612 2679 713 2736 aquo
745 2659 938 2738 plurimum,
961 2663 1110 2744 quinque
1136 2663 1248 2732 solidos,

162 2766 262 2825 aquo
284 2742 463 2817 minimum,
485 2749 623 2822 quatuor
644 2740 800 2800 elesiarios.
841 2746 888 2802 De
906 2746 1062 2805 Ecclesiis
1085 2767 1159 2806 vcro
1183 2763 1249 2824 quan

161 2827 301 2886 Comites
324 2834 355 2886 et
382 2823 507 2885 vassalli
531 2821 684 2882 dominici
709 2822 843 2899 liabent,
866 2848 923 2885 scu
951 2828 990 2888 de
1016 2828 1085 2888 illis
1108 2828 1163 2909 qui
1189 2849 1249 2887 cnm

161 2909 295 2969 Senior'e
316 2917 424 2967 nostro
444 2920 577 2988 pergere
600 2905 727 2978 debent,
750 2906 816 2964 sive
842 2907 898 2988 qui
917 2911 1147 2984 remanseriut,
1168 2910 1248 2990 Epis-

140 3013 261 3073 ,copus
290 2992 324 3049 in
353 2989 444 3049 cuius
470 2986 621 3069 parochia
641 2987 819 3048 consistunt
839 2993 1018 3053 secuudum
1044 3003 1248 3075 praetaxatum

162 3073 293 3134 modum
313 3071 459 3152 accipere
489 3069 683 3150 procurabit.
723 3072 771 3130 De
796 3072 949 3134 Ecclesiis
974 3097 1052 3135 vero
1085 3075 1248 3158 imperatri-

163 3157 207 3216 cis
240 3156 417 3237 Episcopus
438 3151 585 3214 similiter
610 3150 747 3232 accipiet
773 3164 956 3236 praetaxato
982 3157 1089 3217 modo.
1178 3234 1180 3238 Ι

239 3238 330 3298 Anno
361 3235 592 3298 Incnrnationis
620 3235 802 3294 Dominicae
827 3238 1124 3308 DCCCLXXVII,
1161 3237 1248 3296 Nouis

158 3322 250 3396 Maii,
273 3323 307 3379 in
327 3314 518 3397 Conzpendio
534 3317 664 3398 palatio,
680 3315 720 3374 de
739 3319 845 3399 aliptae
867 3319 1003 3379 sednon
1022 3321 1063 3381 de
1084 3331 1149 3381 tota
1168 3331 1247 3400 patrie

157 3407 245 3482 regni
271 3401 359 3483 quod
381 3401 522 3459 Domnus
547 3399 877 3480 Imperatorlfarolus
898 3401 1187 3482 lanbuirunteqnain
1205 3403 1247 3460 iu·
1334 3415 1335 3438 t

157 3491 231 3547 nior
255 3483 444 3544 Hlottarias
467 3477 633 3559 defunctus
644 3479 775 3558 suisset,
801 3487 875 3544 haec
901 3486 1137 3546 consaturant
1161 3503 1245 3543 cicac-

157 3572 200 3631 tio
228 3565 455 3634 Nortmannis,
485 3566 540 3645 qni
570 3576 659 3622 erant
683 3565 717 3622 in
746 3563 890 3649 Sequana
905 3610 917 3638 ,
944 3567 1137 3643 trr'buenda,
1175 3580 1205 3626 uc
1230 3587 1245 3620 u

156 3672 251 3732 regno
277 3650 342 3710 eius
369 3647 559 3707 recederent.

237 3729 409 3814 Episcopi,
446 3729 606 3804 Abbates,
644 3728 802 3802 Comites,
838 3752 873 3790 ac
912 3730 992 3792 vassi
1026 3729 1244 3792 dominici·ex

155 3817 220 3881 suis
238 3813 415 3876 honoribus
441 3813 479 3873 de
501 3832 698 3894 unoquoque
729 3833 837 3872 manso
872 3813 1102 3876 indominicato
1135 3813 1246 3873 donent

155 3898 304 3964 denarios
331 3896 503 3958 duodecim
531 3895 572 3956 de
597 3914 706 3956 manso
736 3895 917 3976 ingenuili,
940 3908 1078 3978 quatuor
1107 3893 1246 3956 denarius

156 3985 196 4044 de
231 4003 332 4044 censu
362 3977 575 4054 dominicato,
609 3986 642 4039 et
661 3987 800 4058 quatuor
820 3977 858 4038 de
883 3981 1033 4040 facultate
1060 3974 1246 4042 mansum-ih

156 4068 196 4129 de
227 4061 340 4128 seruili
372 4081 449 4124 vero
476 4081 608 4134 manso,
639 4059 717 4121 duos
745 4060 893 4122 denarios
914 4063 953 4122 de
982 4083 1081 4123 censu
1113 4059 1245 4120 indomi-

156 4149 275 4223 nicato,
297 4157 330 4208 et
355 4144 435 4206 duos
457 4144 496 4204 de
520 4143 671 4204 facultate
700 4143 882 4204 mansuarii.
923 4146 972 4205 De
1003 4143 1150 4204 omnihus
1174 4158 1243 4200 vero
1333 4187 1334 4194 ,

152 4229 326 4318 Ecclesiis,
355 4226 578 4310 uuusquisque
601 4224 777 4310 Episcopus
807 4225 846 4288 de
877 4248 935 4288 suo
963 4228 1171 4312 Episcopatu,
1198 4220 1243 4284 vel
