2658 4978
183 292 253 376 llt
392 303 531 386 suaa.
637 298 891 360 carrucatam
990 309 1053 368 eso.
1188 361 1192 370 ,

263 447 339 514 Vl:
365 447 406 509 Ut
427 465 520 508 nemo
534 442 766 528 Episcoporum
784 439 948 506 hominem
965 455 1145 527 peccantem
1161 448 1196 509 ab
1207 447 1250 511 Es.

181 533 281 601 olesia
300 539 332 594 et
347 529 528 592 Christiana
548 525 731 588 communio
750 524 890 603 alienet,
918 526 1021 590 donec
1045 530 1135 592 illum
1156 552 1238 593 secun

174 614 268 696 ,durni
287 612 507 694 evangelicum
526 617 743 693 praeceptum,
760 615 797 667 nt
814 608 855 668 ad
874 611 1129 674 emendationem
1147 622 1176 674 et
1195 636 1240 695 poi

182 695 351 765 nitentium
367 695 486 770 redeat,
505 691 732 764 commonitum
748 687 873 750 habeat.
914 691 979 767 Qui
995 715 1130 776 peccans
1151 694 1175 754 si
1188 715 1256 754 com.

174 780 320 844 ,monitus
331 775 521 850 inobediens
533 782 567 834 et
578 770 806 852 incorrigibilis
821 776 1043 853 permanserit,
1066 786 1098 836 et
1117 776 1155 837 ad
1168 798 1258 836 emen.

175 861 344 928 ,dationem
365 857 471 918 redire
498 855 649 931 noluerit,
670 852 790 934 regium
811 852 864 912 vel
878 853 1074 934 reipublicae
1092 867 1257 940 potestatem

175 964 240 1030 per
259 963 293 1004 se
315 939 490 1021 Episcopus
510 937 563 998 vel
583 958 641 1019 por
657 934 818 996 ministros
835 955 908 995 suos
929 937 1038 1015 adeat,
1060 949 1096 998 ut
1116 939 1256 1000 consuia-

203 1035 284 1100 atur,
306 1022 394 1084 etad
415 1018 672 1081 emendationem
689 1039 724 1080 ac
737 1015 969 1099 poenitentiam
985 1031 1135 1102 peccator
1153 1021 1256 1082 redeat,

174 1050 248 1186 .ἥυί
272 1102 411 1168 etiamsi
431 1101 475 1164 ita
495 1101 535 1162 ud
554 1099 787 1160 correctionem
807 1098 940 1178 perduci
962 1103 1162 1182 nequiverit,
1191 1111 1255 1162 tuuc

180 1187 357 1252 secundum
382 1183 468 1266 leges
484 1181 711 1244 ecclesiasticas
727 1179 913 1242 medicinali
932 1184 1130 1266 separatione
1149 1207 1166 1243 a
1184 1205 1256 1244 com-

186 1270 343 1346 muuione
369 1265 581 1328 ecclesiastica
606 1271 801 1344 segregetur.

263 1349 340 1414 Vll.
380 1352 423 1409 Ut
441 1346 506 1408 illis
518 1345 699 1406 hominibus
719 1343 777 1426 qui
794 1343 828 1404 in
843 1341 959 1408 talibus
971 1347 1255 1429 perturbationibus,

173 1438 265 1500 *sicut
288 1434 322 1493 in
353 1431 404 1492 his
432 1426 611 1512 praeteritis
637 1427 729 1488 annis
754 1425 959 1506 acciderunt,
998 1428 1033 1488 in
1059 1433 1162 1490 Deum
1180 1439 1208 1489 et
1229 1431 1254 1488 iu

183 1528 322 1580 sarnetum
340 1510 519 1578 Ecclesiam
539 1519 635 1591 atque
659 1509 694 1568 in
721 1520 1031 1590 memoraverunt,
1054 1513 1080 1572 si
1104 1533 1135 1574 se
1154 1533 1189 1572 ex
1214 1534 1256 1571 re·
1317 1523 1318 1580 t

183 1603 276 1662 ritate
297 1598 562 1676 recognoscentes
583 1591 754 1673 petierint,
776 1599 810 1650 et
830 1590 982 1673 deinceps
1007 1593 1099 1654 nohis
1120 1593 1255 1656 veraciter

175 1684 294 1748 ,lideles
316 1700 382 1747 esse
402 1673 581 1747 voluerint,
603 1681 636 1733 et
657 1673 690 1733 in
717 1671 825 1752 reguis
849 1674 965 1735 nostris
984 1675 1112 1756 pacifici
1130 1696 1164 1734 ac
1198 1674 1255 1734 uie-

183 1766 220 1841 ti,
242 1773 274 1825 et
292 1761 415 1842 legibus
435 1778 471 1816 ac
499 1753 637 1816 iustitiae
657 1753 841 1816 obedientes
863 1755 1048 1835 extiterint,
1078 1697 1254 1818 rationibilis

143 1923 145 1926 Ι
182 1837 622 1920 misericordiaimpendutur,
636 1857 703 1897 non
724 1836 828 1896 solum
850 1835 884 1894 in
910 1835 1114 1921 indulgentia
1130 1837 1255 1899 commis·

184 1949 302 2000 sorum,
325 1934 357 1986 et
373 1921 407 1983 in
430 1919 635 1982 concessione
659 1917 903 1999 proprietatum,
931 1940 1045 1981 verum
1072 1921 1164 1982 etiam
1185 1929 1212 1980 et
1230 1919 1254 1976 in
1317 1983 1318 1988 ἵ

183 2008 353 2091 largitione
379 2003 539 2066 iconarum
560 2001 738 2063 secundum
768 2007 906 2062 nostrum
927 2002 1150 2064 rationabilem
1172 1999 1255 2084 possi·
1317 2039 1318 2074 ,

182 2093 350 2154 bilitatein.

263 2169 358 2234 Vlll.
399 2169 441 2230 Ut
465 2164 505 2228 de
533 2161 653 2247 rapinis
678 2182 715 2224 ae
735 2161 1056 2246 depraedationibus,
1086 2175 1118 2228 et
1141 2164 1177 2226 de
1196 2183 1254 2222 coa·

183 2252 409 2340 spirationibus
434 2257 529 2330 utque
558 2245 792 2322 seditionibus,
821 2254 853 2307 et
881 2249 921 2310 de
947 2249 1048 2331 ruptis
1067 2246 1253 2318 feminarum,
1317 2247 1318 2250 ’

183 2343 265 2402 sicut
291 2331 523 2398 ecclesiasticae
542 2335 575 2390 et
591 2326 788 2390 Christianae
811 2329 896 2411 leges
917 2337 1014 2412 atque
1038 2328 1253 2414 progenitorum

184 2429 363 2482 nostrorum
386 2411 533 2496 Capitulc
552 2409 739 2486 continent,
762 2408 804 2468 ita
833 2410 868 2469 in
889 2413 1037 2474 omnibus
1064 2407 1098 2472 et
1116 2412 1152 2474 ab
1173 2407 1254 2470 omui·

183 2505 244 2566 bus
273 2503 514 2562 conserventur.
1316 2557 1317 2562 ἵ

265 2579 324 2646 tx.
364 2581 406 2642 Ut
434 2576 496 2636 alia
532 2573 626 2636 etiam
655 2571 801 2656 Capitale
830 2573 1007 2636 eorundem
1033 2575 1253 2658 progenitorum
1316 2571 1317 2630 i

184 2677 364 2733 nostrorum
394 2660 590 2721 destructae
616 2655 769 2718 ecclesiae
802 2652 925 2718 honore
950 2667 984 2718 et
1002 2656 1202 2718 immunitate.
1226 2676 1253 2712 ae

72 2791 77 2798 ·
183 2745 447 2819 conservatione,
469 2751 502 2801 et
524 2740 563 2802 de
584 2738 672 2820 regio
698 2737 794 2798 etium
819 2732 943 2800 honore
967 2749 1064 2822 atquc
1089 2740 1206 2822 vigore,
1229 2746 1253 2796 et

182 2831 294 2920 populi
321 2825 412 2888 nobis
441 2821 599 2884 commissi
619 2821 691 2903 lege
712 2840 748 2881 ac
775 2819 916 2901 iustitia,
945 2821 978 2880 iu
1005 2819 1153 2884 omnibus
1172 2829 1201 2881 et
1224 2818 1253 2877 ab

102 2977 105 2984 ,
184 2916 333 2980 omuibus
357 2913 597 2988 conserventur.
997 2957 1000 2966 ι
1195 2921 1197 2925 ,

264 2999 304 3061 X.
346 2995 388 3052 Ut
402 2987 498 3048 nostri
515 2985 623 3044 haleles
638 2983 870 3067 ,unusquisque
888 2983 919 3044 in
938 3009 995 3048 sno
1009 2985 1124 3049 ordine
1136 2997 1166 3048 et
1177 2993 1253 3058 statu,

183 3073 421 3142 resarcitersint
446 3070 485 3128 de
512 3066 601 3126 nohis
624 3066 730 3126 securi
751 3067 826 3147 quia
851 3069 978 3130 nullum
1003 3071 1121 3130 abhinc
1147 3069 1253 3128 inantea

184 3169 294 3223 contra
307 3157 409 3237 legem
422 3159 452 3210 ct
463 3148 624 3224 iustitiam,
638 3149 690 3208 rel
705 3149 924 3230 auctoritatem
935 3174 970 3214 ac
986 3151 1253 3220 iustnmrationen,

184 3251 238 3303 unt
253 3233 468 3300 damnabimus
483 3241 537 3290 erut
552 3227 831 3309 dehonorabimus,
845 3242 901 3292 aut
922 3235 1135 3317 opprimemus
1155 3233 1201 3293 tel
1218 3230 1254 3285 in-

184 3321 299 3386 debitis
320 3311 607 3378 machinationibus
632 3311 834 3395 adfligemus,
863 3323 894 3374 et
918 3315 1047 3376 illorum
1072 3315 1192 3377 ,cilicet
1213 3331 1254 3366 ve.

185 3405 301 3468 raciter
324 3398 414 3460 nobis
432 3395 575 3456 fidelium
593 3396 753 3454 communi
777 3395 923 3470 consilio,
942 3398 1118 3458 secundum
1136 3393 1190 3456 Dei
1209 3412 1253 3450 vo.

184 3489 341 3550 luntatem
366 3488 397 3540 et
418 3497 586 3538 conrnune
610 3475 853 3550 salvamentum,
874 3477 913 3536 ad
934 3479 1166 3539 restitutionem
1183 3495 1254 3535 saure·

120 3638 124 3643 ,
183 3579 233 3633 tue
253 3565 314 3630 Dei
329 3559 491 3626 Ecclesiae
522 3567 554 3618 et
581 3565 696 3617 statum
716 3556 824 3638 regni,
860 3560 947 3620 etad
975 3555 1252 3638 honoremoegpm

184 3662 279 3734 atque
305 3663 414 3730 pacem
439 3640 551 3724 populi
581 3636 737 3700 commissi
766 3635 855 3698 nobis
880 3640 1079 3721 pertinenti,
1107 3641 1252 3700 adsensum
1315 3687 1316 3698 ,

182 3728 419 3820 praebebimus;
449 3722 481 3782 iu
506 3721 566 3782 hoc
592 3730 627 3781 ut
646 3721 695 3781 illi
718 3741 782 3780 non
803 3719 907 3780 solum
925 3743 988 3783 non
1012 3722 1076 3798 rint
1092 3722 1252 3782 nobiscon.
1315 3715 1316 3730 ³

183 3815 376 3880 tradiceutes
396 3816 429 3869 et
451 3805 635 3866 resistentes
662 3803 701 3863 ad
724 3802 783 3863 ista
803 3804 1012 3883 exequenda,
1039 3825 1149 3866 rernm
1176 3801 1252 3861 etiam

185 3900 230 3963 sic
251 3897 316 3960 sint
340 3889 432 3954 nobis
447 3887 557 3948 fideles
581 3895 612 3946 et
630 3883 827 3961 obedientes,
849 3906 886 3945 ae
905 3885 974 3947 veri
997 3885 1155 3946 adiutores
1174 3892 1253 3960 atque

184 3985 405 4064 cooperatores
430 3991 505 4031 vero
530 3967 667 4029 consilio
689 3976 722 4027 et
745 3964 872 4027 sincero
894 3966 1013 4027 auxilio
1035 3967 1074 4027 ad
1101 3968 1156 4030 ista
1175 3983 1253 4046 pera·

184 4064 286 4150 genda
308 4078 391 4141 quae
414 4050 652 4138 praemisimus,
674 4046 758 4109 sicut
774 4069 834 4144 per
852 4057 976 4110 rectum
998 4049 1206 4131 unusquisqne
1227 4043 1252 4100 iu

182 4169 240 4211 suo
265 4143 379 4209 ordine
403 4145 436 4198 et
463 4143 547 4194 statu
567 4154 623 4192 suo
637 4129 782 4226 Principr
804 4139 836 4190 et
856 4152 914 4191 sno
938 4129 1063 4191 Seniori
1085 4153 1150 4194 esse
1168 4127 1253 4190 dehet.

261 4224 320 4287 Xl.
363 4221 406 4283 Ut
422 4217 467 4281 sic
483 4215 575 4280 simul
595 4211 815 4291 coniunctast
833 4233 891 4298 nos
903 4211 1016 4278 inatres
1035 4235 1070 4276 ae
1085 4233 1178 4298 nepos
1197 4227 1253 4269 nos-
