2746 4992
234 362 364 422 nens.
471 361 833 422 ltEGUMFstNCORUM
942 364 1008 431 sss.
1133 341 1204 417 197

132 501 292 566 Arnaldas
313 503 497 577 Leucorum
509 500 675 564 Ecclesiae
695 501 875 588 Episcopus
888 501 1072 586 subscripsi.

133 589 258 648 Franco
279 586 479 670 Tungrensis
499 583 665 646 Ecclesiae
683 583 863 672 Episcopus
881 585 1066 668 subscripsi.

132 668 360 765 Theudoricus
380 667 613 733 vesontiorum
636 665 803 731 Ecclesiae
829 669 1101 755 Archieplsccpus
1124 668 1201 732 sub·

128 774 513 899 Walascdiiiiiiodorensis
525 831 704 915 Episcopus
722 833 907 919 subscripsi.

128 917 318 1000 Adalgarius
335 914 628 1000 Augustidunensis
650 917 829 1002 Episcopus
849 918 1036 1001 subscripsi.

129 1002 266 1064 Hernico
282 1000 411 1060 Diensis
432 996 602 1060 Ecclesiae
620 997 799 1085 Episcopus
816 1000 1001 1085 subscripsi.

131 1085 280 1150 Aimarus
295 1081 556 1142 Ruthenensium
569 1081 735 1145 Ecclesiae
750 1083 930 1167 Episcopus
947 1081 1132 1167 subscripsi.

133 1163 327 1309 Theotapilplp
342 1161 564 1226 Gerundensis
580 1161 747 1228 Ecclesiae
773 1167 955 1252 Episcopus
976 1164 1158 1249 subscripsi.

135 1253 227 1332 Hugo
324 1270 351 1307 a.

135 1333 286 1398 Albustus
306 1327 410 1426 Abbas
429 1351 470 1392 ex
483 1327 676 1432 monasterio
697 1331 785 1414 quod
800 1339 932 1395 vocatur
945 1328 1112 1395 Bethleem
1131 1329 1198 1395 sire

134 1416 482 1560 nsiadsiriiriaiiaset
497 1493 776 1557 bibliothecarius.
881 1461 886 1466 ’

132 1579 300 1643 Wlfardus
314 1577 401 1638 Abba
416 1577 544 1659 scripsit
565 1586 597 1637 et
617 1578 815 1662 subscripsit.

131 1661 319 1727 Gauzlcnus
337 1659 426 1723 Abba
447 1667 481 1723 et
495 1657 820 1724 Archicancellarius.

261 1872 696 1941 T1‘rutus
758 1873 1012 1938 XLVlll.

98 1991 276 2065 Actorum
309 1994 452 2085 Synodi
490 1994 777 2085 Pontigonensis
810 1994 922 2063 editio
956 1993 1099 2082 altera,
1133 1996 1200 2066 illa

88 2095 253 2186 fortasse
278 2115 390 2184 qaam
415 2117 498 2162 cum
523 2093 682 2186 Legatis
715 2092 949 2188 Apostolicis
973 2094 1136 2166 dictasse
1162 2108 1199 2164 et

95 2195 132 2265 in
161 2192 316 2284 Synodo
353 2194 484 2287 legisse
524 2195 663 2264 dieitur
700 2193 779 2262 Odo
812 2193 1026 2288 Episcopus
1063 2191 1196 2266 Bello-

551 2294 732 2364 vasensis.

91 2418 388 2558 sanctasynodus
406 2495 488 2558 quae
507 2477 540 2538 in
566 2479 694 2538 nomine
721 2478 852 2538 Domini
886 2477 1054 2537 vocatione
1076 2475 1196 2539 Domni

90 2557 248 2622 lobannis
276 2568 327 2618 ter
348 2559 520 2621 beatissimi
547 2581 583 2620 ac
606 2560 798 2622 universalis
831 2561 955 2642 Papae,
985 2569 1017 2618 et
1053 2557 1195 2622 iussione

89 2640 210 2704 Domni
226 2640 339 2700 Karoli
355 2650 513 2724 perpetuo
530 2643 665 2724 Augusti
689 2651 878 2724 congregata
904 2651 952 2702 est
979 2641 1013 2699 in
1041 2639 1113 2704 loco
1138 2642 1197 2724 qni

90 2732 227 2786 vocatur
240 2723 431 2806 Pontigonis
447 2746 531 2786 anno
553 2724 789 2786 lucarnationis
807 2723 997 2786 Dominicae
1011 2743 1196 2786 ncccnxxvs.
1268 2736 1270 2740 '

89 2805 274 2868 Indictione
294 2827 335 2866 rx.
350 2807 442 2888 regni
465 2807 599 2890 praefati
623 2806 823 2868 invictissimi
848 2805 1051 2888 imperatoris
1080 2825 1195 2868 xxxvia.

88 2887 218 2972 imperii
237 2887 345 2950 autem
363 2889 478 2972 primo,
501 2911 578 2955 svn.
597 2889 756 2950 Kalendas
770 2889 925 2972 Augusti,
947 2887 1027 2950 haec
1048 2887 1195 2974 Capitale

88 2993 170 3056 quae
193 2971 445 3032 subteradnexa
468 2982 544 3033 sunt
557 2971 705 3032 instituit.

127 3073 130 3076 ·
169 3053 201 3118 l.
244 3053 394 3114 Obeante
413 3054 634 3132 Hludouvico,
657 3053 714 3135 qui
735 3055 869 3116 Romani
893 3053 1018 3137 imperii
1047 3053 1117 3116 iura
1139 3074 1194 3115 re-

89 3138 202 3219 gebat,
223 3136 370 3198 Domnus
391 3135 550 3216 lohannes
568 3146 619 3198 ter
646 3136 845 3199 beatissimus
864 3138 950 3220 Papa
970 3157 1029 3219 per
1057 3136 1195 3199 Gaderi-

89 3242 164 3280 cum
196 3218 479 3295 veliternensem,
518 3220 707 3280 Formosum
745 3220 975 3295 Portuensem,
1016 3217 1197 3280 Iohannem

88 3301 178 3363 Arcti
186 3321 263 3360 num
278 3301 478 3362 venerabiles
502 3300 678 3384 Episcopus
695 3304 857 3362 Domuum
872 3303 1029 3362 Karolnm
1043 3312 1120 3365 tunc
1131 3303 1196 3369 Re·
1303 3361 1305 3364 ,

89 3405 161 3466 gem
179 3383 221 3443 ad
244 3382 357 3443 limina
374 3384 543 3446 beatorum
557 3383 783 3466 Apostolorum
805 3383 963 3460 inritavit,
986 3383 1196 3466 cumquela'c·
1222 3401 1226 3406 ·

90 3467 209 3528 clasiae
236 3465 335 3549 ipsius
363 3467 567 3528 defensorem
594 3487 629 3527 ae
651 3476 790 3528 tutorem
821 3465 936 3547 elegit,
972 3465 1195 3549 imperialique

91 3549 272 3610 diademate
295 3549 479 3627 coronavit,
503 3570 576 3610 eum
597 3570 671 3631 prae
693 3548 817 3610 cunctis
840 3547 944 3610 solum
971 3557 1003 3609 et
1024 3548 1196 3631 specialem

90 3631 217 3714 eligens
244 3631 301 3713 qui
328 3633 462 3694 Romani
487 3632 615 3715 imperii
637 3642 761 3714 sceptra
789 3639 926 3694 teneret.
975 3631 1077 3691 Cuius
1099 3631 1196 3692 sacris

90 3713 351 3777 institutionibus
365 3737 423 3798 pro
439 3715 547 3778 debito
566 3723 737 3795 parentes,
760 3714 847 3798 quod
865 3713 931 3795 ipse
952 3711 1091 3774 instituit
1108 3712 1197 3774 insti·

92 3797 216 3856 luimus
229 3839 238 3871 ‚
261 3806 292 3856 et
306 3799 393 3878 quod
408 3798 474 3880 ipse
491 3796 691 3859 confirmavit
716 3799 784 3882 pari
808 3817 968 3858 consensu
996 3817 1106 3857 omnes
1134 3795 1195 3862 ,tir-

94 3899 226 3943 mamus.

177 3960 220 4022 ll.
265 3961 463 4044 C'ongregata
489 3962 588 4043 igitur
611 3966 643 4023 in
672 3964 811 4024 Romana
834 3960 912 4021 urbe
938 3969 1043 4022 sancta
1064 3959 1194 4041 Synodo

95 4051 167 4104 ante
190 4043 364 4104 adventum
382 4045 538 4127 praedicti
554 4047 672 4106 Domni
688 4045 899 4127 Imperatoris,
923 4043 1008 4104 misit
1031 4064 1104 4102 cum
1124 4063 1199 4101 eon-

94 4147 189 4186 sensu
215 4127 357 4186 omniurn
373 4128 522 4210 epistolas
538 4128 742 4188 Hludouvico
759 4127 859 4208 Regi,
887 4125 961 4185 filiis
993 4145 1122 4206 quoque
1147 4124 1197 4206 ip-

96 4209 173 4285 sius,
191 4207 465 4292 Archiepiscopis,
488 4211 677 4294 Episcopis,
699 4209 890 4286 Abbatibns,
915 4231 950 4268 sc
970 4209 1105 4289 reliquis
1126 4206 1201 4266 Prie

96 4292 235 4355 moribus
254 4293 345 4375 regni
368 4294 432 4371 sui,
456 4304 623 4356 monentes
643 4316 696 4356 cos
713 4294 885 4378 apostolica
905 4290 1091 4366 auctoritate
1111 4309 1199 4350 mors
