2746 4992
608 331 844 394 castrutium

346 1191 970 1334 'l'csurrunn

302 1437 1148 1547 HLOTHARII

422 1629 1136 1734 rursuaroarsl‘

586 1833 869 1850 m

505 1985 849 2050 TITULUS
911 1984 938 2048 1.

228 2136 417 2180 assumtus
448 2125 626 2197 nouam,
654 2139 762 2182 raruu
790 2140 870 2180 aruo
893 2142 1017 2184 esaum
1045 2142 1216 2188 occcmv.

173 2247 237 2320 Ex
263 2248 591 2324 constitutionibus
606 2249 802 2320 Hlotltarii
827 2249 894 2320 sub
919 2253 1081 2346 seeundo
1100 2255 1281 2345 Eugenio

221 2351 333 2445 Papo
361 2351 478 2441 gestis
507 2351 632 2420 'ruente
665 2348 886 2418 Novembris
915 2353 956 2420 in
992 2353 1090 2423 atrio
1124 2353 1228 2424 beati

564 2447 669 2518 Petri
684 2447 888 2542 ”Apostoli
916 2465 926 2474 ·

255 2609 283 2676 I·
320 2557 568 2674 Censtituimus
590 2621 626 2674 ut
652 2612 835 2696 omnesqui
858 2614 918 2676 suh
939 2613 1071 2697 speciali
1085 2614 1279 2677 defensione

171 2694 291 2759 Domni
314 2693 489 2778 Apostoliei
511 2717 569 2764 seu
591 2706 700 2755 nostra
722 2697 845 2757 fuerint
864 2697 1020 2779 suseepti,
1042 2697 1210 2779 impetrata
1232 2698 1280 2758 in-

172 2777 370 2842 violabiliter
392 2787 523 2838 utantur
549 2777 747 2843 defensione.
788 2780 885 2856 Quod
912 2779 939 2840 si
968 2779 1040 2862 quis
1066 2779 1103 2838 iu
1125 2801 1278 2861 quoeun-

172 2877 238 2940 que
263 2859 386 2920 riolure
404 2860 676 2943 praesumpserit,
709 2860 788 2921 sciat
815 2881 847 2921 se
880 2861 1060 2943 perieulum
1087 2861 1170 2922 vitae
1197 2883 1277 2922 suae

171 2941 388 3004 incursurum.
428 2943 508 3002 Nam
531 2952 563 3002 et
582 2941 643 3004 hoo
669 2942 882 3019 decernimus,
905 2952 941 3002 ut
963 2947 1088 3005 Domno
1110 2944 1277 3026 Apostoli-

173 3044 212 3083 eo
234 3022 267 3082 in
290 3022 438 3084 omnihus
460 3024 542 3084 iusta
563 3035 710 3086 servetur
735 3025 927 3104 obedientia,
941 3025 1150 3088 seuDucibus
1174 3035 1206 3087 et
1225 3027 1276 3086 Iu·

173 3103 299 3166 ditibus
322 3104 387 3166 suis
412 3105 452 3165 ad
478 3105 630 3166 iustitiam
652 3106 840 3172 faciendam.

255 3186 300 3248 Il.
343 3189 385 3246 Ut
417 3187 679 3269 depraedationes
705 3209 786 3269 quae
819 3189 973 3248 hactenus
1005 3189 1076 3251 fieri
1107 3187 1272 3266 solebant,

172 3269 379 3331 nullomodo
401 3269 501 3346 fiant,
531 3290 636 3349 neque
661 3270 788 3330 vivente
815 3271 989 3349 Pontifioe‚
1011 3293 1118 3353 neque
1140 3273 1273 3332 defune-

172 3362 216 3414 to.
259 3351 384 3432 Siquis
406 3372 482 3412 vero
502 3351 638 3413 ulterius
660 3351 723 3412 hoc
739 3353 864 3428 fecerit,
886 3354 970 3423 sciat¹
980 3377 1012 3416 se
1028 3353 1125 3437 legali
1146 3361 1272 3414 senten·

172 3436 218 3499 tia
243 3434 533 3496 condemnandum.
575 3436 760 3512 Quaerere
779 3443 866 3495 retro
888 3437 988 3498 laetae
1007 3447 1099 3516 sunt,
1127 3436 1270 3517 legaliter

173 3517 396 3581 emendentur.

254 3599 317 3664 lll.
359 3597 398 3659 ln
425 3595 583 3657 electione
607 3606 713 3657 autem
735 3597 868 3656 Romani
888 3598 1053 3660 Pontificio
1076 3600 1182 3660 nullus
1202 3598 1267 3658 sive

172 3683 258 3744 liber
284 3683 351 3742 sive
374 3700 485 3741 servus
508 3691 686 3759 praesumat
706 3680 837 3759 aliquod
865 3681 1128 3762 impedimentum
1147 3683 1264 3748 facere;

173 3765 230 3830 sed
260 3765 310 3824 illi
345 3763 545 3824 solummodo
573 3763 705 3822 Romani
731 3762 848 3841 quibus
879 3765 1054 3844 antiquitus
1087 3783 1265 3823 conoessum

172 3857 220 3911 est
243 3845 471 3908 constitutione
490 3853 671 3903 sanctorum
696 3846 834 3919 Petrum,
857 3846 916 3906 sibi
935 3847 1055 3928 eligant
1074 3843 1264 3907 Pontificem.

174 3931 271 4008 Quod
297 3930 322 3990 si
352 3927 424 4010 quis
450 3935 560 3985 contra
590 3925 673 3985 hanc
700 3935 840 3986 nostrum
865 3930 1135 3990 constitutionem
1163 3929 1262 3987 lacere

171 4010 429 4097 praesumpserit,
455 4008 554 4067 exilio
576 4008 728 4068 tradatur.

256 4097 312 4158 lV.
336 4094 493 4157 Volumus
507 4090 599 4159 etiam
617 4099 651 4148 ut
670 4089 756 4152 Missi
767 4089 1261 4169 constituanturaDomqupos-

174 4178 272 4239 tolico
295 4188 327 4238 et
348 4173 449 4250 nohis,
472 4173 527 4253 qui
546 4173 711 4232 annuatim
735 4174 826 4233 nobis
846 4173 1036 4233 renuntient
1056 4175 1188 4255 qualiter
1197 4169 1260 4229 sin-

176 4261 241 4342 guli
262 4263 367 4320 Duces
389 4267 420 4317 et
444 4256 570 4318 ludices
597 4247 748 4315 iustitiam
774 4257 894 4338 populo
918 4255 1039 4316 faciant
1058 4267 1091 4318 et
1113 4249 1257 4337 quomodo
