2712 4992
509 311 610 368 tuas
645 311 777 370 paruus
1143 287 1217 364 299

103 451 341 537 mancipamus.
362 475 364 482 ·
383 453 485 538 Igitur
499 452 645 516 inlustris
663 452 715 514 vir
735 451 792 514 ille
810 450 1002 514 clementiae
1021 454 1117 536 regni
1143 475 1217 516 nos·

101 540 151 600 tri
172 538 330 620 suggessit
343 555 381 596 eo
397 538 485 619 quod
511 537 658 598 antelios
674 557 776 597 anuos
794 536 851 596 ille
873 536 1036 616 quondam
1067 539 1135 597 Rex
1158 557 1217 618 pa·

101 643 184 683 rens
201 619 432 683 nostervillam
452 620 593 700 aliquam
612 627 820 700 nuncupante
836 616 907 695 illa,
933 619 1026 680 sitam
1056 617 1089 678 in
1121 639 1204 701 pago

103 705 190 782 illc,
214 725 310 784 quam
325 711 418 763 autea
439 703 478 762 ad
495 703 571 764 fisco
595 724 653 764 suc
674 703 886 783 adspexerat,
909 710 940 762 et
966 702 1022 761 ille
1041 710 1215 762 tenuerats

102 808 170 872 pro
200 786 277 848 fidei
302 784 352 850 sui
383 794 550 866 respectu,
581 785 650 846 eius
678 784 799 846 meritis
822 784 1110 866 compellentibus,
1142 804 1217 844 cum

104 868 201 930 omni
219 869 403 954 integritate
419 869 459 928 ad
475 868 544 948 ipsa
560 868 637 929 villa
654 867 862 948 aspicientem
880 888 938 948 per
957 889 1046 928 suam
1065 875 1217 950 praecep·

104 951 236 1012 tionem
251 974 309 1012 sua
333 972 431 1012 manu
444 948 622 1012 roboratam
639 949 672 1009 in
689 951 814 1032 integra
836 949 1012 1012 emunitate
1034 951 1153 1032 absque
1169 950 1219 1010 ul·

107 1035 175 1096 lius
199 1034 335 1095 introitu
355 1033 504 1094 Indicum
532 1034 571 1095 de
594 1033 753 1116 quaslibet
775 1054 884 1094 causas
904 1032 995 1094 freda
1021 1033 1218 1114 exigendum

109 1117 220 1178 eidem
238 1117 456 1178 concessisset.
499 1116 592 1178 Unde
609 1126 642 1176 et
659 1115 759 1197 ipsam
775 1115 1036 1199 praeceptionem
1054 1113 1218 1177 antedicto

109 1199 265 1282 Principe
291 1198 384 1260 nobis
412 1198 552 1260 ostendit
580 1198 805 1280 relegendam,
828 1206 859 1258 et
885 1208 1058 1258 memorata
1078 1198 1157 1257 villa
1178 1197 1219 1260 ud

111 1302 263 1362 praesens
280 1284 340 1344 sub
359 1281 472 1342 eodem
489 1281 583 1343 modo
599 1280 762 1364 possidere
778 1280 916 1346 videtur.
956 1281 1056 1342 Petiit
1078 1302 1155 1362 ergo
1173 1287 1219 1341 'ut

111 1364 177 1424 boc
199 1365 284 1425 circa
301 1365 414 1426 eodem
430 1376 537 1426 nostra
550 1362 680 1445 plenius
700 1363 834 1425 deberet
857 1363 1030 1425 auctoritas
1054 1361 1219 1446 generali-

112 1455 164 1508 ter
181 1447 380 1508 confirmare.
422 1449 522 1509 Cuius
545 1445 735 1527 petitionem
749 1454 969 1529 prorespectu
988 1446 1065 1508 fidei
1083 1466 1159 1507 suae
1172 1443 1218 1506 si-

110 1539 166 1590 cut
184 1529 362 1611 unicuique
390 1530 429 1590 de
448 1528 597 1592 fidelibus
616 1528 731 1592 nostris
753 1531 835 1590 iusta
855 1529 1040 1610 petentibus
1066 1526 1219 1610 nequivi-

108 1634 183 1673 mus
199 1611 378 1695 denegare,
400 1612 456 1674 sed
479 1620 622 1694 gratante
638 1611 745 1674 animo
759 1611 953 1695 praestitisse
968 1623 1000 1674 et
1012 1611 1218 1674 confirmasse

108 1695 308 1776 cognoscite.
348 1697 587 1777 Praecipieutes
608 1713 708 1776 ergo,
742 1706 778 1758 ut
804 1694 890 1756 sicut
908 1704 1032 1757 constat
1057 1693 1219 1756 antedicta

107 1778 192 1840 villa
210 1777 267 1837 illu
293 1799 367 1838 cum
392 1780 481 1838 omni
511 1775 695 1860 integritate
726 1800 784 1840 sua
814 1777 854 1838 ab
879 1777 948 1860 ipso
975 1777 1130 1860 Principe
1158 1775 1218 1837 illo

107 1869 287 1922 memorato
305 1860 352 1920 lui
367 1860 465 1922 fuisse
485 1879 647 1936 concessa,
664 1868 696 1921 et
717 1881 787 1922 eam
816 1858 1023 1945 adpraesens
1047 1861 1119 1920 iure
1140 1879 1218 1940 pro-

109 1941 265 2039 prietario
293 1942 456 2025 possidere
486 1942 630 2020 videtur,
660 1964 720 2026 per
746 1942 835 2004 hunc
860 1953 1068 2027 praeceptum
1085 1940 1217 2026 plenius

112 2048 148 2086 ru
169 2024 231 2085 Dei
264 2025 394 2085 nomine
420 2025 661 2102 confirmatum,
693 2025 837 2109 inspecta
869 2026 939 2109 ipsa
985 2024 1214 2109 raeceptione,

113 2119 145 2170 et
162 2107 228 2188 ipse
246 2115 279 2167 et
292 2108 458 2189 posteritas
481 2109 550 2170 eius
581 2129 651 2168 eam
669 2117 802 2170 teneant
824 2117 856 2172 et
875 2049 1077 2192 possideant,
1100 2117 1132 2168 et
1161 2105 1215 2167 cui

112 2189 278 2251 voluerint
291 2191 330 2250 ad
357 2192 586 2272 possidendum
609 2191 806 2272 relinquant,
836 2193 890 2253 vel
914 2192 1070 2275 quicquid
1096 2190 1215 2252 exinde

112 2274 220 2336 facere
244 2273 464 2351 decreverint,
494 2295 534 2334 ex
561 2283 670 2336 nostro
693 2274 847 2355 permisso
878 2273 982 2337 libero
1005 2278 1216 2358 perfruantur

110 2354 253 2415 arbitrio.
295 2358 400 2433 Quam
420 2378 497 2417 vero
518 2356 754 2435 auctoritatem,
785 2368 821 2417 ut
846 2357 968 2417 firmior
984 2358 1160 2433 habeatur,
1183 2363 1216 2414 et

110 2459 171 2532 per
196 2448 338 2520 tempora
363 2448 588 2518 conservetur,
614 2438 744 2523 propria
764 2461 861 2500 mauu
881 2439 993 2502 subter
1009 2462 1078 2502 eam
1099 2442 1215 2502 decre-

113 2542 218 2582 vimus
240 2520 400 2587 roborare.

465 2653 514 2712 De
535 2652 627 2733 Regis
648 2651 853 2718 antrustione.

195 2763 323 2831 XVIII.
365 2767 501 2827 Rectum
521 2765 692 2847 estutqui
711 2764 802 2827 nobis
824 2765 921 2827 fidem
943 2763 1144 2846 pollicentur
1163 2766 1215 2825 in·
1319 2793 1322 2798 ·

113 2848 249 2926 laesam,
273 2858 381 2909 nostro
404 2859 556 2910 tueantur
577 2848 708 2913 auxilio.
758 2849 800 2908 Et
829 2847 906 2932 quia
936 2848 993 2910 ille
1021 2850 1126 2912 fidelis
1143 2852 1215 2913 Deo

112 2931 254 3014 propitio
280 2941 389 2992 noster
402 2931 536 2994 venicus
557 2931 601 2992 ibi
625 2932 658 2990 in
677 2931 794 3012 palatio
824 2940 932 2994 nostro
958 2953 1022 2992 una
1048 2954 1122 2993 cum
1151 2932 1216 2992 ari·

113 3013 219 3073 mania
244 3036 301 3074 sua
324 3015 353 3092 b)
375 3014 409 3073 in
435 3036 531 3074 manu
554 3023 660 3077 nostra
683 3023 816 3074 trustem
842 3025 874 3076 et
903 3015 1089 3076 fidelitatem
1123 3015 1216 3076 nobis

112 3097 199 3158 visus
217 3106 265 3157 est
277 3097 481 3173 coniurasse,
504 3106 673 3178 propterea
694 3118 752 3176 per
785 3107 988 3178 praesentem
1009 3109 1216 3182 praeceptum

113 3178 317 3239 decernimus
343 3200 378 3239 ac
397 3179 543 3239 iubemus
564 3189 601 3238 ut
617 3178 768 3258 deinceps
788 3189 981 3240 memoratus
1001 3181 1058 3242 ille
1088 3183 1121 3242 in
1152 3205 1215 3242 nu·

112 3281 201 3320 mero
220 3261 458 3342 antrustionum
474 3271 687 3343 computetur.
729 3263 771 3321 Et
788 3261 815 3322 si
828 3263 900 3342 quis
920 3264 1052 3325 fortasse
1080 3287 1153 3325 eum
1167 3266 1216 3324 in·

111 3344 259 3404 terficere
274 3342 537 3426 praesumpserit,
561 3345 687 3404 noverit
704 3367 738 3406 se
757 3341 907 3428 wirgildo
924 3366 981 3407 suo
1004 3346 1123 3409 solidos
1146 3367 1218 3410 ser·

112 3427 214 3488 centis
232 3448 300 3488 esse
321 3426 515 3510 culpabilem
531 3427 703 3492 iudicetur.
809 3432 811 3440 '

433 3557 641 3639 Praeceptum
661 3555 701 3616 de
725 3556 891 3619 Clericatu.

191 3669 286 3734 XIX.
327 3669 362 3732 si
378 3671 423 3732 eis
443 3671 507 3754 'qui
529 3694 561 3732 se
578 3672 618 3733 ad
636 3694 719 3733 onus
746 3672 889 3735 clericati
903 3675 1076 3736 transferre
1090 3675 1216 3743 delibe-

110 3760 184 3814 rant
196 3754 362 3815 licentiam
385 3776 451 3815 non
475 3776 638 3838 negamus,
655 3755 883 3817 retributorem
904 3759 1078 3818 Dominum
1098 3761 1216 3821 exinde

109 3837 229 3897 hahere
255 3837 467 3916 confidimus,
491 3838 569 3919 quia
593 3838 748 3921 scriptum
775 3849 839 3900 est:
873 3841 952 3900 Noli
970 3843 1138 3923 probibere
1161 3845 1216 3904 be-

110 3918 256 3998 nefacere
276 3922 306 3979 ei
318 3922 373 4001 qui
384 3933 498 4002 potest.
539 3920 577 3980 Si
600 3923 709 3993 cales,
733 3933 763 3981 et
780 3922 848 4005 ipse
863 3921 1000 4003 benefac.
1044 3924 1146 4007 Igitur
1163 3948 1217 3986 ve-

111 4001 205 4062 niens
223 4003 278 4063 ille
301 4005 341 4064 ad
359 4011 498 4064 nostram
530 4003 744 4085 praesentiam
771 4005 865 4087 petiit
890 4006 1054 4067 serenitati
1089 4018 1214 4071 nostrae

111 4092 148 4145 ut
170 4083 201 4144 ei
222 4085 386 4147 licentiam
401 4085 544 4147 tribuere
569 4085 758 4150 deberemus
786 4086 927 4172 qualiter
954 4111 1076 4152 comam
1104 4092 1216 4176 capitis

146 4277 178 4345 b)
196 4277 229 4329 al.
249 4283 300 4334 ms'.
320 4295 379 4334 cum
399 4296 476 4334 arma
494 4298 554 4335 sua.
