2746 4992
223 317 361 398 scua'.
465 333 600 392 simun
639 327 876 390 araneorum
990 332 1053 401 ⁸⁷7·
1111 317 1185 391 205

108 498 157 562 qne
176 475 409 538 deliberationis
440 475 538 537 finem
564 475 698 553 direxit,
730 485 767 536 ut
783 474 915 537 ‘scilicet
937 495 1039 536 unum
1065 477 1188 538 sentia-

106 583 161 622 mus
176 564 205 621 et
216 581 315 620 unum
335 559 477 620 dicamus
496 579 618 636 omnes,
640 566 674 618 et
688 580 752 620 non
775 558 884 618 sintin
901 558 994 621 nobis
1006 557 1187 639 schismata,

105 642 220 726 quaein
240 642 384 724 praefato
403 641 547 725 piissimo
570 651 602 702 et
619 640 884 723 tranquillissimo
904 639 1101 722 Imperatore
1121 643 1189 725 spi-

104 723 195 788 rituali
214 723 280 786 filio
306 734 415 786 nostro
437 723 575 802 Karolo,
599 732 729 784 auctore
750 727 838 800 Deo,
861 723 928 784 sive
951 745 1064 804 preces
1085 724 1189 786 bene·

33 819 35 830 '
104 807 232 872 dictionis
254 828 353 890 snper
375 817 471 891 caput
492 807 560 868 eius
587 805 809 882 infundenda,
839 805 908 866 sive
930 827 1036 866 sacrae
1058 808 1189 868 unctio-

103 891 142 953 nis
159 891 225 951 oleo
245 891 368 951 celsum
394 890 493 974 ipsius
516 889 669 950 verticem
692 887 922 969 contingendo,
944 889 1012 948 sive
1037 912 1189 952 eoronam

104 972 209 1056 imperii
230 973 429 1034 conferendo
459 971 622 1055 gessimus,
644 969 822 1031 sententiae
844 969 1043 1052 prolatione,
1064 973 1090 1034 si
1112 996 1191 1034 una-

104 1055 166 1116 nimi
185 1055 388 1137 generalitati
408 1065 532 1117 vestrae
554 1055 694 1132 videtur,
717 1063 749 1115 et
777 1073 835 1132 per
861 1075 1014 1114 manuum
1032 1057 1191 1140 subscrip-

104 1139 204 1199 tionem
219 1137 314 1198 etiam
336 1137 551 1221 inpraesenti
571 1137 632 1197 hac
655 1135 837 1198 venerabili
858 1135 1000 1218 Synodo,
1022 1141 1106 1202 sicut
1126 1135 1189 1202 i'am

103 1220 199 1282 hortati
223 1243 345 1299 samua,
368 1221 482 1282 iterato
502 1221 741 1304 promulgemus
762 1229 796 1280 et
815 1218 1011 1282 roboremus.

177 1353 407 1414 Sanora
449 1352 710 1414 Sruonus
752 1370 1097 1413 aasaonnrr.

166 1467 271 1528 Placet
292 1476 325 1528 et
351 1465 446 1528 valde
476 1465 585 1548 placet
609 1465 642 1524 iu
671 1464 819 1526 omnibus
847 1473 950 1524 vestra
979 1469 1189 1532 sacratissima

105 1549 196 1630 sectari
216 1549 363 1633 vestigia,
386 1569 493 1629 neque
517 1551 563 1608 fas
586 1557 688 1610 estut
713 1570 730 1606 a
754 1547 895 1608 culmine
912 1552 1105 1630 apostolatus
1122 1574 1190 1614 res·

104 1633 136 1692 tri
155 1631 184 1691 in
199 1633 316 1715 aliquo.
333 1632 568 1708 dissentiamus,
591 1652 687 1712 quern
704 1630 859 1692 videlicet
877 1629 943 1711 ipse
962 1634 1109 1696 Christus
1120 1637 1189 1696 Do-

104 1715 189 1777 minus
207 1727 315 1778 noster
332 1715 479 1778 omnium
499 1724 643 1776 nostrum
667 1713 707 1774 ad
729 1714 833 1776 vicem
851 1735 939 1774 snam
955 1716 988 1776 in
1005 1718 1100 1778 terris
1120 1739 1189 1780 esse

106 1797 190 1860 voluit
208 1809 312 1884 eaput.

137 1931 232 1992 Tunc
260 1949 435 1994 sonoras
466 1951 619 1991 sununs
653 1931 863 1992 Ponrrrax
897 1948 1146 1991 scurrarum

430 2034 845 2091 raorusrr,n1cnns.

169 2129 302 2191 Piissimi
338 2139 371 2191 et
405 2129 598 2192 serenissimi
638 2129 814 2212 spiritualis
851 2128 911 2188 lilii
944 2127 1045 2188 nostri
1078 2129 1191 2190 Karoli

109 2212 195 2293 magni
214 2223 245 2275 et
269 2213 400 2296 pacifici
422 2212 623 2293 Imperatoris
645 2213 685 2273 ad
706 2211 885 2294 imperialia
909 2219 1032 2292 sceptra
1056 2212 1191 2274 electio-

108 2313 168 2354 nem
186 2304 215 2354 et
235 2295 474 2379 promotionem
498 2303 570 2353 ante
592 2295 705 2354 mundi
732 2294 864 2375 quidem
893 2294 1040 2354 ordinem
1064 2295 1192 2358 divinus

109 2375 273 2456 ordinatam,
296 2399 404 2460 nuper
423 2386 539 2454 autem,
561 2376 596 2438 id
618 2386 675 2452 est,
695 2377 868 2457 praeterita
889 2398 974 2438 noua
999 2375 1192 2456 Indictione,

107 2479 154 2536 per
171 2459 381 2528 ministerium
405 2470 530 2520 nostrae
558 2460 1004 2534 mediocritatis'exhibitam,
1027 2470 1192 2522 annuente

106 2540 162 2601 Deo
185 2553 321 2606 extunc
354 2553 385 2604 et
407 2564 493 2602 nunc
516 2552 547 2602 et
571 2544 604 2602 in
627 2551 818 2626 perpetuum
850 2543 972 2602 firmam
993 2551 1026 2602 et
1045 2542 1193 2604 stabilem

106 2622 289 2690 deceruimus
318 2647 568 2710 permansuram.

234 2743 558 2805 Resronoeauur
593 2755 736 2802 ouans:
770 2737 899 2818 Placet,
924 2734 1049 2823 placet(

571 2849 720 2914 Issa.

171 2956 201 3018 Si
221 2960 296 3042 qni-s
313 2967 418 3019 tantae
436 2959 483 3020 rei
511 2957 666 3018 divinitus
685 2965 771 3016 actae
789 2953 1002 3035 proculdubio
1021 2954 1193 3038 institutio·

104 3058 166 3098 nem
184 3043 332 3126 superbia
354 3051 408 3102 aut
429 3040 571 3102 avaritia
586 3042 634 3101 vel
660 3047 746 3099 certe
768 3038 877 3118 aliquo
906 3037 1061 3119 pessimae
1090 3041 1194 3102 ambi·

103 3120 188 3183 tionis
207 3125 365 3188 instinctu
385 3123 574 3208 perturbare
596 3131 650 3182 aut
673 3121 792 3183 violare
812 3121 995 3198 tentaverit,
1018 3122 1193 3184 cuiuscun-

104 3207 215 3281 quasit
238 3207 382 3284 ordinis,
409 3206 592 3288 dignitatis,
627 3214 681 3264 ant
701 3203 927 3285 professionis,
957 3212 1111 3286 tanquam
1130 3206 1194 3268 Dei

104 3282 250 3368 inimicus,
272 3300 307 3352 et
327 3289 520 3350 ordinationi
551 3291 620 3348 eius
647 3284 818 3371 tyrannide
845 3307 936 3345 saeva
965 3289 1138 3364 resistens,
1161 3297 1195 3348 et

103 3362 248 3434 Ecclesiae
268 3373 332 3434 Dei
352 3371 463 3448 hostis,
485 3371 646 3452 totiusque
669 3369 755 3452 pacis
777 3377 809 3428 et
830 3367 1083 3432 Christianitatis
1104 3371 1195 3433 dissi·

104 3457 202 3530 potor,
223 3453 555 3538 anathematensque
585 3454 625 3515 ad
649 3450 898 3516 satisfactionem
927 3458 1077 3514 teneatur
1106 3453 1194 3516 omni

104 3535 229 3620 tempore
249 3559 405 3600 annexus.

269 3655 768 3716 Rrsrososauur:
810 3645 1006 3734 Fiat,fiat.

365 3761 466 3824 Irru
502 3780 663 3822 sumnus
697 3759 915 3821 Pourrrsx.

171 3864 347 3928 Patratores
367 3873 398 3928 et
416 3865 599 3926 incitatores
617 3862 746 3945 pessimi
769 3861 866 3924 huius
878 3865 1019 3947 consilii,
1041 3868 1098 3952 qui
1116 3889 1194 3953 pro·

105 3940 176 4005 tecto
195 3961 265 4009 eum
287 3948 423 4010 ministri
442 3948 507 4010 siut
531 3946 663 4024 diaboli,
683 3968 740 4008 sua
760 3957 934 4028 quaerunt,
959 3970 1023 4012 non
1047 3975 1129 4034 quae
1144 3953 1193 4014 le·
1261 4005 1262 4008 ,

106 4043 150 4086 aas
166 4029 291 4112 Christi,
314 4042 346 4094 et
365 4033 398 4092 in
416 4031 586 4116 imperium
606 4028 872 4093 subintroducere
895 4030 1071 4095 simultates
1087 4046 1118 4096 et
1131 4034 1194 4097 dis·

106 4109 230 4174 cordiam
245 4117 433 4192 moliuntur,
456 4137 492 4175 ac
516 4112 735 4174 fraudulentia
760 4111 932 4174 immittere
958 4116 1125 4179 schismata
1152 4119 1193 4182 ad

106 4195 347 4260 confundendam
370 4195 534 4259 Ecclesiae
563 4197 719 4257 unitatem
738 4195 898 4290 regnique
927 4219 1106 4281 congruum
1128 4209 1192 4261 sta·

107 4278 164 4338 lam
183 4287 213 4341 et
237 4281 381 4345 ordinem
403 4281 517 4364 reique
540 4279 688 4363 publicae
720 4277 890 4344 utilitatem
917 4290 949 4344 et
973 4282 1193 4365 tranquillita-
