2712 4992
223 301 298 378 354
678 316 861 376 narrante

225 461 356 524 nomine
385 457 442 520 ille
466 455 506 518 ad
532 457 719 541 coniugium
739 458 874 522 sociavit
899 477 1040 520 uxorem.
1092 459 1179 520 Unde
1200 463 1228 515 le
1247 457 1279 514 nl

225 542 482 631 procreationem
506 546 593 600 tuam
615 540 649 599 in
674 541 805 604 servitio
834 541 991 603 inclinare
1022 546 1190 623 potueram.
1240 537 1280 598 Sed

225 626 308 688 mihi
333 622 514 706 praepatuit
530 622 678 684 voluntas
700 622 883 704 plenissima
909 633 945 683 ut
970 623 1067 684 talem
1087 619 1236 703 epistolam
1249 619 1281 676 de·

228 707 367 770 nationis
392 706 426 764 in
448 712 481 763 te
503 703 573 765 fieri
595 712 627 764 et
644 704 809 766 adfirmare
830 726 987 787 rogarem,
1000 714 1037 764 ut
1060 705 1086 765 si
1100 703 1214 786 aliquae
1231 721 1281 781 pro·

227 789 406 854 creationes
428 787 567 846 filiorum
588 793 642 846 aut
666 787 804 848 filiarum
828 808 868 848 ex
888 797 920 848 te
950 797 1041 847 natae
1066 787 1115 847 vel
1139 791 1281 868 procreatae

225 873 366 948 suerint,
389 869 448 930 sub
477 867 600 949 integra
622 869 817 949 ingenuitate
840 891 912 930 enm
928 869 1016 929 omni
1034 867 1191 950 peculiare
1205 885 1280 926 eorun

227 956 366 1028 valeant,
389 949 517 1012 Christo
541 951 697 1032 propitio,
719 971 919 1033 permanere,
941 959 974 1010 et
1001 949 1157 1032 quicquid
1177 949 1279 1008 laborare

224 1036 390 1121 potuerint
416 1054 539 1094 cessum
560 1032 705 1110 habeant,
727 1041 759 1094 et
775 1032 859 1093 nulli
878 1032 1037 1093 heredum
1057 1054 1093 1092 ac
1111 1030 1280 1112 proheredum

224 1138 370 1180 meorum
390 1115 517 1175 nullum
541 1114 728 1196 impendant
746 1115 910 1175 servitium
926 1135 987 1175 nec
1002 1114 1179 1174 hominium
1195 1112 1237 1174 vel
1249 1135 1280 1191 pa·

226 1210 371 1262 tronatus
388 1195 589 1278 obsequium,
614 1196 675 1256 nisi
697 1197 756 1259 soli
773 1198 853 1270 Deo,
878 1196 931 1257 cui
948 1197 1058 1256 omnia
1080 1197 1211 1257 subiecta
1226 1201 1280 1254 sunt.

225 1284 466 1344 Testamentum
484 1279 579 1339 etiam
603 1277 763 1356 saciendi',
792 1278 1016 1342 defensionem
1029 1299 1110 1341 vcro
1126 1278 1175 1340 vel
1189 1276 1280 1335 munde·

224 1363 362 1426 burdam
377 1359 597 1424 Ecclesiarum
619 1370 674 1421 aut
691 1361 850 1420 bonorum
867 1360 1048 1438 hominum,
1070 1361 1235 1439 ubieunque
1247 1356 1281 1414 eli·

226 1467 303 1528 gere
326 1444 476 1517 voluerit,
498 1441 662 1503 licentiam
684 1442 799 1504 haheat
821 1443 861 1503 ad
879 1443 1152 1525 conquirendum.
1196 1437 1280 1518 siquis

127 1563 130 1572 ·
224 1548 316 1605 vero,
337 1526 426 1609 quod
448 1545 509 1586 nec
533 1524 602 1586 fieri
623 1526 731 1603 credo,
760 1524 785 1585 si
808 1546 868 1607 ego
888 1525 976 1606 ipse,
1007 1535 1067 1586 aut
1088 1526 1172 1585 ullus
1194 1523 1224 1583 de
1243 1522 1280 1578 he·

224 1610 356 1672 redibas
381 1607 469 1682 meis,
495 1607 548 1668 vel
568 1606 721 1689 quislihet
740 1607 807 1667 ulla
830 1607 1149 1690 oppositalpersona,
1169 1603 1215 1688 qui
1230 1623 1281 1663 een-

225 1700 275 1752 tra
297 1692 382 1752 hanc
406 1688 573 1770 epistolam
598 1689 775 1770 agnationis
798 1691 911 1752 venire
944 1690 1131 1767 conaverit,
1154 1689 1247 1748 inlerat
1263 1683 1280 1743 ei

224 1773 280 1836 cui
300 1774 391 1834 litem
416 1770 563 1831 intulerit
587 1768 646 1832 ista
666 1780 732 1832 tota
754 1781 912 1848 servante,
932 1793 997 1833 una
1018 1795 1096 1834 cum
1123 1771 1201 1832 socio
1230 1768 1279 1836 lio,

224 1855 297 1917 anri
318 1855 429 1916 uncias
454 1861 557 1914 tantas
576 1873 643 1914 esse
661 1853 873 1933 multandum,
892 1863 924 1917 et
943 1877 1100 1940 praesens
1113 1849 1222 1938 agnatio
1237 1869 1279 1909 on·

225 1937 263 2006 ui
283 1946 428 2022 tempore
446 1934 537 1997 fir'ma
555 1945 748 2018 permaneat.

586 2064 769 2156 Traditorie
798 2065 838 2130 de
871 2079 967 2131 terra.

227 2169 231 2180 ¹
304 2173 401 2241 xlx.
441 2173 586 2240 Veniens
614 2178 710 2241 horno
733 2179 851 2263 aliquis
871 2181 1001 2245 nomine
1024 2182 1083 2245 ille
1104 2183 1137 2243 in
1156 2199 1222 2264 pago
1237 2175 1280 2248 ille

226 2261 261 2322 ln
289 2259 362 2322 loco
388 2259 446 2341 qni
475 2261 593 2322 dicitur
621 2262 695 2340 ille,
736 2274 809 2326 ante
834 2265 935 2327 bonos
964 2266 1115 2328 homines
1141 2261 1281 2346 quisuhter

223 2343 445 2418 firmaverunt,
470 2342 708 2420 terramillam,
730 2345 765 2406 id
785 2355 842 2424 est,
863 2356 928 2406 tam
949 2347 1070 2408 mansis
1094 2357 1151 2412 ete.
1171 2349 1281 2406 tetemet

223 2425 265 2486 ad
284 2423 456 2506 integrum,
478 2444 575 2504 quam
594 2435 667 2487 ante
689 2427 747 2488 hos
769 2429 836 2490 dies
855 2428 986 2491 homine
1010 2431 1122 2511 aliquo
1146 2423 1280 2488 nomineil-

223 2506 255 2568 le
284 2526 345 2587 per
373 2506 569 2568 venditionis
597 2509 729 2568 titulum
753 2519 882 2593 accepto
907 2533 985 2575 vero
1019 2512 1126 2594 pretio
1153 2511 1222 2571 visus
1240 2503 1280 2562 luit

222 2586 423 2659 vendidisse;
444 2589 501 2649 sed
530 2597 603 2650 ante
632 2593 716 2671 ipsos
739 2591 838 2654 bonos
864 2593 1011 2655 homines
1032 2593 1074 2653 ud
1097 2593 1280 2672 integrans

224 2668 382 2752 quiequid
406 2670 567 2751 praedicta
588 2673 776 2733 venditione
803 2675 832 2734 ei
853 2675 1019 2752 vendidit,
1041 2696 1101 2756 per
1121 2693 1217 2732 manus
1236 2686 1279 2744 par·

224 2753 310 2812 tibus
336 2751 436 2833 ipsius
459 2752 506 2811 lui
525 2753 579 2814 vel
597 2752 729 2812 herbam
756 2756 809 2815 vel
829 2765 945 2818 terram
966 2757 1053 2820 visus
1078 2757 1139 2818 fuit
1156 2749 1279 2814 tradidisse

225 2843 259 2893 et
276 2854 336 2915 per
360 2855 448 2892 suam
468 2834 611 2894 fistucam
634 2846 744 2895 contra
764 2838 868 2918 ipsum
885 2839 980 2899 illum
1002 2839 1121 2900 exinde
1143 2829 1280 2897 esitante-

227 2915 282 2992 cit,
305 2924 341 2975 ut
366 2914 521 2996 quicquid
543 2916 609 2996 ipse
633 2918 690 2978 ille
712 2918 751 2978 de
776 2920 842 3001 ipsa
862 2929 947 2982 terra
974 2921 1066 2982 iidie
1089 2923 1234 3002 praesente
1250 2911 1279 2968 ls-

227 3016 301 3058 cere
322 2995 472 3074 voluerit,
495 2997 628 3058 liberam
641 3009 674 3060 ct
691 2999 901 3064 firmissimam
921 3004 955 3064 in
979 3004 1127 3064 omnibus
1143 2997 1279 3074 habeatps·

226 3085 373 3141 testatem
393 3078 543 3142 faciendi.
582 3081 623 3141 Et
650 3091 784 3143 caetera.

553 3207 736 3270 Traditoria
756 3209 795 3271 de
817 3211 1001 3276 venditione.

309 3319 386 3387 XX.
427 3319 547 3382 Notitia
576 3322 717 3403 qualiter
744 3333 777 3384 et
798 3326 915 3407 quibus
945 3325 1161 3409 praesentibus
1185 3317 1280 3382 veniens

135 3427 141 3438 ·
227 3406 324 3468 homo
346 3402 464 3485 aliquis
486 3403 618 3465 nomine
641 3405 698 3465 ille
722 3407 835 3468 Missus
868 3409 1011 3470 inlustris
1032 3410 1094 3472 viri
1118 3407 1195 3470 illias
1214 3412 1279 3476 super

226 3486 326 3550 fluvio
348 3485 418 3561 illo,
441 3484 475 3542 in
498 3486 572 3545 loco
595 3487 682 3567 quod
705 3488 908 3569 diciturille,
935 3493 975 3552 ad
998 3492 1056 3553 illo
1079 3509 1179 3552 manso
1201 3481 1239 3542 vel
1254 3476 1279 3532 il·

228 3570 261 3631 la
284 3577 370 3630 terra
396 3587 492 3647 quarn
512 3567 570 3628 ille
590 3567 686 3628 homo
708 3569 893 3634 hominibus
926 3573 991 3636 illis
1018 3574 1163 3636 antelios
1186 3565 1237 3626 dies
1253 3553 1278 3613 nl

229 3672 302 3713 case
323 3648 433 3711 Sancti
461 3648 550 3709 illius
577 3650 723 3731 pagensis
748 3675 806 3736 per
829 3655 971 3716 chartam
1004 3656 1150 3718 cessionis
1175 3641 1277 3731 partibus

227 3732 328 3816 ipsius
355 3731 444 3791 illius
464 3751 522 3812 per
544 3730 628 3792 illud
652 3733 767 3794 ostium
785 3737 838 3797 vel
859 3738 1018 3798 anaticula
1036 3739 1075 3799 de
1100 3739 1159 3818 ipsa
1175 3749 1229 3790 casa
1241 3735 1278 3802 per

226 3814 328 3877 herba
348 3813 402 3872 vel
423 3821 509 3872 terra
530 3811 569 3872 de
595 3812 664 3907 ipso
689 3837 810 3894 manso,
832 3821 884 3880 vel
907 3820 1062 3903 quicquid
1088 3821 1125 3880 ad
1142 3817 1200 3896 ipso
1216 3821 1277 3866 man-

228 3919 264 3959 so
286 3893 412 3979 aspicit,
434 3893 517 3955 sicut
543 3895 578 3953 in
606 3917 674 3979 1psa
702 3900 845 3960 cessione
870 3910 917 3962 est
938 3902 1108 3979 insertum,
1138 3897 1172 3958 ad
1192 3895 1277 3974 pasl?m

227 3978 330 4061 ipsius
359 3975 524 4038 Ecclesiae
549 3977 635 4039 visus
668 3978 731 4043 fuit
756 3981 925 4046 tradidisse
948 3985 1002 4047 vel
1022 3982 1217 4063 'consignasse
1252 3960 1275 4020 ll

229 4069 306 4127 sunt
326 4058 445 4142 quihus
467 4058 705 4142 praesentibus.¹
