2786 4980
259 290 291 344 a
310 289 421 346 cns..
499 287 628 344 neuun
645 287 866 345 rmncosun
969 285 1031 360 ως.
1170 273 1217 349 33

108 438 200 490 uum
227 439 259 492 et
278 429 404 510 Regum
420 428 511 491 inter
526 447 582 506 se,
603 427 732 508 etquod
750 426 914 490 verissimo
934 435 968 488 et
989 449 1055 491 non
1075 430 1150 493 ficto
1165 455 1220 495 ca·

107 513 218 572 ritatis
232 513 367 574 vinculo
386 511 454 572 sint
469 509 577 586 uniti,
599 520 631 572 et
646 519 680 570 ut
699 510 810 573 nullus
825 508 979 593 deinceps
996 515 1221 578 scandalorum

107 594 200 655 inter
215 617 269 657 eos
287 594 477 657 occasiones
496 613 604 654 serere
628 592 733 673 possit.
979 661 982 672 Ι

193 677 239 737 ll.
281 680 326 738 Ut
347 676 412 756 ipsi
432 685 544 736 mutuo
558 673 617 734 sibi
631 673 845 750 auxilientur,
869 683 901 735 et
919 684 1030 736 contra
1045 675 1105 738 Dci
1127 700 1224 739 sanc-

106 750 228 838 taeque
247 759 419 823 Ecclesiae
434 781 469 820 ac
488 779 560 818 suos
573 755 735 834 inimicos,
756 757 935 819 secundum
950 761 1222 842 opportunitatem

107 841 288 923 temporis,
310 841 456 902 inuicem
473 839 633 899 adiuvent.

125 996 130 1004 ¹
195 923 262 988 lll.
303 927 350 983 Ut
367 945 461 984 nemo
481 943 538 1004 per
559 919 732 1001 quamlibet
749 921 956 1002 cupiditatem
972 922 1059 1004 leges
1072 925 1161 1006 pacis
1185 925 1219 986 in

112 1004 295 1066 cuiuslibet
312 1024 425 1065 eorum
440 1025 539 1086 regno
555 1004 736 1063 convellere
760 1007 1055 1084 praesumathod
1070 1007 1096 1068 si
1114 1010 1220 1069 lacere

114 1088 389 1169 praesumpserit,
412 1107 610 1146 communem
626 1085 666 1144 ab
683 1082 729 1144 eis
745 1084 902 1147 ultionem
922 1085 1079 1153 incurrat.

199 1167 259 1230 lV.
303 1171 346 1228 Ut
361 1169 522 1230 Ecclesiae
541 1165 661 1228 Christi
681 1185 739 1248 per
752 1188 846 1228 omne
863 1190 975 1229 eornm
990 1190 1125 1248 regnum
1143 1170 1224 1252 prisc

116 1250 218 1311 tinam
239 1250 428 1332 dignitatem
443 1249 663 1329 honoremque
679 1247 857 1322 retineant,
884 1260 917 1311 et
932 1251 1090 1332 quicquid
1115 1272 1224 1331 super·

115 1333 186 1394 stite
207 1335 335 1392 Domno
352 1333 558 1394 Hladouvico
583 1331 780 1413 lmperatore
807 1331 877 1394 iure
902 1334 1049 1416 legitimo
1071 1335 1224 1418 possede-

114 1422 204 1490 runt,
226 1415 346 1494 absque
368 1415 436 1474 ulla
455 1412 678 1476 deminutione
699 1412 866 1493 recipiant.

196 1493 235 1562 V,
279 1499 322 1556 Ut
338 1496 479 1577 singulis
509 1517 621 1557 eorum
646 1494 794 1556 fidelibus
821 1496 894 1557 talis
924 1497 979 1558 lex
1013 1506 1225 1559 conservetur

112 1579 245 1660 qualem
262 1580 465 1661 temporibus
479 1577 624 1660 priorum
641 1578 787 1660 Regum,
810 1589 844 1640 et
858 1580 1030 1661 praecipue
1048 1581 1099 1641 asi
1113 1579 1226 1660 patris·

112 1682 178 1741 que
202 1681 336 1736 eorum,
357 1660 508 1722 habuisse
522 1668 719 1738 noscuntur,
741 1659 770 1720 si
789 1668 894 1722 manen
919 1662 1032 1745 stipsi
1057 1662 1225 1747 pristinum

115 1743 217 1804 tidem
235 1753 311 1824 erga
329 1743 412 1824 ipsos
433 1752 635 1806 conservent.

201 1823 262 1884 Vl.
304 1826 347 1883 Ut
366 1825 494 1906 rapinae
517 1831 550 1885 et
568 1822 852 1906 depraedationes,
874 1844 956 1904 quae
973 1826 1064 1906 qnasi
1091 1826 1161 1886 iure
1180 1825 1226 1888 le·
1257 1841 1262 1850 ¹

119 1905 233 1988 gitimo
248 1905 404 1968 hactenns
420 1910 521 1968 sactae
544 1916 637 1984 sunt,
658 1907 789 1988 penitus
809 1905 1056 1982 interdicantur,
1078 1919 1111 1970 ct
1130 1929 1224 1970 nemo

117 2011 154 2050 se
176 1987 307 2068 impune
329 1999 400 2070 post
418 1989 498 2050 haec
514 2009 565 2048 eas
583 2009 788 2070 praesumere
811 2009 902 2065 posse
921 1989 1068 2051 confidat.

204 2059 278 2130 Vll.
320 2069 1226 2154 UtinsingulispartibusregniMissiidoneiconstituan·

110 2163 186 2230 tur,
221 2150 279 2233 qui
309 2149 460 2234 querelas
474 2174 653 2234 pauperum
676 2163 709 2214 et
727 2152 948 2236 oppressiones
971 2154 1040 2216 sive
1067 2177 1225 2236 quorum·

109 2256 247 2316 cunque
263 2255 372 2294 causas
386 2235 590 2312 examinare,
612 2243 644 2294 et
656 2237 835 2296 secundnm
851 2234 932 2316 legis
952 2237 1155 2317 aequitatem,
1175 2261 1225 2299 va-

107 2319 207 2378 leant
226 2316 373 2377 delinire.
413 2319 456 2378 Et
481 2317 507 2377 si
536 2316 575 2376 ab
601 2338 667 2377 uno
699 2319 731 2378 in
759 2317 849 2379 alind
876 2338 1013 2398 regnum
1041 2319 1223 2382 huiusmodi

107 2409 373 2486 praesumptores
392 2399 618 2480 confugerint,
643 2399 686 2459 ibi
703 2399 851 2461 similiter
872 2401 1104 2480 opprimantur.

201 2481 296 2546 VlIl.
338 2481 382 2540 Ut
399 2482 509 2542 nullus
526 2480 559 2539 in
577 2482 664 2541 omni
680 2503 792 2543 eorum
809 2501 910 2560 regno
930 2483 1082 2563 deinceps
1098 2493 1224 2566 raptum

107 2565 224 2625 facere
240 2573 432 2646 praesumat.
473 2563 539 2624 hut
560 2563 586 2624 si
608 2565 739 2642 fecerit,
762 2563 911 2645 legaliter
927 2566 1090 2643 puniatur.

199 2647 264 2708 lX.
305 2647 346 2704 Ut
355 2645 479 2726 Regum
497 2645 556 2704 lilii
576 2645 751 2726 legitimam
767 2643 981 2706 hereditatem
999 2645 1092 2725 regni
1106 2667 1225 2706 secun-

110 2729 197 2790 dum
218 2727 365 2790 dcfinitas
381 2728 540 2809 praesenti
560 2737 703 2808 tempore
718 2728 885 2812 portiones
896 2736 967 2807 post
982 2748 1036 2787 eos
1052 2728 1224 2801 retineant,-

109 2820 150 2872 et
172 2810 236 2870 hoc
253 2810 442 2890 quicunqne
459 2831 499 2870 ex
520 2808 570 2870 his
588 2810 740 2872 fratribus
756 2817 915 2892 superstes
932 2809 1088 2870 iratribus·
1104 2811 1223 2888 fuerit,

106 2895 314 2974 consentiat,
336 2892 362 2952 si
376 2901 482 2953 tamen
495 2891 554 2974 ipsi
571 2899 704 2975 nepotes
719 2892 840 2977 patruis
857 2889 1043 2953 obedientes
1060 2913 1127 2954 esse
1144 2915 1223 2954 con-

103 2974 289 3039 senserint.

202 3056 245 3117 X.
288 3059 330 3117 Ut
351 3055 446 3138 legati
470 3055 511 3115 ad
527 3058 652 3134 Ducem
673 3055 855 3138 Brittonnm
885 3053 1071 3134 mittantur,
1100 3058 1219 3140 quide

105 3139 284 3202 communi
298 3159 372 3220 erga
386 3161 439 3198 eos
460 3137 681 3199 bbservatione
708 3139 795 3220 pacis
809 3159 884 3199 eum
908 3135 1142 3204 commoneant.

202 3251 265 3314 Xl.
306 3255 349 3312 Ut
364 3251 512 3313 similiter
526 3251 566 3312 ad
582 3253 702 3332 Regem
716 3251 996 3314 Nordmannorurn
1022 3254 1119 3335 legati
1144 3259 1220 3320 mit-

105 3346 252 3413 tantur,
275 3335 331 3414 qui
348 3356 421 3395 eum
437 3343 657 3395 contestentur
673 3334 759 3414 quod
776 3343 830 3393 ant
845 3356 955 3415 pacem
969 3355 1098 3398 serrare
1111 3341 1221 3403 stude·

106 3421 187 3498 bit,
212 3427 268 3478 ant
283 3417 497 3480 communiter
517 3438 570 3478 eos
587 3415 730 3477 infensos
751 3415 891 3482 habebit,
1171 3421 1174 3426 “

377 3525 598 3584 Annunrrsrro
640 3544 740 3582 noum
781 3522 971 3584 Hsorntnn.

202 3632 302 3696 Nobis
318 3643 349 3693 et
367 3631 517 3692 fratribus
533 3630 647 3691 nostris
662 3630 768 3691 visum
791 3628 855 3688 fuit
872 3638 908 3688 ut
924 3630 965 3691 ad
984 3631 1047 3692 Dei
1070 3632 1222 3695 volunta-

109 3730 186 3782 tem
196 3716 414 3798 quaerendam
433 3713 572 3794 qualiter
584 3722 692 3773 sancta
708 3710 853 3772 Ecclesia
867 3723 1055 3792 recuperata
1072 3735 1139 3776 esse
1153 3738 1224 3797 pos·
1240 3789 1242 3792 Ι

113 3803 178 3877 sit,
202 3809 236 3858 et
252 3819 363 3878 pacem
381 3804 412 3856 ct
429 3817 486 3855 nos
507 3817 542 3854 ac
565 3817 621 3856 vos
637 3805 668 3854 et
686 3794 745 3854 iste
769 3793 906 3875 populus
935 3794 1136 3858 Christianus
1164 3797 1224 3857 ha-

112 3885 197 3944 bere
221 3879 401 3963 possimus,
424 3899 480 3939 nos
493 3877 587 3938 simul
604 3877 897 3956 coniungercmus,
925 3876 1007 3936 sicut
1028 3897 1116 3939 nurrc
1144 3881 1226 3942 feci-

115 3988 210 4040 mns,
233 3961 326 4024 etsie
341 3961 438 4021 simus
462 3959 547 4018 inter
567 3981 624 4028 nos
642 3958 725 4018 sicut
737 3960 851 4019 fratres
869 3968 1065 4038 perrectum
1087 3983 1154 4022 esse
1168 3965 1227 4023 de÷
1252 3967 1254 3972 ’

115 4049 209 4108 bent.
250 4047 294 4108 Et
314 4051 478 4124 procerte
498 4042 581 4102 illud
601 4041 717 4118 sciatis,
733 4041 808 4121 quia
826 4039 940 4123 gratias
957 4042 1027 4101 Deo
1046 4041 1091 4101 sic
1117 4066 1227 4119 sumus

121 4139 157 4191 et
177 4130 223 4189 sic
239 4147 429 4210 permanere
446 4123 616 4184 adiuvante
634 4126 704 4184 Deo
724 4125 832 4203 inante
852 4123 1020 4197 volumus,
1043 4125 1127 4200 etin
1148 4147 1228 4188 con-

121 4211 198 4272 silio
215 4221 248 4272 et
269 4210 303 4268 in
321 4207 441 4269 auxilio
468 4207 690 4290 unusquisque
725 4228 800 4290 erga
830 4205 968 4296 alterum
991 4207 1093 4292 parati
1117 4233 1229 4296 (snmus

911 4324 935 4393 3
