2658 4978
175 295 224 370 tit
377 312 411 364 s.
437 309 525 368 cna.
631 307 889 368 eustratium
1000 315 1063 372 sss.

176 455 340 519 nationem
370 457 510 512 vestram
541 448 733 529 incongruas
758 447 983 531 exquiramus,
1006 453 1063 514 sed
1087 461 1123 514 at
1144 453 1260 517 eviden-

173 541 238 601 tius
256 557 316 620 pro
335 532 488 615 qualitate
506 531 607 591 nostri
624 532 795 594 ministerii
813 530 912 612 quid,
935 545 1070 618 excepta
1093 535 1194 598 debita
1207 537 1261 600 fide

174 629 207 684 et
222 615 453 691 beneficentia,
479 614 570 674 nobis
600 613 634 673 in
662 615 760 674 fratre
783 624 889 674 vestro
911 617 1129 678 reverendum
1151 621 1190 680 sit
1213 621 1261 680 de-

173 711 395 764 monstremus.
416 698 529 756 Talem
547 716 662 778 nempe
684 695 740 757 vos
757 695 908 756 debemus
926 708 959 759 et
971 699 1120 761 volumus
1132 701 1261 778 credere,

173 796 210 847 ut
235 805 295 844 nee
312 803 367 842 vos
385 778 701 860 regniaugmentum
718 800 790 838 cum
809 779 931 840 animae
961 791 1086 842 vestrae
1106 783 1262 843 detrimen-

172 878 207 930 to
227 863 333 928 velitis
349 862 490 937 habere,
513 881 619 942 neque
643 882 700 920 nos
718 883 790 921 cum
807 860 863 920 tali
877 861 1035 924 dedecore
1058 865 1099 925 ad
1120 865 1262 926 adiutori-

173 972 229 1010 um
246 944 454 1009 ecclesiastici
470 943 637 1024 regiminis
657 953 688 1002 et
711 943 953 1026 gubernationis
971 947 1134 1027 recipere,
1156 956 1191 1006 ut
1203 947 1261 1007 sine

173 1028 352 1095 sacerdotio
369 1027 483 1096 simus;
506 1046 571 1107 quo
607 1025 723 1106 privati
756 1026 897 1103 erimus,
919 1027 946 1088 si
977 1039 1090 1088 contra
1117 1031 1216 1090 Deum
1235 1037 1261 1088 et

172 1112 306 1177 rationis
325 1109 549 1169 auctoritatem
567 1129 624 1168 nos
641 1106 866 1188 Ecclesiasque
884 1118 1006 1172 nostras
1034 1110 1126 1173 vobis
1149 1111 1261 1172 studue-

172 1197 272 1257 rimus
290 1191 500 1255 committere.
541 1190 706 1250 Ecclesiae
723 1190 882 1270 siquidem
898 1192 990 1252 nobis
1006 1193 1110 1254 dDeo
1129 1193 1260 1252 commis-

173 1302 225 1341 sae
250 1297 314 1337 non
339 1274 414 1333 talia
431 1282 506 1333 sunt
520 1272 694 1347 beneficia,
714 1281 747 1332 et
762 1272 948 1333 huiusmodi
966 1273 1064 1356 Regis
1079 1275 1259 1356 proprietas,

172 1372 282 1444 utpro
311 1357 404 1419 libitu
430 1377 487 1416 suo
518 1353 702 1420 inconsulte
733 1354 804 1413 illas
833 1355 934 1436 possit
952 1356 1028 1416 dare
1059 1357 1114 1420 vel
1145 1355 1259 1418 tollere:

172 1442 326 1526 quoniam
343 1437 449 1499 omnia
463 1459 545 1518 quae
568 1436 731 1510 Ecclesiae
753 1444 850 1513 sunt,
872 1439 942 1496 Deo
972 1447 1158 1500 consecrata
1188 1447 1258 1502 sunt.

172 1526 266 1587 Unde
281 1522 337 1604 qui
358 1521 523 1582 Ecclesiae
548 1519 671 1600 aliquid
689 1517 857 1578 fraudatur
870 1530 925 1579 aut
942 1521 1049 1598 tollit,
1072 1519 1258 1600 sacrilegium

171 1607 349 1670 secundum
372 1613 513 1665 sanctam
533 1601 721 1683 scripturam
740 1602 846 1660 facere
869 1603 1022 1663 noscitur.
1064 1603 1107 1664 Et
1123 1601 1259 1683 nosEpis·

171 1691 244 1772 copi
275 1687 414 1752 Domino
443 1683 638 1760 consecrati,
669 1703 859 1744 nonsumus
880 1683 1258 1759 huiusmodihominesut

76 1780 79 1786 '
171 1773 255 1835 sicut
274 1769 422 1828 homines
438 1767 597 1827 seculares
616 1766 648 1824 in
665 1765 865 1826 vassallatico
879 1765 1051 1828 debeamus
1069 1788 1126 1828 nos
1143 1764 1258 1826 cuilibet
1320 1821 1321 1840 ,

171 1852 415 1924 commendare,
434 1849 490 1910 sed
505 1849 545 1908 ad
563 1848 787 1909 defensionem
803 1855 835 1906 et
849 1848 889 1908 ad
903 1849 1101 1910 adiutorium
1122 1847 1259 1930 guberna·

171 1937 268 1999 tionis
278 1934 310 1992 in
325 1931 541 1992 ecclesiastico
559 1931 716 2011 regimine
734 1931 1028 2012 nosEeclesiasque
1049 1941 1169 1994 nostras
1183 1951 1258 1990 com·

171 2021 316 2092 mittere,
339 2023 394 2076 aut
411 2013 581 2074 iurationis
599 2021 850 2090 sacramentum,
884 2014 973 2094 quod
1003 2035 1063 2074 nos
1091 2013 1258 2094 evangelica

172 2113 204 2164 et
219 2097 392 2183 apostolica
411 2105 507 2177 atque
527 2095 683 2156 canoniea
698 2097 869 2155 auctoritas
885 2104 988 2172 vetat,
1011 2097 1180 2158 debeamus
1193 2115 1256 2175 quo·

171 2179 348 2268 quomodo
370 2179 485 2242 facere.
527 2179 642 2238 Manus
669 2177 757 2238 enim
783 2178 952 2238 chrismate
980 2201 1072 2240 sacro
1102 2187 1255 2260 peruncta,

169 2286 254 2350 quae
273 2264 313 2325 de
334 2282 416 2344 pane
435 2270 467 2324 et
485 2259 563 2321 rino
586 2280 669 2339 aqua
694 2259 795 2319 mixto
816 2280 876 2342 per
907 2259 1087 2322 orationem
1109 2268 1141 2320 et
1166 2256 1254 2320 crucis

170 2344 442 2433 signumconficit
472 2363 588 2423 corpas
619 2350 652 2401 et
675 2341 795 2402 Christi
823 2342 989 2423 sanguinis
1016 2349 1253 2412 sacramentum,

169 2429 384 2494 abominabile
400 2435 465 2502 est,
487 2422 644 2506 quicquid
663 2435 736 2484 ante
749 2424 985 2485 ordinationem
1001 2425 1129 2501 fecerit,
1150 2429 1252 2508 etpost

170 2513 408 2576 ordinationem
426 2507 625 2590 episcopatus
643 2507 786 2567 seculare
808 2515 917 2588 tangat
951 2508 1019 2568 ullo
1043 2508 1138 2584 inodo
1162 2525 1251 2565 sacra-

168 2607 323 2660 mentum.
365 2593 407 2652 Et
427 2592 538 2672 lingua
552 2589 719 2670 Episcopi,
742 2591 924 2669 quaefacta
948 2601 996 2651 est
1023 2611 1084 2671 per
1103 2587 1162 2649 Dei
1191 2607 1251 2666 gra·

167 2681 245 2745 tiam
265 2675 364 2739 clavis
379 2672 480 2749 coeli,
503 2672 662 2731 nefarium
680 2682 726 2730 est
747 2680 782 2730 ut
795 2671 880 2732 sient
898 2673 1052 2733 secularis
1068 2669 1200 2754 quilibet
1211 2687 1251 2726 su·

167 2785 227 2847 per
243 2783 330 2823 sacra
344 2758 430 2817 iuret
444 2755 478 2813 in
494 2753 627 2840 nornine¹
647 2753 778 2814 Domini
791 2755 1026 2815 et-Sanctorum
1046 2750 1251 2821 invocatione,

168 2847 231 2907 nisi
247 2847 351 2919 forte,
372 2839 460 2921 quod
474 2837 573 2911 absit,
596 2845 709 2895 contra
729 2856 802 2896 eum
823 2837 1009 2898 scandalum
1029 2836 1181 2896 acciderit
1199 2833 1252 2892 Ec·

169 2927 286 3000 clesiae
300 2944 390 2991 suae3
417 2930 448 2980 et
463 2919 538 2979 inde
552 2918 597 2978 sic
614 2927 833 2998 temperanter
855 2930 924 3001 agat
940 2921 1025 2980 sicut
1040 2918 1178 2980 Domino
1203 2912 1251 2972 do-

168 3019 263 3072 cente
281 3004 518 3068 constituerunt
539 3003 691 3060 Rectores
708 3001 871 3062 Ecclesiae
889 3002 1037 3084 synodali
1050 2999 1192 3062 consilio.
1217 2993 1252 3052 El

167 3094 194 3155 si
216 3087 392 3171 aliquando
409 3091 605 3144 sacramenta
619 3082 657 3141 ab
676 3082 842 3165 Episcopis
866 3095 976 3144 exacta
1007 3093 1060 3143 aut
1086 3085 1166 3143 facta
1190 3080 1249 3138 l'uss·

167 3183 262 3247 runt,
284 3168 517 3232 contraDeum
542 3173 575 3225 et
598 3165 828 3226 ecclesiasticas
856 3168 1003 3248 regulas,
1032 3187 1114 3246 qnae
1144 3159 1250 3244 Spiritu

168 3251 277 3319 satiato
306 3251 441 3312 dictatae
457 3257 490 3307 et
506 3247 627 3307 Christi
651 3257 727 3307 sunt
748 3248 903 3329 sanguine
927 3250 1148 3324 confirmatae,
1175 3240 1250 3303 irrita

168 3346 295 3400 sanctae
319 3333 495 3413 scripturae
527 3329 651 3410 paginis
671 3323 891 3408 declarantur,
915 3342 948 3392 et
979 3331 1143 3412 erigentes
1170 3335 1249 3404 atque

167 3421 322 3482 facientes
338 3413 571 3474 medicamento
584 3411 701 3471 exinde
715 3413 862 3474 salutaris
876 3412 1095 3495 poenitentiae
1112 3409 1250 3485 indigent-

168 3505 342 3584 Propterea
358 3505 523 3576 expectate
542 3495 691 3569 Domine,
712 3496 873 3576 patienter
891 3495 974 3556 sicut
992 3495 1144 3576 Princeps
1160 3484 1250 3552 Chris-

168 3586 275 3648 tianus
292 3593 324 3642 et
336 3577 500 3642 Ecclesiae
525 3576 629 3651 filius,
652 3587 683 3638 et
696 3577 852 3638 honorate
870 3578 1033 3639 Ecclesiae
1048 3572 1249 3638 sanctaeRec·

168 3678 272 3737 tores3
295 3674 332 3726 ut
347 3685 403 3724 vos
427 3653 564 3720 hono'ret
585 3659 641 3740 qui
665 3660 756 3720 nobis
772 3660 873 3720 dixit:
910 3662 972 3742 (lui
992 3680 1052 3720 vos
1082 3657 1184 3726 audit,
1210 3666 1248 3710 me
1318 3657 1319 3700 ἴ

171 3750 280 3817 nudit;
301 3759 331 3806 ct
352 3747 408 3826 qui
432 3765 491 3802 nos
513 3743 650 3822 spernit,
674 3763 720 3800 me
744 3743 873 3826 spernit.
914 3743 973 3802 Et:
995 3743 1192 3802 Honorantes
1210 3747 1248 3790 me

172 3831 352 3896 honorabo;
373 3839 403 3884 et
421 3827 455 3884 bi
477 3827 531 3908 qui
549 3836 688 3882 teninunt
709 3845 775 3900 mc,
801 3837 893 3883 erunt
921 3824 1081 3902 ignobiles.
1122 3823 1178 3882 Et:
1200 3810 1250 3892 (llll

171 3937 230 3978 vos
256 3913 372 3990 tetigit,
397 3909 495 3986 tangit
508 3905 662 3988 papillam
679 3907 762 3965 oculi
774 3907 844 3970 orci.
885 3907 926 3966 Et
945 3907 977 3964 in
999 3906 1139 3966 Psalmo:
1160 3896 1250 3962 Nolilt

172 4015 298 4079 tangere
319 3992 460 4052 Christos
480 4010 564 4051 nicos
572 4031 583 4058 ,
607 4001 636 4048 et
653 3988 685 4047 in
696 3989 861 4070 Prophetis
878 3989 955 4047 oreis
967 3989 1065 4048 nolite
1082 3977 1249 4068 ritalignar{;

173 4080 327 4164 quoniam
349 4075 402 4156 qui
420 4073 649 4149 naali'gnantur,
682 4070 714 4130 id
745 4079 791 4130 est
811 4069 949 4148 maligna
969 4077 1086 4152 agunt,
1116 4077 1249 4128 extermi-

174 4167 345 4226 nabuntur:
378 4159 683 4215 stistinentesautcnz
703 4154 874 4212 Dominum
888 4154 952 4234 ipsi
972 4151 1184 4212 hereditabunt
1196 4153 1248 4200 ter-

175 4267 262 4317 ram,
284 4243 346 4303 hoc
362 4247 425 4316 est,
445 4257 583 4319 rognum
599 4233 669 4300 Dei.
712 4235 846 4298 Etcum
867 4234 995 4300 venerit
1011 4245 1135 4318 tempus
1160 4235 1188 4290 et
1208 4222 1248 4280 lo·
