2658 4978
205 325 238 380 s.
263 321 342 380 cnr.
449 317 577 376 menn
605 314 830 378 ramessen
947 320 1007 380 eoo.
1081 304 1151 378 109

95 467 202 534 dauvino
218 464 362 524 iurarent
377 459 414 523 nt'
430 459 460 522 ei
479 457 673 530 adiutorium
696 455 822 522 ferrent
849 458 991 544 qualiter
1017 455 1152 548 regnum

93 572 174 614 neum
196 555 308 611 contrn
320 564 372 604 me
393 541 537 605 obtinere
553 541 717 624 potuisset.
756 541 799 603 Et
812 562 877 606 non
892 543 997 605 solnm
1016 545 1152 608 consilio

92 632 196 698 Wenilo
220 627 385 703 interfuit,
406 624 462 686 sed
476 633 509 686 et
527 622 596 708 ipse
608 623 671 686 hoc
685 622 772 686 idem
785 623 956 688 consilinm
969 627 1060 688 fratri
1081 645 1154 690 meo

87 711 265 777 Hlndonvico
293 709 404 774 contra
430 728 533 770 meam
556 704 765 784 fidelitatem,
789 724 887 792 qnam
907 707 987 770 mihi
1010 709 1155 794 promisit

86 802 287 868 sacramento,
305 789 445 853 donarit.
1006 809 1009 817 '

152 877 227 941 XII.
264 872 403 946 wenilo,
414 889 473 954 per
484 885 518 935 se
534 879 567 935 et
585 891 643 958 per
660 867 834 936 familiares
845 887 940 950 snos,
954 892 991 936 su
1015 875 1154 940 radietos

83 960 190 1024 scilicet
210 954 513 1034 excommunicatos,
535 954 618 1038 apud
640 955 771 1017 fratrem
790 976 899 1018 meum
915 955 979 1015 Hln
1003 960 1154 1030 enricum

83 1043 207 1104 obtinuit
221 1048 257 1102 nt
275 1035 392 1101 vaenns'
405 1036 603 1122 episcopatus
622 1037 839 1100 Baiocacensis
866 1036 992 1099 scilieet
1014 1041 1152 1106 civitatis

81 1125 245 1208 propinquo
266 1142 324 1182 sno
345 1119 472 1180 Clerico
490 1140 561 1180 meo
586 1118 715 1180 nomine
743 1118 916 1196 Tortoldo,
945 1120 1002 1202 qui
1021 1123 1101 1184 mihi
1120 1146 1154 1188 se

84 1203 322 1278 commendarit,
344 1210 376 1262 et
393 1199 579 1262 fidelitatem
597 1211 795 1274 sacramento
819 1201 987 1283 promisit,
1016 1205 1154 1269 donare-

81 1299 142 1364 tur,
161 1286 214 1370 qni
229 1284 369 1347 eundem
385 1282 600 1367 episcopatum
619 1282 654 1343 in
672 1303 742 1344 mea
761 1282 972 1361 infidelitate,
995 1294 1028 1346 et
1045 1296 1155 1352 contra

82 1369 250 1430 fidelitatem
267 1364 348 1426 mihi
362 1364 556 1450 promissam,
575 1385 736 1428 consensu
749 1362 942 1428 Hlndouvici
955 1367 1062 1434 fratris
1079 1372 1153 1452 mei,

81 1473 144 1514 acce
167 1451 199 1511 it.
847 1489 851 1498 ·

146 1475 242 1596 IilllI.
280 1527 429 1592 Tandem
449 1537 613 1612 postquam
633 1525 713 1589 milri
734 1532 822 1592 Dens
844 1528 928 1594 vires
941 1536 1154 1617 recuperandi

81 1615 135 1678 mei
147 1638 198 1699 per
216 1614 362 1676 solatium
377 1609 522 1672 fidelium
535 1631 678 1672 meorum
698 1622 808 1673 contro
823 1613 953 1676 fratrem
969 1637 1074 1679 meum
1095 1619 1153 1679 do·

81 1698 183 1775 navit„
194 1695 321 1780 perrexi
343 1713 443 1777 prope
460 1692 499 1752 de
517 1693 647 1754 civitate
665 1694 867 1772 Wenilonis,
889 1696 947 1776 qni
969 1719 1019 1760 me
1041 1709 1149 1762 contra

81 1782 196 1840 fratrem
216 1799 323 1839 meum
343 1776 383 1841 ad
397 1776 651 1857 recuperandum
665 1797 801 1859 regnum
821 1797 927 1839 meum
945 1801 1079 1863 pergere
1094 1782 1153 1844 sci·

82 1862 138 1938 vit,
158 1859 329 1924 etnullnm
344 1856 538 1918 adiutorium
554 1858 606 1919 vel
623 1879 683 1942 per
701 1879 752 1936 se,
774 1859 929 1941 promisso
943 1881 979 1924 ae
998 1864 1154 1947 subscrip-

81 1954 109 2002 to
127 1942 273 2018 consilio,
292 1939 345 2003 vel
365 1959 425 2022 per
444 1939 606 2018 militiam,
634 1961 716 2022 qnae
745 1961 786 2002 ex
808 1940 953 2002 Ecclesia
978 1944 1038 2008 sibi
1067 1967 1153 2009 eom·

81 2024 162 2087 inissa
173 2025 255 2088 solet
267 2021 374 2099 exire,
395 2018 588 2084 adiutorium
608 2023 738 2107 aliquod
753 2023 917 2107 praestitit.
1006 2079 1009 2090 ,

163 2167 180 2208 ³
268 2187 941 2271 rrrnnnsxxxr.

184 2317 217 2380 11!
244 2337 381 2378 nesteros
412 2333 517 2377 SANCTI
540 2335 688 2376 meroris
716 2335 795 2378 APUD
818 2338 1038 2384 consumme.

82 2433 246 2529 Depone
272 2433 368 2504 inter
390 2430 576 2502 Karolnm
600 2446 634 2502 et
658 2433 956 2518 Hludonvienm;
990 2437 1036 2510 de
1069 2445 1153 2533 qui..

243 2529 400 2602 busdam
423 2527 640 2602 criminibus
665 2531 972 2625 constringendis.

354 2659 573 2724 Annonrrsrro
595 2677 694 2721 nonni
715 2658 848 2724 Kanonr.
929 2689 931 2698 ν

80 2771 152 2894 Vos
168 2829 256 2896 scitis
275 2833 435 2917 quomodo
459 2831 616 2916 aliquanti
638 2829 796 2908 homines,
813 2831 920 2894 minus
940 2851 1033 2917 qnam
1048 2853 1156 2897 ncces·

79 2915 216 2975 soluerat
230 2919 337 2976 Deum
350 2915 510 2994 timentes,
522 2925 664 2976 nostrum
676 2916 806 2974 fratrem
818 2915 1065 2996 Hludouvicnm,
1074 2939 1153 3000 qna-

78 2995 101 3054 si
119 2997 172 3056 snb
187 2998 272 3058 bona
296 2997 494 3075 intentione,
514 2997 576 3058 hoc
602 3018 685 3056 anno
700 2995 956 3061 sollicitaverunt
973 3008 1009 3059 ut
1027 2999 1060 3058 in
1081 3021 1155 3081 reg·

80 3095 149 3137 num
168 3090 311 3140 nostrum
327 3079 434 3140 taliter
452 3080 576 3140 veniret
592 3079 673 3140 sicut
693 3077 751 3160 ipsi
774 3078 879 3140 scitis:
901 3082 988 3143 unde
1004 3085 1155 3144 nosDcus

80 3166 108 3217 et
127 3169 226 3232 vestra
251 3161 386 3223 fidelitas
416 3162 461 3222 sic
485 3161 649 3222 adiuvavit
672 3160 756 3222 sicut
783 3169 814 3223 et
842 3161 924 3224 bene
955 3166 1154 3246 cognoscitis.

79 3239 146 3300 Post
165 3241 225 3302 hoe
240 3242 414 3320 laboravit,
435 3243 604 3305 adiuvante
622 3243 782 3319 Domino,
805 3244 863 3303 iste
892 3244 1071 3308 carissimus
1095 3269 1153 3309 ne-

79 3341 129 3399 pos
149 3334 254 3384 noster
275 3334 308 3385 ut
322 3325 407 3386 inter
424 3339 486 3386 nos·
504 3345 565 3406 pax
589 3322 690 3399 fieret,
712 3321 795 3384 sicut
817 3345 875 3406 per
887 3337 1011 3404 rectum
1025 3330 1155 3390 essede-

78 3402 145 3481 bet,
165 3415 195 3466 et
215 3415 250 3465 ut
266 3407 468 3468 monentibus
488 3406 653 3489 Episcopis
669 3407 708 3465 ad
727 3405 816 3464 illam
842 3409 1005 3470 caritatem
1033 3421 1066 3472 et
1088 3413 1155 3472 fra·

79 3491 193 3546 ternam.
202 3489 404 3549 concordiam
421 3489 564 3565 rediret,
586 3489 654 3549 sine
672 3509 734 3568 qna
756 3485 865 3548 nullus
881 3489 1082 3554 Christianus
1096 3492 1155 3552 sal-

80 3586 211 3629 insesso
233 3591 300 3631 non
315 3579 430 3652 potest.
469 3572 643 3666 Propterea
659 3568 833 3629 transmisit
847 3567 886 3628 ad
906 3591 962 3633 nos
982 3594 1056 3634 snos
1076 3573 1157 3634 Mis-

79 3668 140 3725 sos,
157 3661 187 3711 et
202 3651 365 3714 mandavit
387 3651 478 3713 nohis
494 3673 632 3734 primum
651 3650 714 3710 tale
735 3647 928 3712 missaticum
951 3655 1040 3734 qnod
1062 3655 1156 3715 nobis

80 3727 258 3812 impossibile
278 3734 466 3796 visumfnit.
508 3733 635 3794 Deinde
659 3732 734 3814 quia
761 3732 843 3792 illud
866 3733 1059 3799 missaticum
1089 3757 1153 3803 nou

80 3814 277 3898 suscepimus,
311 3816 401 3876 eliud
431 3815 625 3876 missaticum
654 3814 745 3875 nobis
782 3814 832 3874 sni
864 3815 953 3876 Missi
982 3817 1152 3882 dixerunt:

78 3889 164 3971 quod,
177 3897 252 3978 quia
267 3905 299 3957 et
311 3898 489 3959 secundnm
502 3898 605 3956 Deum
620 3896 746 3962 salubre
767 3907 799 3956 el
817 3897 995 3969 secundnm
1007 3903 1154 3963 se'cnlnm

78 3973 145 4065 ptile
160 3978 251 4041 nobis
270 3979 420 4056 ridetur,
442 3979 590 4041 volumus
608 3978 698 4039 nobis
714 3976 797 4039 illud
811 3979 937 4051 dicere;
961 3989 993 4042 et
1016 3983 1043 4058 si
1063 3985 1153 4047 robis

76 4063 111 4113 rte
125 4058 253 4122 sicnt‘et
268 4060 360 4123 nohis
377 4061 519 4138 videtur,
542 4082 614 4121 cnm
634 4069 738 4123 vestro
755 4059 889 4124 consilio
910 4062 1056 4141 volumus
1070 4067 1154 4130 illud

76 4139 224 4224 recipere,
246 4153 300 4220 et,
320 4143 409 4228 qnod
420 4143 507 4209 Deus
528 4142 738 4221 concesserit,
759 4143 798 4203 ad
823 4144 1154 4211 necessarinmellec-

77 4225 133 4282 lum
145 4224 327 4306 perducere.
