<?xml version="1.0" encoding="UTF-8"?>
<!DOCTYPE html PUBLIC "-//W3C//DTD XHTML 1.0 Transitional//EN"
    "http://www.w3.org/TR/xhtml1/DTD/xhtml1-transitional.dtd">
<html xmlns="http://www.w3.org/1999/xhtml" xml:lang="en" lang="en">
 <head>
  <title>
</title>
<meta http-equiv="Content-Type" content="text/html;charset=utf-8" />
  <meta name='ocr-system' content='tesseract 3.04.00' />
  <meta name='ocr-capabilities' content='ocr_page ocr_carea ocr_par ocr_line ocrx_word'/>
</head>
<body>
  <div class='ocr_page' id='page_1' title='image "./corpusiurisgerm01visigoog_0407.png"; bbox 0 0 2752 4994; ppageno 0'>
   <div class='ocr_carea' id='block_1_1' title="bbox 163 306 834 385">
    <p class='ocr_par' dir='ltr' id='par_1_1' title="bbox 163 306 834 385">
     <span class='ocr_line' id='line_1_1' title="bbox 163 306 834 385; baseline 0.01 -10"><span class='ocrx_word' id='word_1_1' title='bbox 163 306 234 385; x_wconf 75' lang='grc'>396</span> <span class='ocrx_word' id='word_1_2' title='bbox 620 319 834 383; x_wconf 75' lang='lat' dir='ltr'>souuerse</span> 
     </span>
    </p>
   </div>
   <div class='ocr_carea' id='block_1_2' title="bbox 294 465 1253 552">
    <p class='ocr_par' dir='ltr' id='par_1_2' title="bbox 294 465 1253 552">
     <span class='ocr_line' id='line_1_2' title="bbox 294 465 1253 552; baseline 0.005 -27"><span class='ocrx_word' id='word_1_3' title='bbox 294 465 392 525; x_wconf 80' lang='lat' dir='ltr'><strong><em>Breve</em></strong></span> <span class='ocrx_word' id='word_1_4' title='bbox 417 479 643 527; x_wconf 80' lang='lat' dir='ltr'>sacramentnm</span> <span class='ocrx_word' id='word_1_5' title='bbox 670 467 837 528; x_wconf 80' lang='lat' dir='ltr'>secundum</span> <span class='ocrx_word' id='word_1_6' title='bbox 859 471 961 552; x_wconf 83' lang='lat' dir='ltr'>iprum</span> <span class='ocrx_word' id='word_1_7' title='bbox 985 467 1142 532; x_wconf 86' lang='lat' dir='ltr'>iudicium.</span> <span class='ocrx_word' id='word_1_8' title='bbox 1249 483 1253 488; x_wconf 85' lang='grc'><strong>’</strong></span> 
     </span>
    </p>
   </div>
   <div class='ocr_carea' id='block_1_3' title="bbox 160 577 1350 1156">
    <p class='ocr_par' dir='ltr' id='par_1_3' title="bbox 160 577 1350 1156">
     <span class='ocr_line' id='line_1_3' title="bbox 244 577 1350 666; baseline 0.004 -26"><span class='ocrx_word' id='word_1_9' title='bbox 244 577 334 640; x_wconf 75' lang='lat' dir='ltr'><strong>XLI.</strong></span> <span class='ocrx_word' id='word_1_10' title='bbox 376 581 478 642; x_wconf 73' lang='lat' dir='ltr'>Breve</span> <span class='ocrx_word' id='word_1_11' title='bbox 503 593 772 644; x_wconf 84' lang='lat' dir='ltr'>sacramentorum</span> <span class='ocrx_word' id='word_1_12' title='bbox 793 587 932 666; x_wconf 81' lang='lat' dir='ltr'>qualiter</span> <span class='ocrx_word' id='word_1_13' title='bbox 960 586 1121 666; x_wconf 81' lang='lat' dir='ltr'>ingressus</span> <span class='ocrx_word' id='word_1_14' title='bbox 1142 593 1187 644; x_wconf 89' lang='lat' dir='ltr'>est</span> <span class='ocrx_word' id='word_1_15' title='bbox 1208 583 1260 644; x_wconf 92' lang='lat' dir='ltr'>ille</span> <span class='ocrx_word' id='word_1_16' title='bbox 1349 601 1350 606; x_wconf 74' lang='grc'>’</span> 
     </span>
     <span class='ocr_line' id='line_1_4' title="bbox 162 661 1260 746; baseline 0.001 -24"><span class='ocrx_word' id='word_1_17' title='bbox 162 662 215 724; x_wconf 89' lang='lat' dir='ltr'>die</span> <span class='ocrx_word' id='word_1_18' title='bbox 239 662 297 722; x_wconf 93' lang='lat' dir='ltr'>illo</span> <span class='ocrx_word' id='word_1_19' title='bbox 322 663 354 720; x_wconf 91' lang='lat' dir='ltr'>in</span> <span class='ocrx_word' id='word_1_20' title='bbox 384 661 455 722; x_wconf 90' lang='lat' dir='ltr'>loco</span> <span class='ocrx_word' id='word_1_21' title='bbox 483 676 690 746; x_wconf 80' lang='lat' dir='ltr'><strong>nuncupante</strong></span> <span class='ocrx_word' id='word_1_22' title='bbox 716 667 793 743; x_wconf 81' lang='lat' dir='ltr'>illo,</span> <span class='ocrx_word' id='word_1_23' title='bbox 820 667 853 726; x_wconf 93' lang='lat' dir='ltr'>in</span> <span class='ocrx_word' id='word_1_24' title='bbox 876 668 1007 728; x_wconf 85' lang='lat' dir='ltr'>basilica</span> <span class='ocrx_word' id='word_1_25' title='bbox 1035 665 1144 726; x_wconf 78' lang='lat' dir='ltr'>Sancti</span> <span class='ocrx_word' id='word_1_26' title='bbox 1167 667 1260 741; x_wconf 87' lang='lat' dir='ltr'>illius,</span> 
     </span>
     <span class='ocr_line' id='line_1_5' title="bbox 161 745 1336 832; baseline 0.003 -28"><span class='ocrx_word' id='word_1_27' title='bbox 161 747 252 806; x_wconf 77' lang='lat' dir='ltr'>iuxta</span> <span class='ocrx_word' id='word_1_28' title='bbox 271 745 360 826; x_wconf 93' lang='lat' dir='ltr'>quod</span> <span class='ocrx_word' id='word_1_29' title='bbox 388 745 545 806; x_wconf 90' lang='lat' dir='ltr'>iudicium</span> <span class='ocrx_word' id='word_1_30' title='bbox 567 769 660 808; x_wconf 89' lang='lat' dir='ltr'>suum</span> <span class='ocrx_word' id='word_1_31' title='bbox 683 748 848 830; x_wconf 90' lang='lat' dir='ltr'>loquitur,</span> <span class='ocrx_word' id='word_1_32' title='bbox 883 751 967 832; x_wconf 91' lang='lat' dir='ltr'>apud</span> <span class='ocrx_word' id='word_1_33' title='bbox 995 747 1142 808; x_wconf 89' lang='lat' dir='ltr'>hominos</span> <span class='ocrx_word' id='word_1_34' title='bbox 1163 756 1261 811; x_wconf 84' lang='lat' dir='ltr'>tantos</span> <span class='ocrx_word' id='word_1_35' title='bbox 1331 745 1336 756; x_wconf 75' lang='grc'>’</span> 
     </span>
     <span class='ocr_line' id='line_1_6' title="bbox 161 829 1261 912; baseline -0.001 -23"><span class='ocrx_word' id='word_1_36' title='bbox 161 850 218 890; x_wconf 86' lang='lat' dir='ltr'>sua</span> <span class='ocrx_word' id='word_1_37' title='bbox 245 849 343 886; x_wconf 88' lang='lat' dir='ltr'>manu</span> <span class='ocrx_word' id='word_1_38' title='bbox 370 835 468 906; x_wconf 89' lang='lat' dir='ltr'>tanta,</span> <span class='ocrx_word' id='word_1_39' title='bbox 492 829 602 910; x_wconf 90' lang='lat' dir='ltr'>positis</span> <span class='ocrx_word' id='word_1_40' title='bbox 628 831 773 890; x_wconf 87' lang='lat' dir='ltr'>manibus</span> <span class='ocrx_word' id='word_1_41' title='bbox 800 853 898 912; x_wconf 89' lang='lat' dir='ltr'>super</span> <span class='ocrx_word' id='word_1_42' title='bbox 921 840 1030 894; x_wconf 84' lang='lat' dir='ltr'>sancto</span> <span class='ocrx_word' id='word_1_43' title='bbox 1057 831 1156 889; x_wconf 88' lang='lat' dir='ltr'>altare</span> <span class='ocrx_word' id='word_1_44' title='bbox 1180 831 1261 888; x_wconf 87' lang='lat' dir='ltr'>iura-</span> 
     </span>
     <span class='ocr_line' id='line_1_7' title="bbox 160 909 1259 974; baseline 0.002 -4"><span class='ocrx_word' id='word_1_45' title='bbox 160 921 212 970; x_wconf 89' lang='lat' dir='ltr'>tus</span> <span class='ocrx_word' id='word_1_46' title='bbox 236 909 335 970; x_wconf 87' lang='lat' dir='ltr'>dixit:</span> <span class='ocrx_word' id='word_1_47' title='bbox 367 909 431 969; x_wconf 90' lang='lat' dir='ltr'>Per</span> <span class='ocrx_word' id='word_1_48' title='bbox 454 909 541 972; x_wconf 91' lang='lat' dir='ltr'>hunc</span> <span class='ocrx_word' id='word_1_49' title='bbox 572 912 679 972; x_wconf 88' lang='lat' dir='ltr'>locum</span> <span class='ocrx_word' id='word_1_50' title='bbox 710 922 854 974; x_wconf 88' lang='lat' dir='ltr'>sanctum</span> <span class='ocrx_word' id='word_1_51' title='bbox 878 924 911 974; x_wconf 89' lang='lat' dir='ltr'>ct</span> <span class='ocrx_word' id='word_1_52' title='bbox 938 911 1152 974; x_wconf 86' lang='lat' dir='ltr'>reverentiam</span> <span class='ocrx_word' id='word_1_53' title='bbox 1176 912 1259 972; x_wconf 89' lang='lat' dir='ltr'>istius</span> 
     </span>
     <span class='ocr_line' id='line_1_8' title="bbox 160 988 1350 1078; baseline 0.001 -27"><span class='ocrx_word' id='word_1_54' title='bbox 160 992 291 1067; x_wconf 79' lang='lat' dir='ltr'>Sancti,</span> <span class='ocrx_word' id='word_1_55' title='bbox 325 988 400 1072; x_wconf 87' lang='lat' dir='ltr'>quia</span> <span class='ocrx_word' id='word_1_56' title='bbox 425 993 511 1052; x_wconf 90' lang='lat' dir='ltr'>unde</span> <span class='ocrx_word' id='word_1_57' title='bbox 538 1014 587 1056; x_wconf 91' lang='lat' dir='ltr'>me</span> <span class='ocrx_word' id='word_1_58' title='bbox 615 995 671 1055; x_wconf 92' lang='lat' dir='ltr'>ille</span> <span class='ocrx_word' id='word_1_59' title='bbox 704 994 944 1078; x_wconf 88' lang='lat' dir='ltr'>interpellavit,</span> <span class='ocrx_word' id='word_1_60' title='bbox 979 995 1071 1076; x_wconf 88' lang='lat' dir='ltr'>quasi</span> <span class='ocrx_word' id='word_1_61' title='bbox 1106 993 1258 1054; x_wconf 87' lang='lat' dir='ltr'>heredita·</span> <span class='ocrx_word' id='word_1_62' title='bbox 1349 1071 1350 1074; x_wconf 7' lang='grc' dir='ltr'><strong>Ἴ</strong></span> 
     </span>
     <span class='ocr_line' id='line_1_9' title="bbox 160 1075 1258 1156; baseline 0 -22"><span class='ocrx_word' id='word_1_63' title='bbox 160 1084 225 1134; x_wconf 87' lang='lat' dir='ltr'>tem</span> <span class='ocrx_word' id='word_1_64' title='bbox 254 1096 360 1150; x_wconf 88' lang='lat' dir='ltr'>suam,</span> <span class='ocrx_word' id='word_1_65' title='bbox 383 1094 465 1154; x_wconf 90' lang='lat' dir='ltr'>quae</span> <span class='ocrx_word' id='word_1_66' title='bbox 493 1075 523 1136; x_wconf 90' lang='lat' dir='ltr'>ei</span> <span class='ocrx_word' id='word_1_67' title='bbox 545 1086 626 1136; x_wconf 83' lang='lat' dir='ltr'>esset</span> <span class='ocrx_word' id='word_1_68' title='bbox 650 1077 776 1154; x_wconf 86' lang='lat' dir='ltr'>debita,</span> <span class='ocrx_word' id='word_1_69' title='bbox 807 1078 839 1136; x_wconf 93' lang='lat' dir='ltr'>in</span> <span class='ocrx_word' id='word_1_70' title='bbox 861 1078 933 1138; x_wconf 94' lang='lat' dir='ltr'>loco</span> <span class='ocrx_word' id='word_1_71' title='bbox 966 1085 1173 1156; x_wconf 79' lang='lat' dir='ltr'>nuncupante</span> <span class='ocrx_word' id='word_1_72' title='bbox 1197 1076 1258 1152; x_wconf 93' lang='lat' dir='ltr'>illo,</span> 
     </span>
    </p>
   </div>
   <div class='ocr_carea' id='block_1_4' title="bbox 159 1155 1350 1238">
    <p class='ocr_par' dir='ltr' id='par_1_4' title="bbox 159 1155 1350 1238">
     <span class='ocr_line' id='line_1_10' title="bbox 159 1155 1350 1238; baseline 0 -22"><span class='ocrx_word' id='word_1_73' title='bbox 159 1166 232 1238; x_wconf 87' lang='lat' dir='ltr'>post</span> <span class='ocrx_word' id='word_1_74' title='bbox 256 1178 306 1216; x_wconf 90' lang='lat' dir='ltr'>me</span> <span class='ocrx_word' id='word_1_75' title='bbox 327 1155 522 1232; x_wconf 81' lang='lat' dir='ltr'>retinerem,</span> <span class='ocrx_word' id='word_1_76' title='bbox 551 1159 603 1218; x_wconf 81' lang='lat' dir='ltr'>vcl</span> <span class='ocrx_word' id='word_1_77' title='bbox 628 1159 658 1218; x_wconf 92' lang='lat' dir='ltr'>ei</span> <span class='ocrx_word' id='word_1_78' title='bbox 684 1159 767 1219; x_wconf 90' lang='lat' dir='ltr'>malo</span> <span class='ocrx_word' id='word_1_79' title='bbox 795 1159 908 1220; x_wconf 90' lang='lat' dir='ltr'>ordine</span> <span class='ocrx_word' id='word_1_80' title='bbox 935 1157 1186 1219; x_wconf 84' lang='lat' dir='ltr'>contradicerem</span> <span class='ocrx_word' id='word_1_81' title='bbox 1212 1159 1256 1216; x_wconf 92' lang='lat' dir='ltr'>in·</span> <span class='ocrx_word' id='word_1_82' title='bbox 1349 1155 1350 1216; x_wconf 64' lang='lat' dir='ltr'>J</span> 
     </span>
    </p>
   </div>
   <div class='ocr_carea' id='block_1_5' title="bbox 159 1235 1260 1568">
    <p class='ocr_par' dir='ltr' id='par_1_5' title="bbox 159 1235 1260 1568">
     <span class='ocr_line' id='line_1_11' title="bbox 159 1235 1257 1322; baseline 0 -24"><span class='ocrx_word' id='word_1_83' title='bbox 159 1241 252 1314; x_wconf 91' lang='lat' dir='ltr'>iuste,</span> <span class='ocrx_word' id='word_1_84' title='bbox 276 1240 375 1320; x_wconf 83' lang='lat' dir='ltr'>ipsam</span> <span class='ocrx_word' id='word_1_85' title='bbox 398 1235 608 1300; x_wconf 78' lang='lat' dir='ltr'>hereditatem</span> <span class='ocrx_word' id='word_1_86' title='bbox 624 1252 771 1322; x_wconf 89' lang='lat' dir='ltr'>parentes</span> <span class='ocrx_word' id='word_1_87' title='bbox 794 1241 857 1301; x_wconf 91' lang='lat' dir='ltr'>mei</span> <span class='ocrx_word' id='word_1_88' title='bbox 875 1241 955 1300; x_wconf 91' lang='lat' dir='ltr'>mihi</span> <span class='ocrx_word' id='word_1_89' title='bbox 977 1240 1151 1300; x_wconf 89' lang='lat' dir='ltr'>morientes</span> <span class='ocrx_word' id='word_1_90' title='bbox 1173 1241 1257 1300; x_wconf 91' lang='lat' dir='ltr'>dere-</span> 
     </span>
     <span class='ocr_line' id='line_1_12' title="bbox 161 1319 1258 1405; baseline 0 -25"><span class='ocrx_word' id='word_1_91' title='bbox 161 1321 347 1402; x_wconf 87' lang='lat' dir='ltr'>liquerunt,</span> <span class='ocrx_word' id='word_1_92' title='bbox 384 1327 416 1379; x_wconf 90' lang='lat' dir='ltr'>et</span> <span class='ocrx_word' id='word_1_93' title='bbox 438 1319 594 1382; x_wconf 89' lang='lat' dir='ltr'>interme</span> <span class='ocrx_word' id='word_1_94' title='bbox 626 1323 677 1384; x_wconf 89' lang='lat' dir='ltr'>vel</span> <span class='ocrx_word' id='word_1_95' title='bbox 706 1324 788 1405; x_wconf 90' lang='lat' dir='ltr'>ipsos</span> <span class='ocrx_word' id='word_1_96' title='bbox 809 1334 958 1405; x_wconf 84' lang='lat' dir='ltr'>parentes</span> <span class='ocrx_word' id='word_1_97' title='bbox 989 1345 1078 1382; x_wconf 89' lang='lat' dir='ltr'>meos</span> <span class='ocrx_word' id='word_1_98' title='bbox 1108 1322 1147 1380; x_wconf 93' lang='lat' dir='ltr'>de</span> <span class='ocrx_word' id='word_1_99' title='bbox 1175 1320 1258 1381; x_wconf 86' lang='lat' dir='ltr'>annis</span> 
     </span>
     <span class='ocr_line' id='line_1_13' title="bbox 159 1403 1260 1484; baseline -0.002 -22"><span class='ocrx_word' id='word_1_100' title='bbox 159 1403 290 1484; x_wconf 79' lang='lat' dir='ltr'>triginta</span> <span class='ocrx_word' id='word_1_101' title='bbox 312 1421 437 1480; x_wconf 85' lang='lat' dir='ltr'>semper</span> <span class='ocrx_word' id='word_1_102' title='bbox 459 1403 577 1466; x_wconf 84' lang='lat' dir='ltr'>exinde</span> <span class='ocrx_word' id='word_1_103' title='bbox 599 1406 706 1466; x_wconf 84' lang='lat' dir='ltr'>vestiti</span> <span class='ocrx_word' id='word_1_104' title='bbox 733 1406 869 1480; x_wconf 83' lang='lat' dir='ltr'>luimus,</span> <span class='ocrx_word' id='word_1_105' title='bbox 899 1418 931 1464; x_wconf 85' lang='lat' dir='ltr'>et</span> <span class='ocrx_word' id='word_1_106' title='bbox 951 1405 1134 1466; x_wconf 88' lang='lat' dir='ltr'>secundum</span> <span class='ocrx_word' id='word_1_107' title='bbox 1149 1407 1260 1484; x_wconf 72' lang='lat' dir='ltr'>‚Legem</span> 
     </span>
     <span class='ocr_line' id='line_1_14' title="bbox 159 1482 1257 1568; baseline -0.003 -23"><span class='ocrx_word' id='word_1_108' title='bbox 159 1486 233 1568; x_wconf 88' lang='lat' dir='ltr'>plus</span> <span class='ocrx_word' id='word_1_109' title='bbox 261 1493 309 1544; x_wconf 90' lang='lat' dir='ltr'>est</span> <span class='ocrx_word' id='word_1_110' title='bbox 330 1482 407 1542; x_wconf 89' lang='lat' dir='ltr'>mihi</span> <span class='ocrx_word' id='word_1_111' title='bbox 431 1483 536 1546; x_wconf 90' lang='lat' dir='ltr'>debita</span> <span class='ocrx_word' id='word_1_112' title='bbox 566 1487 705 1546; x_wconf 89' lang='lat' dir='ltr'>habendi</span> <span class='ocrx_word' id='word_1_113' title='bbox 728 1511 822 1568; x_wconf 89' lang='lat' dir='ltr'>quam</span> <span class='ocrx_word' id='word_1_114' title='bbox 845 1488 943 1564; x_wconf 88' lang='lat' dir='ltr'>ipsius</span> <span class='ocrx_word' id='word_1_115' title='bbox 971 1487 1100 1546; x_wconf 89' lang='lat' dir='ltr'>bomini</span> <span class='ocrx_word' id='word_1_116' title='bbox 1127 1486 1257 1546; x_wconf 91' lang='lat' dir='ltr'>redden·</span> 
     </span>
    </p>
   </div>
   <div class='ocr_carea' id='block_1_6' title="bbox 160 1563 1350 1733">
    <p class='ocr_par' dir='ltr' id='par_1_6' title="bbox 160 1563 1350 1733">
     <span class='ocr_line' id='line_1_15' title="bbox 160 1563 1350 1647; baseline -0.004 -21"><span class='ocrx_word' id='word_1_117' title='bbox 160 1569 205 1645; x_wconf 90' lang='lat' dir='ltr'>di,</span> <span class='ocrx_word' id='word_1_118' title='bbox 227 1588 285 1647; x_wconf 90' lang='lat' dir='ltr'>per</span> <span class='ocrx_word' id='word_1_119' title='bbox 308 1565 413 1626; x_wconf 90' lang='lat' dir='ltr'>Deum</span> <span class='ocrx_word' id='word_1_120' title='bbox 434 1575 468 1624; x_wconf 91' lang='lat' dir='ltr'>et</span> <span class='ocrx_word' id='word_1_121' title='bbox 492 1569 707 1629; x_wconf 90' lang='lat' dir='ltr'>reverentiam</span> <span class='ocrx_word' id='word_1_122' title='bbox 726 1569 816 1636; x_wconf 88' lang='lat' dir='ltr'>istius</span> <span class='ocrx_word' id='word_1_123' title='bbox 844 1570 951 1630; x_wconf 86' lang='lat' dir='ltr'>Sancti</span> <span class='ocrx_word' id='word_1_124' title='bbox 979 1570 1063 1628; x_wconf 89' lang='lat' dir='ltr'>iuro.</span> <span class='ocrx_word' id='word_1_125' title='bbox 1115 1568 1258 1628; x_wconf 87' lang='lat' dir='ltr'>Similiter</span> <span class='ocrx_word' id='word_1_126' title='bbox 1349 1563 1350 1594; x_wconf 76' lang='lat'>³</span> 
     </span>
     <span class='ocr_line' id='line_1_16' title="bbox 161 1647 1350 1733; baseline -0.003 -23"><span class='ocrx_word' id='word_1_127' title='bbox 161 1651 327 1710; x_wconf 80' lang='lat' dir='ltr'>venientes</span> <span class='ocrx_word' id='word_1_128' title='bbox 349 1657 444 1708; x_wconf 84' lang='lat' dir='ltr'>testes</span> <span class='ocrx_word' id='word_1_129' title='bbox 472 1649 522 1709; x_wconf 91' lang='lat' dir='ltr'>sui</span> <span class='ocrx_word' id='word_1_130' title='bbox 544 1673 602 1732; x_wconf 87' lang='lat' dir='ltr'>per</span> <span class='ocrx_word' id='word_1_131' title='bbox 624 1651 752 1733; x_wconf 77' lang='lat' dir='ltr'>singula</span> <span class='ocrx_word' id='word_1_132' title='bbox 781 1652 883 1720; x_wconf 70' lang='lat' dir='ltr'>iurati¹</span> <span class='ocrx_word' id='word_1_133' title='bbox 906 1653 1082 1726; x_wconf 78' lang='lat' dir='ltr'>dixerunt,</span> <span class='ocrx_word' id='word_1_134' title='bbox 1112 1647 1259 1732; x_wconf 90' lang='lat' dir='ltr'>quicquid</span> <span class='ocrx_word' id='word_1_135' title='bbox 1349 1665 1350 1684; x_wconf 65' lang='lat'>³</span> 
     </span>
    </p>
   </div>
   <div class='ocr_carea' id='block_1_7' title="bbox 159 1729 1258 1898">
    <p class='ocr_par' dir='ltr' id='par_1_7' title="bbox 159 1729 1258 1898">
     <span class='ocr_line' id='line_1_17' title="bbox 159 1729 1258 1804; baseline -0.004 -12"><span class='ocrx_word' id='word_1_136' title='bbox 159 1733 218 1792; x_wconf 90' lang='lat' dir='ltr'>iste</span> <span class='ocrx_word' id='word_1_137' title='bbox 241 1729 361 1791; x_wconf 88' lang='lat' dir='ltr'>dehac</span> <span class='ocrx_word' id='word_1_138' title='bbox 384 1751 479 1790; x_wconf 88' lang='lat' dir='ltr'>causa</span> <span class='ocrx_word' id='word_1_139' title='bbox 500 1732 615 1792; x_wconf 83' lang='lat' dir='ltr'>iuravit</span> <span class='ocrx_word' id='word_1_140' title='bbox 625 1778 637 1804; x_wconf 90' lang='lat'>,</span> <span class='ocrx_word' id='word_1_141' title='bbox 668 1756 781 1794; x_wconf 85' lang='lat' dir='ltr'>verum</span> <span class='ocrx_word' id='word_1_142' title='bbox 806 1744 838 1794; x_wconf 90' lang='lat' dir='ltr'>et</span> <span class='ocrx_word' id='word_1_143' title='bbox 859 1733 1012 1794; x_wconf 89' lang='lat' dir='ltr'>idoneum</span> <span class='ocrx_word' id='word_1_144' title='bbox 1035 1741 1258 1793; x_wconf 87' lang='lat' dir='ltr'>sacramentum</span> 
     </span>
     <span class='ocr_line' id='line_1_18' title="bbox 160 1812 1085 1898; baseline 0.003 -24"><span class='ocrx_word' id='word_1_145' title='bbox 160 1813 277 1877; x_wconf 81' lang='lat' dir='ltr'>exinde</span> <span class='ocrx_word' id='word_1_146' title='bbox 301 1812 429 1878; x_wconf 88' lang='lat' dir='ltr'>inravit.</span> <span class='ocrx_word' id='word_1_147' title='bbox 471 1814 525 1874; x_wconf 88' lang='lat' dir='ltr'>Hii</span> <span class='ocrx_word' id='word_1_148' title='bbox 549 1825 624 1875; x_wconf 86' lang='lat' dir='ltr'>sunt</span> <span class='ocrx_word' id='word_1_149' title='bbox 650 1816 707 1898; x_wconf 91' lang='lat' dir='ltr'>qui</span> <span class='ocrx_word' id='word_1_150' title='bbox 734 1817 843 1882; x_wconf 80' lang='lat' dir='ltr'>subter</span> <span class='ocrx_word' id='word_1_151' title='bbox 863 1815 1085 1877; x_wconf 86' lang='lat' dir='ltr'>firmaverunt.</span> 
     </span>
    </p>
   </div>
   <div class='ocr_carea' id='block_1_8' title="bbox 463 1963 970 2032">
    <p class='ocr_par' dir='ltr' id='par_1_8' title="bbox 463 1963 970 2032">
     <span class='ocr_line' id='line_1_19' title="bbox 463 1963 970 2032; baseline 0.002 -2"><span class='ocrx_word' id='word_1_152' title='bbox 463 1971 585 2032; x_wconf 83' lang='lat' dir='ltr'>Notitia</span> <span class='ocrx_word' id='word_1_153' title='bbox 605 1970 645 2032; x_wconf 88' lang='lat' dir='ltr'>de</span> <span class='ocrx_word' id='word_1_154' title='bbox 669 1963 762 2032; x_wconf 81' lang='lat' dir='ltr'>alode</span> <span class='ocrx_word' id='word_1_155' title='bbox 785 1969 970 2031; x_wconf 82' lang='lat' dir='ltr'>evindicato.</span> 
     </span>
    </p>
   </div>
   <div class='ocr_carea' id='block_1_9' title="bbox 157 2105 1254 2436">
    <p class='ocr_par' dir='ltr' id='par_1_9' title="bbox 157 2105 1254 2436">
     <span class='ocr_line' id='line_1_20' title="bbox 240 2105 1252 2190; baseline -0.003 -24"><span class='ocrx_word' id='word_1_156' title='bbox 240 2107 338 2172; x_wconf 88' lang='lat' dir='ltr'>XLll.</span> <span class='ocrx_word' id='word_1_157' title='bbox 378 2105 498 2168; x_wconf 85' lang='lat' dir='ltr'>Notitia</span> <span class='ocrx_word' id='word_1_158' title='bbox 526 2105 666 2185; x_wconf 86' lang='lat' dir='ltr'>qualiter</span> <span class='ocrx_word' id='word_1_159' title='bbox 696 2109 747 2169; x_wconf 87' lang='lat' dir='ltr'>vel</span> <span class='ocrx_word' id='word_1_160' title='bbox 779 2110 811 2168; x_wconf 93' lang='lat' dir='ltr'>in</span> <span class='ocrx_word' id='word_1_161' title='bbox 843 2131 980 2190; x_wconf 87' lang='lat' dir='ltr'>qnorum</span> <span class='ocrx_word' id='word_1_162' title='bbox 1007 2106 1186 2190; x_wconf 87' lang='lat' dir='ltr'>praesentia</span> <span class='ocrx_word' id='word_1_163' title='bbox 1205 2127 1252 2164; x_wconf 84' lang='lat' dir='ltr'>ve·</span> 
     </span>
     <span class='ocr_line' id='line_1_21' title="bbox 160 2187 1254 2272; baseline -0.002 -24"><span class='ocrx_word' id='word_1_164' title='bbox 160 2189 255 2248; x_wconf 90' lang='lat' dir='ltr'>niens</span> <span class='ocrx_word' id='word_1_165' title='bbox 278 2189 333 2247; x_wconf 91' lang='lat' dir='ltr'>ille</span> <span class='ocrx_word' id='word_1_166' title='bbox 356 2188 407 2248; x_wconf 91' lang='lat' dir='ltr'>die</span> <span class='ocrx_word' id='word_1_167' title='bbox 430 2187 499 2264; x_wconf 91' lang='lat' dir='ltr'>illo,</span> <span class='ocrx_word' id='word_1_168' title='bbox 523 2188 556 2245; x_wconf 93' lang='lat' dir='ltr'>in</span> <span class='ocrx_word' id='word_1_169' title='bbox 574 2189 647 2249; x_wconf 91' lang='lat' dir='ltr'>loco</span> <span class='ocrx_word' id='word_1_170' title='bbox 666 2203 873 2272; x_wconf 86' lang='lat' dir='ltr'>nuncupante</span> <span class='ocrx_word' id='word_1_171' title='bbox 896 2193 973 2267; x_wconf 92' lang='lat' dir='ltr'>illo,</span> <span class='ocrx_word' id='word_1_172' title='bbox 1004 2201 1080 2250; x_wconf 87' lang='lat' dir='ltr'>ante</span> <span class='ocrx_word' id='word_1_173' title='bbox 1103 2191 1190 2248; x_wconf 89' lang='lat' dir='ltr'>illum</span> <span class='ocrx_word' id='word_1_174' title='bbox 1211 2190 1254 2253; x_wconf 90' lang='lat' dir='ltr'>lu·</span> 
     </span>
     <span class='ocr_line' id='line_1_22' title="bbox 158 2269 1253 2352; baseline -0.003 -22"><span class='ocrx_word' id='word_1_175' title='bbox 158 2271 263 2330; x_wconf 86' lang='lat' dir='ltr'>dicem</span> <span class='ocrx_word' id='word_1_176' title='bbox 285 2271 336 2329; x_wconf 88' lang='lat' dir='ltr'>vel</span> <span class='ocrx_word' id='word_1_177' title='bbox 360 2269 503 2350; x_wconf 87' lang='lat' dir='ltr'>reliquos</span> <span class='ocrx_word' id='word_1_178' title='bbox 524 2269 611 2330; x_wconf 86' lang='lat' dir='ltr'>viros</span> <span class='ocrx_word' id='word_1_179' title='bbox 633 2273 688 2352; x_wconf 93' lang='lat' dir='ltr'>qui</span> <span class='ocrx_word' id='word_1_180' title='bbox 717 2275 835 2334; x_wconf 88' lang='lat' dir='ltr'>ibidem</span> <span class='ocrx_word' id='word_1_181' title='bbox 858 2275 991 2334; x_wconf 86' lang='lat' dir='ltr'>aderant</span> <span class='ocrx_word' id='word_1_182' title='bbox 1014 2274 1067 2334; x_wconf 82' lang='lat' dir='ltr'>vel</span> <span class='ocrx_word' id='word_1_183' title='bbox 1087 2272 1192 2332; x_wconf 87' lang='lat' dir='ltr'>subter</span> <span class='ocrx_word' id='word_1_184' title='bbox 1206 2271 1253 2328; x_wconf 87' lang='lat' dir='ltr'>fir-</span> 
     </span>
     <span class='ocr_line' id='line_1_23' title="bbox 157 2351 1252 2436; baseline -0.003 -24"><span class='ocrx_word' id='word_1_185' title='bbox 157 2361 344 2422; x_wconf 78' lang='lat' dir='ltr'>maverunt,</span> <span class='ocrx_word' id='word_1_186' title='bbox 379 2351 488 2434; x_wconf 88' lang='lat' dir='ltr'>ibique</span> <span class='ocrx_word' id='word_1_187' title='bbox 512 2352 738 2434; x_wconf 83' lang='lat' dir='ltr'>interpellabat</span> <span class='ocrx_word' id='word_1_188' title='bbox 769 2357 909 2436; x_wconf 87' lang='lat' dir='ltr'>aliquem</span> <span class='ocrx_word' id='word_1_189' title='bbox 935 2355 1101 2414; x_wconf 90' lang='lat' dir='ltr'>homiuem</span> <span class='ocrx_word' id='word_1_190' title='bbox 1137 2354 1252 2411; x_wconf 89' lang='lat' dir='ltr'>nomine</span> 
     </span>
    </p>
   </div>
   <div class='ocr_carea' id='block_1_10' title="bbox 158 2434 1350 2601">
    <p class='ocr_par' dir='ltr' id='par_1_10' title="bbox 158 2434 1350 2601">
     <span class='ocr_line' id='line_1_24' title="bbox 158 2434 1350 2519; baseline -0.003 -26"><span class='ocrx_word' id='word_1_191' title='bbox 158 2434 274 2509; x_wconf 88' lang='lat' dir='ltr'>illum,</span> <span class='ocrx_word' id='word_1_192' title='bbox 316 2455 353 2494; x_wconf 85' lang='lat' dir='ltr'>eo</span> <span class='ocrx_word' id='word_1_193' title='bbox 389 2435 478 2516; x_wconf 87' lang='lat' dir='ltr'>quod</span> <span class='ocrx_word' id='word_1_194' title='bbox 506 2434 599 2497; x_wconf 89' lang='lat' dir='ltr'>alode</span> <span class='ocrx_word' id='word_1_195' title='bbox 632 2437 689 2518; x_wconf 90' lang='lat' dir='ltr'>qui</span> <span class='ocrx_word' id='word_1_196' title='bbox 726 2439 832 2497; x_wconf 88' lang='lat' dir='ltr'>fuerat</span> <span class='ocrx_word' id='word_1_197' title='bbox 867 2438 1004 2519; x_wconf 80' lang='lat' dir='ltr'>genitori</span> <span class='ocrx_word' id='word_1_198' title='bbox 1037 2459 1096 2497; x_wconf 88' lang='lat' dir='ltr'>suo</span> <span class='ocrx_word' id='word_1_199' title='bbox 1137 2435 1252 2494; x_wconf 84' lang='lat' dir='ltr'>nomine</span> <span class='ocrx_word' id='word_1_200' title='bbox 1349 2495 1350 2514; x_wconf 14' lang='grc' dir='ltr'>ἒ</span> 
     </span>
     <span class='ocr_line' id='line_1_25' title="bbox 159 2516 1252 2601; baseline -0.003 -27"><span class='ocrx_word' id='word_1_201' title='bbox 159 2517 229 2593; x_wconf 91' lang='lat' dir='ltr'>illo,</span> <span class='ocrx_word' id='word_1_202' title='bbox 256 2516 287 2574; x_wconf 93' lang='lat' dir='ltr'>iu</span> <span class='ocrx_word' id='word_1_203' title='bbox 318 2517 390 2577; x_wconf 93' lang='lat' dir='ltr'>loco</span> <span class='ocrx_word' id='word_1_204' title='bbox 414 2525 621 2598; x_wconf 87' lang='lat' dir='ltr'>nuncupante</span> <span class='ocrx_word' id='word_1_205' title='bbox 644 2520 723 2596; x_wconf 85' lang='lat' dir='ltr'>illo,</span> <span class='ocrx_word' id='word_1_206' title='bbox 752 2529 823 2601; x_wconf 90' lang='lat' dir='ltr'>post</span> <span class='ocrx_word' id='word_1_207' title='bbox 845 2542 877 2580; x_wconf 90' lang='lat' dir='ltr'>se</span> <span class='ocrx_word' id='word_1_208' title='bbox 905 2521 990 2579; x_wconf 88' lang='lat' dir='ltr'>malo</span> <span class='ocrx_word' id='word_1_209' title='bbox 1013 2519 1127 2578; x_wconf 89' lang='lat' dir='ltr'>ordine</span> <span class='ocrx_word' id='word_1_210' title='bbox 1147 2517 1252 2576; x_wconf 90' lang='lat' dir='ltr'>retine·</span> 
     </span>
    </p>
   </div>
   <div class='ocr_carea' id='block_1_11' title="bbox 156 2599 1350 3342">
    <p class='ocr_par' dir='ltr' id='par_1_11' title="bbox 156 2599 1350 3342">
     <span class='ocr_line' id='line_1_26' title="bbox 156 2599 1273 2684; baseline -0.007 -24"><span class='ocrx_word' id='word_1_211' title='bbox 156 2609 225 2677; x_wconf 86' lang='lat' dir='ltr'>ret,</span> <span class='ocrx_word' id='word_1_212' title='bbox 256 2600 308 2660; x_wconf 84' lang='lat' dir='ltr'>vel</span> <span class='ocrx_word' id='word_1_213' title='bbox 333 2601 362 2660; x_wconf 93' lang='lat' dir='ltr'>ei</span> <span class='ocrx_word' id='word_1_214' title='bbox 392 2599 628 2659; x_wconf 87' lang='lat' dir='ltr'>contradiceret</span> <span class='ocrx_word' id='word_1_215' title='bbox 657 2601 783 2666; x_wconf 87' lang='lat' dir='ltr'>iniuste.</span> <span class='ocrx_word' id='word_1_216' title='bbox 830 2602 1049 2684; x_wconf 79' lang='lat' dir='ltr'>Interrogatus</span> <span class='ocrx_word' id='word_1_217' title='bbox 1071 2601 1137 2681; x_wconf 89' lang='lat' dir='ltr'>ipse</span> <span class='ocrx_word' id='word_1_218' title='bbox 1168 2599 1273 2660; x_wconf 77' lang='lat' dir='ltr'>honio,</span> 
     </span>
     <span class='ocr_line' id='line_1_27' title="bbox 158 2679 1251 2765; baseline -0.005 -25"><span class='ocrx_word' id='word_1_219' title='bbox 158 2683 198 2742; x_wconf 89' lang='lat' dir='ltr'>ab</span> <span class='ocrx_word' id='word_1_220' title='bbox 226 2682 303 2765; x_wconf 86' lang='lat' dir='ltr'>ipsis</span> <span class='ocrx_word' id='word_1_221' title='bbox 334 2681 410 2743; x_wconf 89' lang='lat' dir='ltr'>viris</span> <span class='ocrx_word' id='word_1_222' title='bbox 434 2682 459 2742; x_wconf 92' lang='lat' dir='ltr'>si</span> <span class='ocrx_word' id='word_1_223' title='bbox 493 2682 538 2741; x_wconf 91' lang='lat' dir='ltr'>sic</span> <span class='ocrx_word' id='word_1_224' title='bbox 561 2691 628 2741; x_wconf 90' lang='lat' dir='ltr'>crat</span> <span class='ocrx_word' id='word_1_225' title='bbox 651 2684 768 2744; x_wconf 86' lang='lat' dir='ltr'>veritas</span> <span class='ocrx_word' id='word_1_226' title='bbox 800 2705 839 2742; x_wconf 91' lang='lat' dir='ltr'>an</span> <span class='ocrx_word' id='word_1_227' title='bbox 869 2705 951 2754; x_wconf 88' lang='lat' dir='ltr'>non;</span> <span class='ocrx_word' id='word_1_228' title='bbox 979 2685 1035 2743; x_wconf 90' lang='lat' dir='ltr'>sed</span> <span class='ocrx_word' id='word_1_229' title='bbox 1066 2684 1132 2763; x_wconf 91' lang='lat' dir='ltr'>ipse</span> <span class='ocrx_word' id='word_1_230' title='bbox 1152 2679 1251 2739; x_wconf 88' lang='lat' dir='ltr'>iudici·</span> 
     </span>
     <span class='ocr_line' id='line_1_28' title="bbox 157 2763 1250 2846; baseline -0.005 -22"><span class='ocrx_word' id='word_1_231' title='bbox 157 2785 213 2824; x_wconf 91' lang='lat' dir='ltr'>um</span> <span class='ocrx_word' id='word_1_232' title='bbox 243 2766 294 2826; x_wconf 88' lang='lat' dir='ltr'>vel</span> <span class='ocrx_word' id='word_1_233' title='bbox 325 2765 423 2826; x_wconf 82' lang='lat' dir='ltr'>breve</span> <span class='ocrx_word' id='word_1_234' title='bbox 453 2773 725 2824; x_wconf 87' lang='lat' dir='ltr'>sacramentorum</span> <span class='ocrx_word' id='word_1_235' title='bbox 746 2766 867 2826; x_wconf 88' lang='lat' dir='ltr'>ibidem</span> <span class='ocrx_word' id='word_1_236' title='bbox 894 2777 967 2825; x_wconf 90' lang='lat' dir='ltr'>ante</span> <span class='ocrx_word' id='word_1_237' title='bbox 989 2765 1067 2846; x_wconf 88' lang='lat' dir='ltr'>ipsis</span> <span class='ocrx_word' id='word_1_238' title='bbox 1095 2763 1250 2842; x_wconf 79' lang='lat' dir='ltr'>virispro·</span> 
     </span>
     <span class='ocr_line' id='line_1_29' title="bbox 158 2841 1250 2929; baseline -0.008 -21"><span class='ocrx_word' id='word_1_239' title='bbox 158 2847 235 2908; x_wconf 88' lang='lat' dir='ltr'>tulit</span> <span class='ocrx_word' id='word_1_240' title='bbox 262 2847 302 2906; x_wconf 89' lang='lat' dir='ltr'>ad</span> <span class='ocrx_word' id='word_1_241' title='bbox 334 2847 566 2929; x_wconf 79' lang='lat' dir='ltr'>relegendum,</span> <span class='ocrx_word' id='word_1_242' title='bbox 596 2849 833 2928; x_wconf 83' lang='lat' dir='ltr'>qualiter-cum</span> <span class='ocrx_word' id='word_1_243' title='bbox 855 2849 923 2929; x_wconf 88' lang='lat' dir='ltr'>ipso</span> <span class='ocrx_word' id='word_1_244' title='bbox 949 2847 1082 2908; x_wconf 89' lang='lat' dir='ltr'>homine</span> <span class='ocrx_word' id='word_1_245' title='bbox 1112 2841 1250 2904; x_wconf 85' lang='lat' dir='ltr'>antehos</span> 
     </span>
     <span class='ocr_line' id='line_1_30' title="bbox 158 2930 1248 3006; baseline -0.009 -16"><span class='ocrx_word' id='word_1_246' title='bbox 158 2930 228 2990; x_wconf 87' lang='lat' dir='ltr'>dies</span> <span class='ocrx_word' id='word_1_247' title='bbox 252 2931 369 2991; x_wconf 86' lang='lat' dir='ltr'>exinde</span> <span class='ocrx_word' id='word_1_248' title='bbox 393 2939 466 2989; x_wconf 91' lang='lat' dir='ltr'>ante</span> <span class='ocrx_word' id='word_1_249' title='bbox 489 2931 584 2988; x_wconf 93' lang='lat' dir='ltr'>illum</span> <span class='ocrx_word' id='word_1_250' title='bbox 605 2931 748 2990; x_wconf 85' lang='lat' dir='ltr'>Iudicem</span> <span class='ocrx_word' id='word_1_251' title='bbox 773 2931 806 2988; x_wconf 91' lang='lat' dir='ltr'>in</span> <span class='ocrx_word' id='word_1_252' title='bbox 830 2931 972 2990; x_wconf 88' lang='lat' dir='ltr'>rationes</span> <span class='ocrx_word' id='word_1_253' title='bbox 997 2931 1112 3006; x_wconf 85' lang='lat' dir='ltr'>fuerat,</span> <span class='ocrx_word' id='word_1_254' title='bbox 1134 2935 1165 2986; x_wconf 91' lang='lat' dir='ltr'>et</span> <span class='ocrx_word' id='word_1_255' title='bbox 1179 2943 1248 3004; x_wconf 86' lang='lat' dir='ltr'>qua·</span> 
     </span>
     <span class='ocr_line' id='line_1_31' title="bbox 158 3011 1250 3094; baseline -0.01 -22"><span class='ocrx_word' id='word_1_256' title='bbox 158 3012 235 3072; x_wconf 88' lang='lat' dir='ltr'>liter</span> <span class='ocrx_word' id='word_1_257' title='bbox 255 3013 327 3092; x_wconf 92' lang='lat' dir='ltr'>ipso</span> <span class='ocrx_word' id='word_1_258' title='bbox 350 3011 442 3072; x_wconf 88' lang='lat' dir='ltr'>alode</span> <span class='ocrx_word' id='word_1_259' title='bbox 465 3021 577 3072; x_wconf 89' lang='lat' dir='ltr'>contra</span> <span class='ocrx_word' id='word_1_260' title='bbox 601 3013 705 3094; x_wconf 90' lang='lat' dir='ltr'>ipsum</span> <span class='ocrx_word' id='word_1_261' title='bbox 729 3013 893 3074; x_wconf 91' lang='lat' dir='ltr'>hominem</span> <span class='ocrx_word' id='word_1_262' title='bbox 922 3014 975 3075; x_wconf 82' lang='lat' dir='ltr'>vel</span> <span class='ocrx_word' id='word_1_263' title='bbox 1002 3021 1113 3072; x_wconf 89' lang='lat' dir='ltr'>contra</span> <span class='ocrx_word' id='word_1_264' title='bbox 1144 3026 1250 3090; x_wconf 83' lang='lat' dir='ltr'>germa-</span> 
     </span>
     <span class='ocr_line' id='line_1_32' title="bbox 159 3088 1247 3178; baseline -0.01 -24"><span class='ocrx_word' id='word_1_265' title='bbox 159 3117 218 3156; x_wconf 91' lang='lat' dir='ltr'>nos</span> <span class='ocrx_word' id='word_1_266' title='bbox 249 3115 323 3154; x_wconf 89' lang='lat' dir='ltr'>suos</span> <span class='ocrx_word' id='word_1_267' title='bbox 356 3093 535 3176; x_wconf 82' lang='lat' dir='ltr'>elitigatum</span> <span class='ocrx_word' id='word_1_268' title='bbox 565 3103 660 3176; x_wconf 86' lang='lat' dir='ltr'>atque</span> <span class='ocrx_word' id='word_1_269' title='bbox 699 3095 914 3156; x_wconf 89' lang='lat' dir='ltr'>evindicatum</span> <span class='ocrx_word' id='word_1_270' title='bbox 956 3095 1079 3176; x_wconf 78' lang='lat' dir='ltr'>legibus</span> <span class='ocrx_word' id='word_1_271' title='bbox 1117 3088 1247 3178; x_wconf 72' lang='lat' dir='ltr'>habebat,</span> 
     </span>
     <span class='ocr_line' id='line_1_33' title="bbox 157 3169 1248 3258; baseline -0.005 -21"><span class='ocrx_word' id='word_1_272' title='bbox 157 3176 290 3238; x_wconf 90' lang='lat' dir='ltr'>Releeto</span> <span class='ocrx_word' id='word_1_273' title='bbox 312 3177 381 3258; x_wconf 92' lang='lat' dir='ltr'>ipso</span> <span class='ocrx_word' id='word_1_274' title='bbox 398 3177 523 3238; x_wconf 90' lang='lat' dir='ltr'>iudicio</span> <span class='ocrx_word' id='word_1_275' title='bbox 550 3176 602 3238; x_wconf 90' lang='lat' dir='ltr'>vel</span> <span class='ocrx_word' id='word_1_276' title='bbox 627 3178 693 3258; x_wconf 87' lang='lat' dir='ltr'>ipso</span> <span class='ocrx_word' id='word_1_277' title='bbox 711 3178 809 3237; x_wconf 78' lang='lat' dir='ltr'>breve</span> <span class='ocrx_word' id='word_1_278' title='bbox 832 3187 1112 3250; x_wconf 84' lang='lat' dir='ltr'>sacramentorum,</span> <span class='ocrx_word' id='word_1_279' title='bbox 1134 3169 1248 3250; x_wconf 87' lang='lat' dir='ltr'>sieips1</span> 
     </span>
     <span class='ocr_line' id='line_1_34' title="bbox 159 3251 1350 3342; baseline -0.011 -22"><span class='ocrx_word' id='word_1_280' title='bbox 159 3261 222 3320; x_wconf 85' lang='lat' dir='ltr'>viri</span> <span class='ocrx_word' id='word_1_281' title='bbox 244 3260 349 3340; x_wconf 88' lang='lat' dir='ltr'>ipsum</span> <span class='ocrx_word' id='word_1_282' title='bbox 375 3259 540 3321; x_wconf 88' lang='lat' dir='ltr'>bominem</span> <span class='ocrx_word' id='word_1_283' title='bbox 561 3260 842 3342; x_wconf 81' lang='lat' dir='ltr'>interrogaverunt</span> <span class='ocrx_word' id='word_1_284' title='bbox 868 3260 894 3320; x_wconf 87' lang='lat' dir='ltr'>si</span> <span class='ocrx_word' id='word_1_285' title='bbox 922 3259 1047 3340; x_wconf 89' lang='lat' dir='ltr'>aliquid</span> <span class='ocrx_word' id='word_1_286' title='bbox 1074 3265 1178 3317; x_wconf 90' lang='lat' dir='ltr'>contra</span> <span class='ocrx_word' id='word_1_287' title='bbox 1203 3251 1246 3330; x_wconf 91' lang='lat' dir='ltr'>ip·</span> <span class='ocrx_word' id='word_1_288' title='bbox 1349 3331 1350 3336; x_wconf 7' lang='grc' dir='ltr'>ἵ</span> 
     </span>
    </p>
   </div>
   <div class='ocr_carea' id='block_1_12' title="bbox 159 3335 1350 3424">
    <p class='ocr_par' dir='ltr' id='par_1_12' title="bbox 159 3335 1350 3424">
     <span class='ocr_line' id='line_1_35' title="bbox 159 3335 1350 3424; baseline -0.013 -21"><span class='ocrx_word' id='word_1_289' title='bbox 159 3363 228 3403; x_wconf 90' lang='lat' dir='ltr'>sum</span> <span class='ocrx_word' id='word_1_290' title='bbox 258 3342 414 3403; x_wconf 87' lang='lat' dir='ltr'>iudicium</span> <span class='ocrx_word' id='word_1_291' title='bbox 443 3344 496 3405; x_wconf 86' lang='lat' dir='ltr'>vel</span> <span class='ocrx_word' id='word_1_292' title='bbox 519 3352 629 3404; x_wconf 89' lang='lat' dir='ltr'>contra</span> <span class='ocrx_word' id='word_1_293' title='bbox 653 3343 755 3424; x_wconf 92' lang='lat' dir='ltr'>ipsum</span> <span class='ocrx_word' id='word_1_294' title='bbox 774 3342 906 3402; x_wconf 87' lang='lat' dir='ltr'>brevem</span> <span class='ocrx_word' id='word_1_295' title='bbox 933 3359 1096 3423; x_wconf 89' lang='lat' dir='ltr'>opponere</span> <span class='ocrx_word' id='word_1_296' title='bbox 1124 3335 1246 3398; x_wconf 83' lang='lat' dir='ltr'>volebat.</span> <span class='ocrx_word' id='word_1_297' title='bbox 1349 3381 1350 3412; x_wconf 65' lang='lat'>,</span> 
     </span>
    </p>
   </div>
   <div class='ocr_carea' id='block_1_13' title="bbox 159 3414 1350 3925">
    <p class='ocr_par' dir='ltr' id='par_1_13' title="bbox 159 3414 1350 3925">
     <span class='ocr_line' id='line_1_36' title="bbox 159 3414 1350 3507; baseline -0.009 -21"><span class='ocrx_word' id='word_1_298' title='bbox 159 3426 223 3486; x_wconf 87' lang='lat' dir='ltr'>Sed</span> <span class='ocrx_word' id='word_1_299' title='bbox 244 3423 311 3507; x_wconf 86' lang='lat' dir='ltr'>ipse</span> <span class='ocrx_word' id='word_1_300' title='bbox 333 3426 441 3485; x_wconf 87' lang='lat' dir='ltr'>taliter</span> <span class='ocrx_word' id='word_1_301' title='bbox 462 3425 565 3502; x_wconf 78' lang='lat' dir='ltr'>dixit,</span> <span class='ocrx_word' id='word_1_302' title='bbox 594 3427 682 3506; x_wconf 88' lang='lat' dir='ltr'>quod</span> <span class='ocrx_word' id='word_1_303' title='bbox 705 3425 786 3482; x_wconf 91' lang='lat' dir='ltr'>nihil</span> <span class='ocrx_word' id='word_1_304' title='bbox 809 3424 944 3484; x_wconf 81' lang='lat' dir='ltr'>habebut</span> <span class='ocrx_word' id='word_1_305' title='bbox 965 3422 1051 3503; x_wconf 91' lang='lat' dir='ltr'>quod</span> <span class='ocrx_word' id='word_1_306' title='bbox 1074 3427 1178 3481; x_wconf 87' lang='lat' dir='ltr'>eontra</span> <span class='ocrx_word' id='word_1_307' title='bbox 1204 3414 1245 3494; x_wconf 86' lang='lat' dir='ltr'>ip-</span> <span class='ocrx_word' id='word_1_308' title='bbox 1349 3419 1350 3456; x_wconf 52' lang='grc' dir='ltr'>ἒ</span> 
     </span>
     <span class='ocr_line' id='line_1_37' title="bbox 159 3493 1350 3589; baseline -0.007 -21"><span class='ocrx_word' id='word_1_309' title='bbox 159 3529 230 3568; x_wconf 92' lang='lat' dir='ltr'>sum</span> <span class='ocrx_word' id='word_1_310' title='bbox 252 3529 414 3589; x_wconf 89' lang='lat' dir='ltr'>opponere</span> <span class='ocrx_word' id='word_1_311' title='bbox 438 3508 586 3584; x_wconf 87' lang='lat' dir='ltr'>deberet,</span> <span class='ocrx_word' id='word_1_312' title='bbox 614 3517 645 3566; x_wconf 93' lang='lat' dir='ltr'>et</span> <span class='ocrx_word' id='word_1_313' title='bbox 671 3529 704 3568; x_wconf 91' lang='lat' dir='ltr'>se</span> <span class='ocrx_word' id='word_1_314' title='bbox 735 3506 768 3565; x_wconf 92' lang='lat' dir='ltr'>in</span> <span class='ocrx_word' id='word_1_315' title='bbox 800 3507 945 3566; x_wconf 90' lang='lat' dir='ltr'>omnibus</span> <span class='ocrx_word' id='word_1_316' title='bbox 966 3501 1150 3585; x_wconf 80' lang='lat' dir='ltr'>recognovit</span> <span class='ocrx_word' id='word_1_317' title='bbox 1169 3493 1246 3576; x_wconf 82' lang='lat' dir='ltr'>qnod</span> <span class='ocrx_word' id='word_1_318' title='bbox 1349 3557 1350 3568; x_wconf 67' lang='grc'>,</span> 
     </span>
     <span class='ocr_line' id='line_1_38' title="bbox 160 3576 1245 3672; baseline -0.012 -22"><span class='ocrx_word' id='word_1_319' title='bbox 160 3601 271 3650; x_wconf 90' lang='lat' dir='ltr'>contra</span> <span class='ocrx_word' id='word_1_320' title='bbox 299 3592 405 3672; x_wconf 80' lang='lat' dir='ltr'>legem</span> <span class='ocrx_word' id='word_1_321' title='bbox 433 3590 535 3672; x_wconf 89' lang='lat' dir='ltr'>ipsum</span> <span class='ocrx_word' id='word_1_322' title='bbox 563 3590 727 3649; x_wconf 89' lang='lat' dir='ltr'>bominem</span> <span class='ocrx_word' id='word_1_323' title='bbox 757 3589 992 3665; x_wconf 87' lang='lat' dir='ltr'>calumniabat,</span> <span class='ocrx_word' id='word_1_324' title='bbox 1023 3596 1055 3646; x_wconf 92' lang='lat' dir='ltr'>et</span> <span class='ocrx_word' id='word_1_325' title='bbox 1083 3606 1114 3644; x_wconf 88' lang='lat' dir='ltr'>se</span> <span class='ocrx_word' id='word_1_326' title='bbox 1143 3576 1245 3639; x_wconf 76' lang='lat' dir='ltr'>exindo</span> 
     </span>
     <span class='ocr_line' id='line_1_39' title="bbox 161 3671 1246 3754; baseline -0.009 -22"><span class='ocrx_word' id='word_1_327' title='bbox 161 3673 248 3732; x_wconf 91' lang='lat' dir='ltr'>omni</span> <span class='ocrx_word' id='word_1_328' title='bbox 278 3683 421 3754; x_wconf 90' lang='lat' dir='ltr'>tempore</span> <span class='ocrx_word' id='word_1_329' title='bbox 455 3675 627 3734; x_wconf 89' lang='lat' dir='ltr'>taciturum</span> <span class='ocrx_word' id='word_1_330' title='bbox 659 3691 726 3732; x_wconf 90' lang='lat' dir='ltr'>esse</span> <span class='ocrx_word' id='word_1_331' title='bbox 756 3671 937 3751; x_wconf 89' lang='lat' dir='ltr'>spopondit.</span> <span class='ocrx_word' id='word_1_332' title='bbox 1002 3671 1168 3749; x_wconf 89' lang='lat' dir='ltr'>Propterea</span> <span class='ocrx_word' id='word_1_333' title='bbox 1196 3679 1246 3736; x_wconf 87' lang='lat' dir='ltr'>op·</span> 
     </span>
     <span class='ocr_line' id='line_1_40' title="bbox 159 3741 1350 3840; baseline -0.012 -25"><span class='ocrx_word' id='word_1_334' title='bbox 159 3765 334 3836; x_wconf 88' lang='lat' dir='ltr'>portunum</span> <span class='ocrx_word' id='word_1_335' title='bbox 357 3755 419 3814; x_wconf 91' lang='lat' dir='ltr'>fuit</span> <span class='ocrx_word' id='word_1_336' title='bbox 440 3753 538 3839; x_wconf 88' lang='lat' dir='ltr'>ipsius</span> <span class='ocrx_word' id='word_1_337' title='bbox 561 3764 597 3814; x_wconf 89' lang='lat' dir='ltr'>ut</span> <span class='ocrx_word' id='word_1_338' title='bbox 626 3753 709 3813; x_wconf 90' lang='lat' dir='ltr'>hanc</span> <span class='ocrx_word' id='word_1_339' title='bbox 736 3753 880 3812; x_wconf 88' lang='lat' dir='ltr'>notitiam</span> <span class='ocrx_word' id='word_1_340' title='bbox 902 3773 942 3812; x_wconf 73' lang='lat' dir='ltr'>cx</span> <span class='ocrx_word' id='word_1_341' title='bbox 963 3751 1025 3812; x_wconf 91' lang='lat' dir='ltr'>hoc</span> <span class='ocrx_word' id='word_1_342' title='bbox 1048 3749 1185 3827; x_wconf 88' lang='lat' dir='ltr'>accipere</span> <span class='ocrx_word' id='word_1_343' title='bbox 1201 3741 1245 3800; x_wconf 88' lang='lat' dir='ltr'>de·</span> <span class='ocrx_word' id='word_1_344' title='bbox 1349 3815 1350 3840; x_wconf 23' lang='grc'>1</span> 
     </span>
     <span class='ocr_line' id='line_1_41' title="bbox 159 3827 1350 3925; baseline -0.008 -25"><span class='ocrx_word' id='word_1_345' title='bbox 159 3839 258 3904; x_wconf 88' lang='lat' dir='ltr'>beret.</span> <span class='ocrx_word' id='word_1_346' title='bbox 302 3839 398 3916; x_wconf 87' lang='lat' dir='ltr'>Quod</span> <span class='ocrx_word' id='word_1_347' title='bbox 419 3838 463 3897; x_wconf 85' lang='lat' dir='ltr'>ita</span> <span class='ocrx_word' id='word_1_348' title='bbox 484 3848 516 3899; x_wconf 91' lang='lat' dir='ltr'>et</span> <span class='ocrx_word' id='word_1_349' title='bbox 537 3837 623 3902; x_wconf 80' lang='lat' dir='ltr'>fecit.</span> <span class='ocrx_word' id='word_1_350' title='bbox 664 3837 720 3896; x_wconf 89' lang='lat' dir='ltr'>His</span> <span class='ocrx_word' id='word_1_351' title='bbox 745 3835 966 3925; x_wconf 81' lang='lat' dir='ltr'>praesentibus</span> <span class='ocrx_word' id='word_1_352' title='bbox 988 3843 1090 3894; x_wconf 89' lang='lat' dir='ltr'>actum</span> <span class='ocrx_word' id='word_1_353' title='bbox 1111 3827 1176 3890; x_wconf 83' lang='lat' dir='ltr'>luit.</span> <span class='ocrx_word' id='word_1_354' title='bbox 1261 3869 1263 3874; x_wconf 69' lang='lat'>,</span> <span class='ocrx_word' id='word_1_355' title='bbox 1349 3843 1350 3888; x_wconf 80' lang='lat' dir='ltr'>l</span> 
     </span>
    </p>
   </div>
   <div class='ocr_carea' id='block_1_14' title="bbox 294 3967 1130 4050">
    <p class='ocr_par' dir='ltr' id='par_1_14' title="bbox 294 3967 1130 4050">
     <span class='ocr_line' id='line_1_42' title="bbox 294 3967 1130 4050; baseline -0.017 -18"><span class='ocrx_word' id='word_1_356' title='bbox 294 3971 444 4033; x_wconf 82' lang='lat' dir='ltr'>Venditio</span> <span class='ocrx_word' id='word_1_357' title='bbox 465 3971 505 4032; x_wconf 85' lang='lat' dir='ltr'>de</span> <span class='ocrx_word' id='word_1_358' title='bbox 528 3993 602 4032; x_wconf 82' lang='lat' dir='ltr'>orca</span> <span class='ocrx_word' id='word_1_359' title='bbox 624 3971 677 4031; x_wconf 85' lang='lat' dir='ltr'>vel</span> <span class='ocrx_word' id='word_1_360' title='bbox 699 3969 737 4028; x_wconf 84' lang='lat' dir='ltr'>de</span> <span class='ocrx_word' id='word_1_361' title='bbox 760 3990 832 4030; x_wconf 83' lang='lat' dir='ltr'>casn</span> <span class='ocrx_word' id='word_1_362' title='bbox 852 3967 947 4050; x_wconf 77' lang='lat' dir='ltr'>infre</span> <span class='ocrx_word' id='word_1_363' title='bbox 966 3968 1130 4028; x_wconf 82' lang='lat' dir='ltr'>civitatem.</span> 
     </span>
    </p>
   </div>
   <div class='ocr_carea' id='block_1_15' title="bbox 162 4077 1243 4339">
    <p class='ocr_par' dir='ltr' id='par_1_15' title="bbox 162 4077 1243 4339">
     <span class='ocr_line' id='line_1_43' title="bbox 243 4077 1243 4170; baseline -0.016 -20"><span class='ocrx_word' id='word_1_364' title='bbox 243 4087 366 4152; x_wconf 72' lang='lat' dir='ltr'>XLlll.</span> <span class='ocrx_word' id='word_1_365' title='bbox 410 4088 581 4170; x_wconf 80' lang='lat' dir='ltr'>Magnifice</span> <span class='ocrx_word' id='word_1_366' title='bbox 611 4086 701 4146; x_wconf 85' lang='lat' dir='ltr'>fratri</span> <span class='ocrx_word' id='word_1_367' title='bbox 727 4086 794 4160; x_wconf 92' lang='lat' dir='ltr'>illo,</span> <span class='ocrx_word' id='word_1_368' title='bbox 819 4105 877 4166; x_wconf 78' lang='lat' dir='ltr'>ego</span> <span class='ocrx_word' id='word_1_369' title='bbox 908 4085 993 4144; x_wconf 89' lang='lat' dir='ltr'>enim</span> <span class='ocrx_word' id='word_1_370' title='bbox 1023 4082 1089 4152; x_wconf 83' lang='lat' dir='ltr'>ille.</span> <span class='ocrx_word' id='word_1_371' title='bbox 1129 4077 1243 4137; x_wconf 66' lang='lat' dir='ltr'>Constat</span> 
     </span>
     <span class='ocr_line' id='line_1_44' title="bbox 163 4167 1242 4246; baseline -0.018 -12"><span class='ocrx_word' id='word_1_372' title='bbox 163 4195 212 4234; x_wconf 88' lang='lat' dir='ltr'>me</span> <span class='ocrx_word' id='word_1_373' title='bbox 233 4172 290 4233; x_wconf 91' lang='lat' dir='ltr'>tibi</span> <span class='ocrx_word' id='word_1_374' title='bbox 314 4170 510 4246; x_wconf 85' lang='lat' dir='ltr'>vendidisse,</span> <span class='ocrx_word' id='word_1_375' title='bbox 534 4181 567 4232; x_wconf 91' lang='lat' dir='ltr'>et</span> <span class='ocrx_word' id='word_1_376' title='bbox 590 4171 632 4230; x_wconf 90' lang='lat' dir='ltr'>ita</span> <span class='ocrx_word' id='word_1_377' title='bbox 653 4168 804 4244; x_wconf 85' lang='lat' dir='ltr'>vendidi,</span> <span class='ocrx_word' id='word_1_378' title='bbox 828 4167 887 4226; x_wconf 88' lang='lat' dir='ltr'>hoc</span> <span class='ocrx_word' id='word_1_379' title='bbox 912 4177 974 4241; x_wconf 88' lang='lat' dir='ltr'>est,</span> <span class='ocrx_word' id='word_1_380' title='bbox 1005 4187 1073 4224; x_wconf 89' lang='lat' dir='ltr'>casa</span> <span class='ocrx_word' id='word_1_381' title='bbox 1098 4181 1160 4220; x_wconf 88' lang='lat' dir='ltr'>mea</span> <span class='ocrx_word' id='word_1_382' title='bbox 1179 4171 1242 4212; x_wconf 87' lang='lat' dir='ltr'>cum</span> 
     </span>
     <span class='ocr_line' id='line_1_45' title="bbox 162 4239 1239 4339; baseline -0.01 -23"><span class='ocrx_word' id='word_1_383' title='bbox 162 4259 229 4339; x_wconf 84' lang='lat' dir='ltr'>ipsa</span> <span class='ocrx_word' id='word_1_384' title='bbox 252 4277 323 4315; x_wconf 89' lang='lat' dir='ltr'>area</span> <span class='ocrx_word' id='word_1_385' title='bbox 346 4255 401 4314; x_wconf 81' lang='lat' dir='ltr'>uhi</span> <span class='ocrx_word' id='word_1_386' title='bbox 420 4255 522 4337; x_wconf 87' lang='lat' dir='ltr'>posita</span> <span class='ocrx_word' id='word_1_387' title='bbox 544 4263 602 4331; x_wconf 88' lang='lat' dir='ltr'>est,</span> <span class='ocrx_word' id='word_1_388' title='bbox 623 4252 706 4310; x_wconf 84' lang='lat' dir='ltr'>iul&#39;ra</span> <span class='ocrx_word' id='word_1_389' title='bbox 729 4249 889 4311; x_wconf 85' lang='lat' dir='ltr'>civitatem</span> <span class='ocrx_word' id='word_1_390' title='bbox 915 4251 964 4310; x_wconf 86' lang='lat' dir='ltr'>vel</span> <span class='ocrx_word' id='word_1_391' title='bbox 993 4249 1124 4327; x_wconf 82' lang='lat' dir='ltr'>burgum</span> <span class='ocrx_word' id='word_1_392' title='bbox 1144 4239 1239 4305; x_wconf 71' lang='lat' dir='ltr'>illumi</span> 
     </span>
    </p>
   </div>
   <div class='ocr_carea' id='block_1_16' title="bbox 0 0 1380 4994">
    <p class='ocr_par' dir='ltr' id='par_1_16' title="bbox 0 0 1380 4994">
     <span class='ocr_line' id='line_1_46' title="bbox 0 0 1380 4994; baseline 0 1"><span class='ocrx_word' id='word_1_393' title='bbox 0 0 1380 4994; x_wconf 95' lang='lat' dir='ltr'> </span> 
     </span>
    </p>
   </div>
  </div>
 </body>
</html>
