2658 4978
174 366 318 421 acan
425 367 558 422 ueeuu
595 367 837 426 FRANCORUM'
935 365 993 429 sae
1099 348 1167 416 153

86 505 216 588 legaliter
234 505 363 565 iuranda
383 507 597 590 accipiuntur,
620 515 651 568 et
667 508 698 565 in
716 507 865 587 praefatis
887 508 1169 588 praedeeessorum

85 605 110 654 et
123 591 354 670 progenitorum
376 599 555 650 nostrorum
574 589 731 670 Capitulis
751 589 918 650 invenitur
940 599 976 648 ut
1004 599 1170 669 postquam

82 679 181 734 Comes
199 681 232 730 et
257 693 412 753 pagenses
444 673 483 736 de
511 673 655 752 qaiailibet
680 671 886 752 expeditione
916 670 1025 732 hostili
1048 673 1169 732 reversi

80 754 189 816 fuerint
207 775 252 813 ex·
269 775 307 812 eo
328 753 379 813 die
397 777 494 836 super
519 754 729 836 quadraginta
745 756 867 828 (noctes
881 760 911 833 g)
926 755 1102 816 sitbannus
1119 776 1169 814 re-

80 841 165 908 sisus,
187 837 275 916 quod
295 836 328 895 in
354 835 465 918 lingua
480 835 660 898 Theodisea
691 837 851 913 scastlegi,
867 836 908 896 -id
935 847 981 897 est
1007 857 1168 896 armorum

81 918 224 1000 depositio
256 928 407 994 vocatur,
429 919 523 978 multi
557 919 632 978 inde
659 918 884 994 contendunt,
918 929 1000 980 etse
1022 918 1108 978 inter
1133 941 1167 980 se

78 1002 245 1065 iectiseunt
288 1001 354 1060 Alii
373 1002 460 1061 enim
478 1023 570 1062 sarum
586 1011 818 1062 sacramentum
835 1000 1077 1083 quadragesimo
1095 1001 1166 1078 die,

78 1088 104 1144 in
122 1105 182 1165 quo
204 1083 289 1142 illud
303 1084 483 1164 accipiunt,
507 1085 611 1144 iurare
629 1085 759 1152 volant;
783 1083 861 1142 etin
883 1094 1008 1144 tantum
1031 1092 1167 1144 eonten-

77 1171 146 1228 dunt
158 1175 191 1224 ut
205 1166 329 1225 etiamsi
349 1167 433 1224 intra
448 1167 731 1247 Quadragesimam
746 1166 827 1224 sacri
851 1166 966 1226 ieiunii
990 1166 1168 1247 quadrage·

76 1252 161 1309 simus
175 1249 243 1308 dies
266 1248 449 1325 advenerit,
472 1271 566 1309 suum
590 1257 822 1308 sacramentum
843 1269 875 1308 se
910 1251 1016 1308 iurare
1048 1248 1167 1308 dehere

76 1331 279 1405 contendant,
303 1340 333 1389 et
346 1341 457 1390 contra
475 1341 654 1392 causatores
673 1352 758 1406 suos,
781 1331 806 1390 si
825 1331 864 1390 ad
887 1331 949 1396 hoc
969 1329 1168 1390 audiendum

77 1436 131 1472 non
153 1414 299 1489 uenerit,
319 1414 494 1479 iectiscant.
536 1415 713 1473 Numerant
736 1412 822 1472 enim
838 1413 930 1491 dies,
959 1423 992 1474 et
1015 1433 1078 1471 non
1103 1433 1168 1471 nu-

76 1505 186 1555 merant
202 1517 279 1554 cum
300 1495 345 1555 eis
361 1507 486 1568 noetes3
510 1497 594 1556 sicut
618 1505 829 1554 numerantur
850 1495 938 1572 dies,
962 1505 993 1555 et
1015 1516 1081 1552 non
1109 1516 1167 1558 nu·

74 1588 226 1638 merantur
244 1588 374 1653 noctes,
397 1579 601 1640 alNativitate
620 1577 751 1637 Domini
775 1599 876 1658 usque
900 1579 939 1638 ad
960 1576 1167 1638 Purificatio-

74 1683 137 1720 nem
152 1671 281 1720 sanetae
304 1661 442 1736 Mariae,
466 1671 497 1720 et
519 1662 535 1720 al
559 1659 806 1720 Resurrectione
840 1660 971 1720 Domini
997 1680 1099 1738 usque
1126 1657 1167 1717 ad

73 1744 292 1802 decensionem
303 1743 444 1802 Domini.
486 1743 737 1824 Quadragesimo
751 1742 838 1803 enim
859 1743 911 1803 die
928 1753 960 1803 et
980 1741 1166 1802 Purifieatio

74 1835 185 1884 sanctae
204 1825 326 1884 Mariae
346 1825 546 1886 laNativitate
568 1825 718 1901 Domini,
748 1835 780 1885 et
807 1824 1048 1906 quadragesimo
1068 1824 1120 1884 die
1148 1824 1166 1884 d

73 1907 311 1966 Resurrectione
328 1907 481 1978 Domini,
504 1929 586 1989 quae
606 1917 654 1967 est
680 1907 713 1964 in
732 1907 892 1967 dominica
917 1909 989 1984 die,
1011 1905 1165 1966 Ascensio

74 1989 189 2046 Domini
214 1990 419 2065 celebratur,
442 2011 524 2070 quae
549 1990 656 2049 evenit
679 1990 791 2070 quinta
813 1990 912 2066 feria,
935 1991 969 2050 id
993 1998 1057 2064 est,
1081 1987 1165 2048 Iovis

74 2071 126 2128 die.
165 2073 205 2130 Et
234 2071 274 2130 de
301 2073 434 2146 diebus,
459 2073 527 2132 sine
551 2073 704 2131 memoria
732 2072 892 2146 noctium,
923 2072 1080 2132 Dominus
1107 2091 1168 2151 per

75 2154 169 2210 lanam
189 2153 384 2234 Prophetam
403 2155 498 2214 dicit:
519 2153 630 2214 Adhuc
649 2154 859 2235 quadraginta
881 2155 968 2230 dies,
992 2167 1022 2213 et
1044 2155 1164 2214 Ninive

74 2236 268 2294 sreduertetur.
310 2239 351 2296 Et
369 2237 664 2318 quadragintadies
680 2237 775 2297 simul
797 2258 869 2296 cum
897 2236 1045 2298 noctibus
1067 2236 1101 2294 in
1122 2235 1166 2294 ie-

73 2317 150 2376 iunio
167 2317 282 2377 Heliae
306 2319 509 2400 Prophetae,
541 2329 573 2379 et
596 2319 716 2400 Moysi,
740 2320 869 2400 quando
892 2319 996 2400 legem
1021 2316 1164 2378 secundo

72 2401 182 2479 aceepit
212 2410 246 2458 et
275 2400 373 2481 ipsius
396 2401 526 2460 Domini
552 2401 676 2460 ieiunio
702 2411 937 2481 computantur.
979 2401 1016 2460 In
1046 2400 1164 2480 quibus

72 2501 117 2538 sex
137 2483 350 2566 septimanae,
373 2483 489 2559 idest,
513 2483 722 2564 quadraginta
740 2493 771 2542 et
795 2485 858 2544 duo
876 2484 943 2544 dies
961 2483 1042 2542 fiunt
1062 2501 1164 2560 usque

73 2563 104 2619 ad
120 2565 400 2624 Resurrectionem
420 2566 573 2642 Domini,
598 2565 787 2645 quaesitio
808 2566 968 2628 dominica
986 2565 1058 2642 die,
1081 2564 1166 2625 sieut

72 2645 240 2706 etinitium
260 2648 539 2728 Quadragesimae.
581 2651 622 2708 Et
639 2647 718 2707 haec
741 2669 806 2707 non
826 2649 895 2708 sine
924 2649 986 2708 Dei
1012 2645 1164 2730 mysterio

72 2726 157 2800 ditat,
181 2749 354 2810 perquem
378 2731 559 2790 conditores
579 2733 687 2812 legum
706 2731 786 2790 iusta
816 2732 1005 2795 decernunt,
1050 2729 1164 2805 Unde,

71 2810 186 2868 sicutin
214 2812 410 2890 quibusdam
428 2813 614 2894 regionibus
635 2813 754 2873 rectius
789 2822 900 2876 tenere
930 2813 1164 2894 comperimuS,

72 2913 123 2948 una
138 2915 210 2952 eum
233 2915 391 2954 consensu
409 2905 440 2955 et
455 2896 598 2956 fidelium
622 2905 804 2956 nostrorum
834 2896 970 2957 consilio
992 2893 1166 2956 'eonstitui-

71 2985 177 3032 masat
193 2977 234 3034 ab
259 2977 328 3056 ipso
350 2977 401 3036 die
431 3000 495 3057 quo
520 2989 752 3039 sacramentum
779 2980 952 3060 accipitur,
987 2989 1058 3058 post
1089 2998 1165 3055 qua-

71 3055 202 3134 draginta
239 3059 305 3118 dies
333 3069 365 3117 et
393 3061 602 3142 quadraginta
623 3071 750 3136 noctes,
773 3061 805 3120 id
833 3072 898 3138 est,
921 3061 1164 3144 quadragesimo

70 3144 199 3200 seeundo
221 3140 273 3199 die
291 3141 329 3200 de
347 3163 402 3201 sex
428 3143 629 3222 septimanis,
661 3144 728 3224 ipsa
756 3144 836 3201 feria
864 3167 928 3223 qua
952 3144 1035 3204 illud
1059 3163 1164 3202 sacra-

70 3231 202 3280 mentum
236 3225 380 3304 aceepit,
412 3226 495 3286 sicut
521 3225 642 3286 Pascha
666 3227 732 3306 ipsa
759 3226 838 3284 l'eria
867 3229 901 3286 lit
942 3249 1003 3306 qua
1035 3227 1165 3285 initium

70 3304 329 3386 Quadragesimae
350 3308 521 3388 accipitur,
545 3309 600 3388 qui
618 3317 848 3368 sacramentnm
866 3308 1013 3386 legaliter
1026 3309 1163 3385 accipit,
1201 3345 1204 3350 Δ

70 3384 207 3464 legaliter
225 3389 259 3446 in
277 3390 354 3448 locis
370 3391 549 3450 constitutis
564 3391 665 3467 iuret,
685 3391 768 3452 sicut
787 3391 817 3448 in
837 3392 1059 3473 Capitulorum
1073 3390 1165 3451 libris

71 3467 263 3528 decessorum
279 3483 310 3530 et
330 3473 572 3553 progenitorum
589 3483 769 3533 nostrorum
786 3475 981 3538 continetur.
1024 3476 1066 3533 Et
1081 3495 1165 3532 amo-

70 3547 104 3605 do
123 3551 212 3610 nialla
234 3553 388 3614 dissensio
409 3555 463 3616 vel
483 3556 666 3615 retractatio
686 3557 718 3614 in
739 3578 840 3637 regno
861 3567 968 3618 nostro
987 3556 1166 3634 alquolibet

71 3630 174 3692 euhoe
196 3634 259 3694 fiat.
304 3637 399 3712 Quod
421 3638 606 3697 mandatum
634 3647 778 3698 nostrum
805 3637 831 3698 si
857 3639 929 3717 quis
956 3648 1162 3698 contemnere

69 3717 323 3796 praesumpserit,
346 3719 488 3778 bannum
510 3729 672 3795 nostrum,
696 3718 729 3778 id
757 3727 823 3793 est,
852 3719 1015 3800 sexaginta
1042 3719 1162 3780 solidos

72 3810 237 3876 componat.
279 3801 365 3860 Etsi
386 3803 467 3884 ipsas
484 3801 551 3862 dies
569 3803 653 3862 intra
671 3801 939 3881 Quadragesimae
965 3821 1053 3860 sacra
1078 3801 1162 3860 ieiu-

72 3877 113 3935 nia
130 3882 293 3957 evenerit,
318 3905 410 3945 nemo
426 3886 506 3945 illud
523 3894 754 3945 sacramentum
773 3885 859 3964 (laod
876 3882 1000 3964 aceepit
1018 3881 1052 3938 in
1072 3885 1163 3958 Qua-

72 3957 234 4040 dragesima
246 3964 349 4026 iurare
366 3975 552 4048 praesumat,
564 3968 639 4046 quia
652 3989 690 4026 ex
703 3966 765 4026 hoe
777 3966 839 4026 iam
855 3964 949 4026 etiam
962 3963 1163 4027 manifestam

71 4039 301 4130 lleivindictam
313 4048 448 4109 vidimus
463 4060 494 4109 et
509 4049 699 4109 aeadivimus.
709 4049 792 4109 Etsi
811 4048 882 4130 quis
896 4045 1162 4130 praesumpserit,

61 4123 364 4189 ‘suniliter'bannnm
387 4141 530 4194 nostrum
554 4141 739 4220 componat,
775 4142 807 4194 et
834 4131 908 4192 inde
931 4128 1163 4217 poenitentiam

85 4239 355 4262 Ἤ--ι-

101 4295 130 4362 g)
164 4297 198 4355 al.
216 4316 260 4352 ms.
282 4275 348 4361 dies,
