2712 4992
190 307 266 383 ³30
520 327 704 384 uancnm
729 328 972 402 toanunaaun

191 467 257 532 alio
278 466 396 530 locello
416 476 624 550 nuncupante
644 467 716 546 illo,
736 468 832 530 situm
853 467 911 547 ibi,
933 467 1088 554 quicquid
1110 467 1218 530 ibidem
1234 470 1261 531 ad

191 571 344 636 praesens
371 549 412 612 de
437 571 634 634 quocunqne
657 552 801 614 adtractu
824 551 944 614 ibidem
969 553 1087 614 habere
1113 551 1262 629 ridebatur,

189 655 266 696 oum
285 633 391 710 terris,
413 633 569 710 domibus,
591 634 757 713 aedificiis,
777 635 956 714 accolabus,
979 634 1157 716 mancipiis,
1174 633 1264 711 vineis,

191 716 293 796 silvis,
314 715 450 798 campis,
470 716 580 798 pratis,
601 718 737 798 pascuis,
760 719 860 798 aquis,
883 739 1078 800 aquarumve
1097 717 1265 793 decursibus,

190 798 247 863 vel
271 797 380 860 omnia
406 798 525 859 ibidem
544 799 761 881 aspicientem,
784 801 828 862 ita
849 810 886 861 ut
907 801 1026 874 abbae
1045 801 1097 861 die
1117 801 1266 880 unusquis-

189 903 255 966 que
274 891 445 942 memorata
466 883 556 959 loca,
584 883 673 965 qnod
698 894 914 967 acceperunt,
947 883 1106 961 habendi,
1135 883 1265 959 tenendi,

190 965 244 1027 vel
264 963 422 1046 quicquid
446 964 562 1026 exinde
584 986 643 1048 pro
672 986 783 1026 eorum
808 968 1050 1048 opportunitate
1083 975 1114 1026 et
1141 986 1266 1044 compen·

191 1047 247 1109 dio
268 1049 374 1108 lacere
402 1047 562 1129 clegerint
583 1049 721 1108 liberum
748 1051 958 1132 perfruantur
983 1050 1160 1116 arbitrium.
1202 1047 1267 1106 lllnd

191 1151 271 1193 vero
295 1129 369 1190 addi
398 1130 550 1190 convenit
558 1177 567 1206 ,
590 1140 627 1191 ut
647 1131 674 1192 si
700 1132 808 1214 aliqua
828 1153 900 1214 pars
920 1154 959 1193 ex
981 1134 1060 1213 ipsis
1084 1140 1139 1193 aut
1159 1129 1267 1190 heredes

189 1213 243 1275 rel
264 1233 465 1276 successores
484 1234 596 1275 eorum
617 1213 679 1274 hoc
708 1225 849 1276 emutare
876 1215 930 1278 vel
956 1218 1121 1297 refragare
1145 1212 1267 1282 voluerit,

190 1316 260 1356 rem
287 1317 384 1378 qnam
407 1297 533 1378 accepit
555 1297 687 1376 amittat,
709 1306 741 1358 et
763 1296 893 1378 insuper
914 1299 1037 1360 inferat
1057 1296 1127 1382 pari
1147 1317 1209 1372 suo,
1228 1296 1267 1374 qni

190 1377 254 1439 boc
275 1381 382 1444 facere
408 1380 676 1462 praesumpserit,
706 1379 774 1440 auri
797 1381 894 1441 libras
921 1388 1046 1458 tantas,
1070 1378 1188 1462 argenti
1207 1399 1268 1457 pon-

191 1461 255 1522 dua
277 1469 376 1538 tanta,
397 1469 430 1522 et
450 1463 539 1540 quod
562 1463 681 1543 repetit
705 1463 870 1524 vindicare
895 1484 959 1523 non
986 1463 1106 1540 valeat,
1120 1460 1183 1524 sed
1202 1481 1268 1540 prae·

191 1563 265 1605 sens
295 1545 519 1622 commutatio,
553 1546 640 1605 uude
660 1545 738 1606 duas
769 1546 855 1606 inter
875 1567 908 1607 se
932 1566 999 1606 uno
1030 1555 1145 1607 tenore
1172 1541 1268 1602 chartas

189 1627 468 1710 conscripserant,
497 1629 587 1688 firma
614 1636 646 1694 et
673 1628 828 1691 inviolata
853 1637 1063 1712 permaneat,
1092 1623 1269 1712 stipulatione

189 1709 343 1775 subnexa.
382 1708 500 1772 Aetam
527 1711 595 1773 illo.

461 1838 646 1903 Concambio
668 1839 708 1900 de
730 1853 817 1902 terre
835 1853 889 1902 ant
913 1841 1020 1910 nitrea.

270 1951 394 2021 XXIV.
436 1953 581 2036 Ideoque
607 1955 728 2036 placuit
755 1955 841 2015 inter
857 1954 915 2014 illo
942 1963 975 2015 et
995 1955 1059 2016 illo
1080 1962 1116 2014 ut
1133 1964 1211 2014 terra
1226 1952 1269 2010 ali-

189 2057 264 2118 qua,
286 2045 341 2095 aut
366 2048 475 2120 prato,
497 2047 552 2098 aut
571 2038 692 2113 vinea,
714 2060 771 2099 seu
792 2037 936 2118 qualibet
957 2037 1045 2098 inter
1071 2059 1104 2100 se
1128 2044 1269 2097 commata-
1317 2099 1318 2116 ,

188 2141 225 2182 re
247 2119 404 2181 deberent
429 2121 517 2201 qnod
543 2121 588 2181 ita
617 2131 650 2182 et
673 2124 832 2182 fecerunt.
881 2120 979 2182 Dedit
1003 2120 1105 2202 igitur
1129 2121 1181 2180 ille
1201 2119 1269 2182 illius

189 2223 302 2282 eampo
326 2201 399 2263 loco
425 2213 633 2285 nuncupante
657 2205 734 2283 illo,
755 2204 894 2264 habente
921 2212 1059 2279 tantum,
1082 2201 1139 2282 qni
1165 2200 1269 2262 subiun-

188 2285 237 2365 git
256 2285 274 2343 d
295 2286 394 2346 latere
418 2307 485 2346 uno
508 2286 578 2362 illo,
600 2287 638 2346 ab
661 2289 725 2348 alio
752 2287 853 2348 latere
876 2295 931 2345 aut
952 2286 1061 2346 fronte
1089 2287 1156 2347 illo.
1194 2281 1267 2342 Sini-

188 2365 214 2426 li
240 2367 336 2428 modo
364 2378 513 2430 econtra
533 2369 566 2430 iu
589 2391 760 2452 compenso
781 2369 870 2430 dedit
896 2368 953 2430 ille
983 2369 1074 2428 illins
1095 2369 1158 2427 alio
1181 2383 1267 2442 campo

189 2447 246 2524 ibi,
268 2459 323 2510 aut
345 2449 377 2510 in
400 2452 464 2511 alio
487 2451 570 2526 loco,
595 2451 733 2514 habente
754 2461 889 2524 tanturn,
912 2450 969 2532 qui
995 2451 1164 2532 subiungit
1182 2449 1215 2509 de
1233 2448 1266 2504 la-

188 2533 311 2596 toribus
337 2533 354 2593 a
380 2535 538 2596 frontibus
561 2533 660 2612 illins,
683 2536 727 2596 ita
742 2546 777 2596 ut
799 2534 837 2594 ab
863 2533 922 2596 hac
939 2533 991 2594 die
1014 2534 1267 2614 unusquisquam

187 2614 266 2698 ipsis
289 2617 377 2696 qnod
396 2617 520 2698 accepit
543 2617 707 2694 habendi,
737 2615 890 2693 tenendi,
913 2618 966 2677 vel
996 2617 1156 2698 quicquid
1175 2611 1265 2674 exinde

188 2699 349 2779 elegerint
376 2700 517 2760 faciendi
538 2700 672 2762 liberam
692 2700 830 2762 habeant
851 2709 1051 2779 potestatem.
1095 2699 1128 2759 si
1149 2695 1212 2777 quis
1225 2714 1266 2750 ve·

188 2803 227 2843 ro
249 2782 374 2864 aliquid
397 2803 436 2844 ex
462 2782 538 2861 ipsis
563 2794 617 2843 aut
636 2784 770 2845 heredes
797 2803 910 2842 eornm
936 2783 989 2844 vel
1010 2781 1195 2863 quicunque
1221 2775 1265 2833 bot

190 2875 332 2926 emutare
356 2865 512 2942 voluerit,
535 2887 631 2948 quarn
658 2866 816 2947 acceperit
839 2864 908 2946 pari
934 2885 992 2925 suo
1018 2865 1157 2935 amittat,
1185 2868 1212 2920 et
1231 2858 1265 2913 in·

188 2969 288 3030 super
320 2947 438 3009 inferat
461 2970 534 3009 curn
562 2950 689 3030 cogenti
715 2951 793 3010 fisco
813 2949 883 3007 anri
911 2956 1054 3024 tantum,
1083 2955 1115 3006 et
1137 2941 1212 3022 quod
1230 2959 1266 2996 re·
1318 3001 1319 3008 ,

187 3031 271 3112 petit
291 3029 458 3092 vindicare
485 3052 550 3092 non
575 3032 690 3109 valeat,
709 3034 765 3093 sed
787 3052 939 3113 praesens
966 3027 1179 3100 commutatio,
1199 3020 1263 3113 nunde
1318 3025 1319 3032 ’

189 3113 278 3176 inter
305 3133 338 3173 se
361 3135 420 3194 pro
449 3113 606 3176 firmitatis
627 3116 768 3175 studium
793 3114 870 3174 duas
894 3135 960 3174 uno
993 3121 1108 3172 tenore
1132 3124 1263 3178 conscrip-

186 3201 319 3273 serunt,
347 3196 433 3255 omni
461 3206 604 3280 tempore
633 3198 722 3258 firma
744 3205 950 3281 permaneat,
980 3192 1183 3279 stipulatione
1208 3185 1261 3248 sub

185 3297 280 3351 nexa,
319 3277 435 3348 Actum
453 3278 522 3340 illo.

458 3405 623 3468 Curationes
645 3404 773 3466 diverso
797 3403 891 3468 modo
905 3403 1022 3488 factae.

268 3518 379 3583 XXV.
419 3521 560 3582 Domino
576 3519 655 3579 mibi
670 3519 810 3604 propitio
831 3519 888 3580 illo
902 3521 968 3581 ille.
990 3522 1077 3581 Dum
1089 3517 1167 3581 etad
1179 3531 1258 3603 meant

187 3602 379 3688 petitionem
396 3612 428 3664 et
449 3604 669 3666 necessitatem
692 3602 872 3684 supplendo
901 3613 1003 3664 vestra
1024 3604 1147 3664 bouitas
1171 3597 1257 3657 10111111

188 3687 358 3748 utlihrarn
373 3687 412 3747 de
430 3696 564 3768 argento
595 3686 635 3744 de
658 3686 754 3756 rebus
776 3686 888 3746 restris
917 3687 997 3754 mibi
1027 3687 1068 3747 ad
1092 3679 1256 3745 beneficium

186 3770 416 3853 praestitistis,
436 3769 511 3831 ideo
529 3789 585 3849 per
600 3767 688 3828 hunc
704 3767 872 3840 vinculum
890 3769 1046 3831 cautionis
1069 3766 1200 3851 spondeo
1217 3777 1254 3818 me

187 3854 350 3914 Kalendas
368 3853 438 3924 illas
455 3851 616 3936 proximas
632 3851 736 3932 ipsum
753 3861 919 3930 argentum
943 3852 1056 3913 vestris
1075 3849 1205 3934 partibus
1222 3861 1255 3929 ess

187 3957 221 3998 se
240 3937 453 3998 redditurum.
496 3934 592 4012 Quod
619 3934 645 3994 si
668 3955 731 3992 non
762 3937 894 4010 fecero,
917 3943 949 3994 et
976 3935 1043 3994 dies
1062 3931 1187 4015 placitus
1207 3939 1254 3982 mer

186 4020 376 4102 praefinitus
400 4017 582 4093 transierit,
606 4037 665 4097 pro
679 4015 813 4099 duplam
836 4017 870 4074 in
891 4017 1065 4076 crastinum
1079 4035 1126 4074 me
1143 4019 1192 4072 aut
1209 4006 1253 4064 he-

176 4105 223 4161 're
238 4107 281 4162 tes
302 4124 387 4163 meos
406 4123 458 4162 vos
481 4111 535 4160 aut
556 4099 690 4159 heredes
708 4099 825 4172 vestri,
848 4107 903 4158 aut
925 4100 979 4159 cui
998 4099 1080 4158 hanc
1103 4095 1253 4159 cautionem

188 4183 342 4245 dideritis
377 4184 585 4263 erigendam,
618 4183 753 4243 teneatis
780 4180 964 4264 olsnorium.
1014 4184 1107 4244 Facta
1129 4173 1250 4240 cautiore

186 4265 254 4343 ibi,
275 4268 334 4327 sub
347 4269 399 4330 die
421 4269 502 4345 illo,
525 4287 611 4327 anno
631 4265 699 4330 ille.
