2786 4980
243 348 273 402 a.
292 341 367 397 cna.
471 339 596 396 arcun
638 341 856 398 aaaaconnu
966 351 1029 410 ose.
1173 339 1222 414 67

140 510 199 554 rum
216 484 353 547 fidelium
371 480 483 543 melius
496 491 529 542 et
548 481 715 544 honestius
736 483 887 547 iuvenire
913 490 1036 570 potuit,
1066 514 1125 576 per
1145 519 1220 562 guo,

139 572 231 636 fideles
246 577 278 630 et
294 588 349 628 sua
366 565 514 648 Capitula
528 564 592 625 iam
610 587 670 654 per
685 566 762 628 duas
779 567 868 644 vices
885 570 976 634 vohis
991 577 1166 642 mandavit.

202 683 243 746 11.
282 681 412 742 Mandat
428 679 517 740 vobis
533 680 610 762 qnia
626 680 710 742 sicut
729 702 789 762 per
801 681 876 745 illos
894 706 968 748 suos
986 689 1098 756 fideles
1111 705 1144 756 et
1159 720 1220 781 per

132 769 229 832 eadem
241 765 385 847 Capitula
400 763 489 822 vobis
508 763 669 840 innotuit,
690 764 718 824 si
734 765 807 824 vult
823 786 899 849 erga
917 789 972 830 vos
989 773 1167 842 adtendere
1186 792 1220 845 et

130 854 287 914 observare.
327 845 411 908 Etsi
429 866 482 906 vos
499 845 605 912 adhuc
622 847 720 906 talem
735 866 862 908 eausam
877 869 951 909 eum
978 859 1142 936 postulare
1160 885 1220 926 νο.

130 933 242 997 lueritis
253 951 332 1013 quae
349 929 391 989 ad
405 950 498 988 suum
512 927 669 988 honorem
693 937 725 990 et
741 929 781 988 ad
797 941 936 992 vestrum
949 940 1132 1018 proiectum
1146 966 1219 1026 per.

130 1019 235 1092 tineat,
252 1022 374 1096 paratus
392 1021 443 1072 est
458 1010 555 1071 etiam
576 1012 610 1071 in
627 1011 690 1071 hoe
719 1012 898 1073 secundum
922 1028 1061 1084 vestram
1082 1027 1217 1108 petitio.

133 1098 201 1162 nem
216 1091 307 1158 iniere
326 1095 418 1156 iuxta
436 1093 608 1155 consilium
631 1094 778 1156 fidelium
799 1117 941 1163 suorum,

207 1213 260 1279 ΙΙΙ.
294 1209 427 1274 Mandat
447 1209 543 1271 etiam
557 1220 594 1271 ut
608 1212 822 1272 recordemini
836 1213 898 1274 Dei
920 1225 954 1276 et
966 1227 1087 1281 vestrae
1101 1213 1217 1287 Chris·

137 1295 278 1374 tianitatis,
298 1303 330 1356 et
358 1293 557 1354 condoleatis
583 1303 682 1375 atque
708 1296 947 1376 compatiamini
976 1298 1055 1363 huic
1084 1315 1213 1372 sanctae

133 1378 288 1455 Ecclesiae,
309 1398 398 1459 quae
420 1386 453 1437 et
469 1377 591 1438 anobis
611 1385 643 1438 et
660 1376 699 1438 ab
724 1378 797 1438 aliis
823 1379 1052 1445 miserabiliter
1079 1395 1127 1448 est
1151 1411 1214 1472 op-

127 1485 217 1548 pressa
231 1470 259 1524 et
274 1459 491 1542 depraedata,
514 1468 546 1519 et
557 1481 640 1541 quae
657 1459 836 1521 crudeliter
853 1477 892 1522 ex
907 1463 1007 1525 altera
1027 1477 1119 1549 parte
1135 1493 1214 1552 per-

126 1545 251 1627 sequitur
269 1541 458 1624 aPaganis:
481 1550 513 1601 et
528 1563 594 1602 non
618 1564 673 1604 vos
694 1541 874 1605 dissocietis
890 1543 929 1604 ab
948 1547 1073 1611 unitate
1083 1559 1117 1611 et
1135 1574 1214 1612 una·

126 1627 251 1688 almitate
267 1625 418 1687 fidelium
432 1623 515 1694 Dei;
538 1625 594 1685 sed
610 1624 801 1687 acceleretis
817 1630 1065 1710 praesentaliter
1082 1655 1139 1694 vos
1160 1635 1212 1697 illi

126 1712 263 1786 adunare,
285 1718 317 1770 et
345 1707 545 1789 coniungere
564 1707 636 1768 aliis
653 1707 715 1768 Dei
738 1707 868 1790 suisque
897 1710 1067 1792 fidelibus,
1089 1716 1130 1777 ad
1153 1717 1213 1780 ‹le-

125 1793 280 1855 iensionem
300 1800 433 1854 sanctae
451 1789 617 1850 Ecclesiae
632 1798 664 1850 et
684 1811 773 1850 suam
796 1791 992 1860 fidelitatem.

190 1907 240 1973 IV.
281 1909 315 1970 Si
339 1914 448 1966 autem
461 1903 566 1966 dicitis
579 1926 634 1964 vos
650 1913 785 1987 propter
799 1927 892 1989 pares
901 1916 1036 1989 vestros,
1046 1911 1104 1994 qui
1119 1934 1211 1995 prae·

126 2000 211 2054 sentes
225 2013 287 2054 non
303 1997 403 2065 sunt,
424 1986 487 2048 hoc
513 2009 579 2048 non
600 2009 693 2070 posse
707 1989 834 2066 tacere,
856 1991 988 2053 mandat
1014 2004 1051 2055 ut
1071 2016 1127 2056 vos
1152 1997 1212 2078 qui

124 2075 153 2135 in
164 2076 408 2158 praesentiarum
437 2072 529 2148 estis,
551 2069 649 2130 talem
664 2071 869 2132 securitatem
891 2075 921 2132 ei
941 2075 1066 2138 faciatis
1086 2088 1123 2139 ut
1143 2099 1211 2140 nou

118 2169 233 2240 propter
261 2159 360 2219 aliam
387 2176 513 2215 causam
539 2151 603 2213 hoc
635 2153 801 2214 dimittatis
822 2153 911 2236 quod
938 2178 999 2238 per
1027 2180 1086 2220 nos
1116 2162 1211 2223 vohis

118 2242 237 2320 mandat,
251 2240 311 2301 nisi
322 2247 456 2322 propter
466 2236 540 2296 illos
553 2246 675 2296 vestros
684 2257 775 2318 pares
786 2239 844 2319 qui
851 2249 1039 2320 praesentes
1049 2263 1114 2303 non
1123 2253 1211 2304 sunt.

117 2321 153 2381 Et
167 2325 253 2385 facite
265 2322 295 2384 ei
312 2321 521 2384 securitatem
530 2327 567 2379 ut
577 2318 651 2380 illos
667 2329 789 2380 vestros
804 2341 896 2400 pares
913 2323 954 2384 ad
963 2323 1026 2384 Dei
1039 2325 1210 2388 servitium

119 2406 187 2466 etad
198 2428 281 2468 suam
297 2404 502 2478 fidelitatem,
513 2402 546 2462 in
565 2411 723 2481 quantum
741 2403 923 2485 potueritis,
938 2403 1154 2468 exhortemini
1176 2419 1211 2470 et

119 2490 308 2568 convertatis,
334 2497 366 2548 et
386 2488 413 2548 si
429 2485 503 2545 illos
519 2484 666 2545 converti
687 2506 752 2545 non
777 2486 967 2565 potueritis,
991 2509 1049 2548 vos
1076 2489 1115 2550 ab
1139 2490 1209 2553 eius

117 2570 228 2632 servitio
248 2593 315 2633 nou
330 2593 389 2632 vos
414 2566 615 2630 subtrahatis.
638 2567 802 2644 Quoniam
821 2567 848 2628 si
870 2589 981 2629 omnes
997 2572 1147 2632 converti
1168 2575 1210 2634 ad

115 2649 194 2713 illam
210 2653 528 2735 volueritis,paratus
548 2658 597 2710 est
612 2671 668 2710 vos
683 2670 794 2710 omnes
807 2651 986 2711 secundum
1003 2661 1132 2714 sanctae
1142 2655 1209 2714 Ec-

117 2735 214 2797 clesiae
234 2737 431 2812 utilitatem,
455 2743 486 2796 et
506 2753 600 2796 suum
618 2731 776 2792 honorem
792 2739 825 2792 et
842 2743 985 2794 restrum
1002 2754 1209 2797 communem

113 2819 298 2899 profectum,
321 2819 468 2901 recipere
484 2826 516 2877 et
531 2816 653 2876 salvare
668 2824 702 2875 et
714 2813 920 2876 honorabiles
934 2836 1061 2896 semper
1075 2816 1206 2896 harbere,

113 2909 139 2958 at
153 2903 230 2962 nulli
249 2923 399 2984 unquam
410 2901 581 2981 imputare,
597 2895 630 2954 in
652 2906 808 2978 quantum
825 2897 865 2957 ad
880 2919 913 2958 se
933 2900 1095 2980 pertinet,
1117 2901 1209 2983 quic·

111 2981 178 3063 quid
193 2986 407 3068 neglegenter
427 2985 548 3042 factum
562 2977 686 3041 habetis
704 2980 744 3040 de
767 2980 838 3041 eius
856 2980 999 3060 servitio,
1022 2992 1078 3044 aut
1096 2983 1131 3044 in
1145 2985 1207 3046 ista

109 3087 189 3128 causa
201 3079 317 3129 contra
335 3059 430 3127 illum
451 3064 568 3146 egistis.

177 3181 214 3246 V.
253 3183 300 3243 Et
312 3180 442 3242 mandat
459 3178 548 3241 vobis
570 3176 647 3260 quia
662 3185 831 3262 postquam
849 3190 988 3243 vestram
1016 3181 1204 3244 fidelitatem

110 3265 299 3342 cognoverit,
321 3261 567 3324 securusetiam
581 3282 638 3322 vos
657 3261 754 3321 faciet
772 3284 812 3323 ex
830 3285 885 3322 sua
901 3275 992 3345 parte
1008 3265 1098 3346 quod
1119 3267 1204 3326 nulli

109 3342 207 3406 debeat
224 3356 377 3430 reputare
390 3345 453 3406 hoc
470 3343 559 3425 quod
573 3365 648 3425 erga
668 3343 761 3403 illurn
779 3345 993 3426 neglegenter
1011 3347 1076 3427 egit
1095 3349 1125 3420 in
1140 3348 1201 3408 hac

109 3447 203 3500 causa3
226 3430 272 3489 ita
287 3439 394 3490 tamen
412 3429 437 3488 si
452 3448 507 3488 vos
522 3447 653 3508 quoque
673 3447 747 3508 erga
767 3427 862 3486 illum
883 3427 1029 3487 debitum
1044 3427 1202 3490 honorem

107 3516 142 3650 (ἐὲ
159 3511 296 3651 plebitam
329 3511 518 3574 fidelitatem
552 3509 838 3585 conservaveritis,
879 3509 963 3570 sicut
993 3509 1054 3570 Dei
1083 3512 1200 3591 suique

142 3599 215 3654 ets·
1152 3624 1159 3631 ‘

173 3705 232 3774 Vl.
273 3708 317 3770 Et
332 3707 358 3770 si
376 3707 486 3790 aliqua
507 3705 581 3790 pars
603 3727 643 3768 ex
670 3703 762 3764 vobis
787 3701 827 3762 ad
851 3701 919 3764 eius
947 3705 1144 3766 senioratum
1166 3685 1203 3767 et

106 3784 138 3846 ad
151 3789 215 3858 eius
230 3791 421 3854 fidelitatem
445 3791 565 3852 reverti
581 3787 741 3864 valuerit,
764 3785 915 3848 similiter
930 3795 977 3845 est
997 3799 1124 3868 paratus
1147 3811 1202 3850 eos

106 3866 229 3956 benigue
246 3874 413 3958 recipere,
437 3883 469 3936 et
491 3895 563 3956 erga
587 3873 661 3934 illos
687 3869 879 3930 omnimodis
912 3869 1087 3954 adimplere
1112 3892 1197 3956 quae

107 3957 236 4037 superius
255 3957 373 4041 scripta
387 3967 471 4023 suut.
