2746 4992
292 311 422 368 ncnn.
478 317 481 324 ¹
530 307 792 366 rurenaronou
895 313 956 366 aas.
1158 299 1228 368 271
1271 355 1287 366 ,,
1364 325 1368 332 =

123 454 166 515 Et
183 451 323 533 primurn
353 448 486 530 quidem
504 448 603 532 ipsins'
625 447 688 509 loci
699 447 883 530 Presbyteri
900 451 950 510 vel
970 454 1089 517 caeteri
1111 455 1231 518 Clerici

123 537 279 596 idoneum
303 533 363 593 sibi
387 535 558 593 Rectorem
574 532 705 614 eligant.
746 531 1004 616 Deindepopnli
1024 538 1080 619 qui
1102 541 1141 598 ad
1157 563 1231 598 ran-

125 621 198 678 dem
214 618 341 697 plebem
359 615 471 696 aspicit
489 625 643 697 sequatur
658 635 811 679 assensus.
855 616 887 676 Si
906 627 1012 677 autern
1035 624 1067 679 in
1088 623 1151 704 ipsa
1168 629 1233 702 ple·-

123 701 256 762 be·talis
285 699 428 758 inveniri
458 720 522 758 non
552 698 695 778 potuerit
717 697 773 776 qui
806 699 891 757 illud
912 721 992 780 opus
1013 715 1233 786 competenter

124 803 279 866 peragere
295 781 411 863 possit,
433 789 511 841 tunc
526 779 705 874 Episcopus
722 783 760 840 de
777 781 861 859 suis,
883 804 982 863 quem
1008 786 1161 847 idoneum
1181 789 1233 849 iu-

126 865 302 938 dicaverit,
317 864 406 934 ,initi
422 863 604 923 constituat.

212 947 252 1006 V.
295 949 377 1006 Sane
406 946 603 1006 removenda
633 946 836 1027 quorundam
860 947 1016 1008 laicorum
1039 953 1233 1032 procacitas,

127 1031 186 1116 qui
202 1030 266 1090 boc
283 1030 351 1089 solo
368 1028 501 1088 obtentu
523 1028 610 1110 quod
634 1029 674 1089 ad
699 1028 868 1090 electionis
895 1033 1095 1093 consortium
1119 1037 1234 1096 admit·
1288 1065 1294 1080 =

128 1125 258 1188 tantur,
283 1109 577 1193 Archipresliyteris
595 1112 660 1171 suis
677 1111 836 1171 dominari
850 1123 1077 1196 praesumunt,
1100 1127 1141 1190 et
1155 1141 1236 1198 quos

131 1209 284 1278 tanquam
315 1204 422 1276 patres
448 1193 599 1256 venerari
628 1194 831 1272 debuerant,
861 1198 1124 1280 reliit‚subilitos
1155 1223 1235 1262 con-

130 1288 288 1343 temnunt.
330 1276 369 1336 Hi
395 1277 495 1360 igitur
515 1277 599 1336 intra
626 1276 749 1359 proprii
770 1278 849 1338 iuris
870 1279 1025 1341 terminos
1048 1293 1124 1341 sunt
1147 1285 1237 1345 redi-

132 1361 237 1446 gendi.
279 1360 321 1420 Et
353 1360 379 1420 si
413 1359 699 1421 extraordinariam
735 1360 986 1421 dominationem
1017 1364 1050 1422 in
1083 1367 1238 1428 Ecclesiis

132 1463 285 1508 exercere
316 1442 608 1526 praesumpserint,
639 1442 728 1524 regia
754 1453 830 1503 sunt
853 1443 1022 1525 disciplina
1055 1451 1237 1524 coercendi,

132 1527 194 1610 ipsi
214 1546 294 1586 vero
314 1524 370 1604 qui
386 1526 426 1585 ad
449 1522 671 1607 gubernandas
693 1524 805 1607 plebes
820 1525 964 1608 legitime
985 1532 1128 1609 provecti
1149 1543 1235 1609 sont,

131 1609 321 1669 nullatenus
346 1606 363 1666 a
379 1607 443 1668 suis
457 1607 624 1691 Episcopis
640 1608 856 1689 repellantur,
876 1609 1007 1672 uisi'aut
1028 1613 1164 1674 alicuius
1179 1618 1239 1674 cri-

128 1693 225 1753 minis
239 1700 364 1750 reatum
380 1691 567 1769 inciderint,
586 1699 641 1749 aut
654 1690 780 1750 easdem
796 1691 907 1774 plebes
924 1694 1005 1754 male
1021 1700 1239 1759 tractaverint.

216 1773 274 1833 Vl.
316 1774 475 1834 Tollenda
493 1783 539 1834 est
560 1773 647 1835 enim
666 1795 763 1854 prava
786 1776 918 1834 omnino
934 1781 1133 1841 consuetudo
1156 1802 1239 1863 qnae

128 1859 165 1919 iu
193 1856 388 1940 quibusdam
407 1856 488 1918 locis
505 1856 583 1917 oriri
599 1856 722 1938 coepit;
744 1856 821 1938 quia
841 1859 994 1918 nonnulli
1011 1860 1241 1946 Archipresby-

130 1941 212 2018 teri,
235 1939 288 2001 'vel
305 1938 442 2000 aliorum
459 1940 629 2000 titulorum
646 1940 813 2014 custodes,
835 1940 943 2022 fruges
957 1943 1006 2003 vel
1028 1946 1107 2006 alios
1124 1949 1240 2008 Eccle-

133 2025 254 2085 siarum
273 2020 396 2083 reditus
414 2023 454 2084 ad
479 2021 623 2105 proprias
649 2021 957 2088 domosabducunt.
1001 2026 1141 2102 Quidam
1164 2051 1241 2090 vero

137 2107 276 2168 aliorum
291 2105 506 2185 possessiones
524 2104 730 2179 conducunt,
754 2114 792 2165 ut
805 2103 839 2163 in
862 2105 908 2166 eis
923 2127 1005 2187 quae
1024 2110 1062 2168 ab
1087 2113 1241 2173 Ecclesiis

135 2189 201 2251 suis
225 2187 307 2246 male
329 2187 759 2252 subtraxeruntrceondant.
787 2187 946 2248 Nonnulli
968 2195 1243 2256 autemlaicorum

136 2273 312 2331 intantum
331 2293 441 2332 eorum
457 2269 621 2351 nequitiae
643 2293 674 2331 se
688 2269 861 2352 complices
877 2272 1001 2333 faciunt
1023 2287 1059 2336 ut
1082 2299 1164 2359 quae
1184 2279 1244 2338 bu-

136 2352 275 2416 iusmoili
309 2363 557 2436 transgressores
583 2352 621 2412 ab
653 2353 800 2412 Ecclesia
826 2352 1077 2436 subripuerunt,
1121 2362 1181 2444 ipsi
1208 2363 1241 2421 in

136 2438 202 2499 suis
221 2437 369 2498 domibus
391 2437 595 2500 abscondant.
637 2435 732 2496 Tales
748 2456 825 2516 ergo
848 2435 1026 2518 primumi
1056 2443 1121 2503 suis
1149 2445 1245 2524 Epis.

140 2521 230 2602 copis
248 2520 475 2602 corripiantur.
518 2519 616 2595 Quod
634 2519 661 2581 si
685 2539 718 2578 se
743 2517 837 2578 citius
869 2522 1031 2605 corrigere
1053 2526 1244 2601 noluerint,

138 2614 292 2684 tanquam
305 2603 361 2685 qui
378 2600 609 2664 ecclesiasticas
634 2622 684 2662 res
702 2600 855 2682 sacrilega
878 2605 1056 2666 temeritate
1085 2619 1245 2669 tractave-

139 2697 235 2762 runt,
259 2686 407 2768 synodali
432 2683 592 2746 sententia
619 2683 785 2748 feriantur.
826 2684 939 2746 Laicos
964 2710 1042 2748 vero
1082 2692 1137 2770 qui
1174 2700 1247 2772 post

140 2769 223 2828 bane
239 2769 519 2828 denuntiationem
532 2765 634 2828 socios
652 2786 684 2827 se
700 2765 797 2826 buius
810 2767 1245 2852 expilationispraebuerint,

140 2861 295 2932 tanquam
314 2851 392 2911 furti
408 2872 498 2926 reos,
522 2849 691 2910 iudiciaria
711 2849 885 2910 coarctabit
900 2855 1082 2916 auctoritas.

225 2933 299 2996 Vll.
341 2937 389 2994 De
405 2932 634 2993 restauratione
648 2931 866 2993 Ecclesiarum
881 2931 965 2996 illud
980 2938 1164 3019 Capitulum
1184 2941 1247 3000 suf-

142 3017 210 3078 ficit
229 3016 317 3098 quod
338 3016 474 3077 Genitor
490 3024 597 3075 vester
617 3014 650 3073 in
674 3013 859 3096 Capitulare
878 3036 936 3076 suo
963 3023 1139 3083 constituit.
1182 3023 1247 3084 Sed

142 3111 178 3161 ut
194 3109 363 3176 servetur,
386 3107 491 3159 vestra
510 3097 635 3179 indiget
648 3097 879 3159 admonitione.

226 3182 320 3242 Vlll.
363 3181 523 3242 Similiter
537 3188 568 3240 et
588 3181 628 3240 de
645 3179 877 3258 xenodochiis,
898 3181 983 3244 sicut
999 3183 1030 3242 in
1054 3185 1167 3247 codem
1184 3189 1246 3249 Ca·

142 3264 276 3348 pitulari
301 3264 509 3340 continetur,
532 3263 766 3324 observandum
781 3273 837 3328 est.
1156 3312 1159 3318 .

226 3346 286 3413 lx.
327 3346 587 3407 DeMonasteriis
602 3355 709 3406 autem
726 3346 868 3406 virorum
883 3367 938 3406 sen
953 3347 1247 3434 feminarum,quae

145 3431 324 3492 secundum
343 3429 489 3511 regulam
505 3428 606 3491 sancti
615 3427 783 3489 Benedicti
800 3428 852 3489 vel
866 3432 1043 3491 secundum
1061 3437 1247 3498 canonicam

146 3514 369 3574 auctoritatem
386 3511 537 3593 disposita
555 3533 623 3574 esse
644 3510 785 3588 debent,
806 3512 885 3592 quia
907 3513 1074 3595 inspiratio
1100 3518 1269 3600 omnipo-¹

147 3596 337 3672 tentisDei,
361 3605 398 3655 ut
421 3594 605 3670 credimus,
628 3615 687 3654 cor
705 3593 806 3655 vestri
826 3595 1053 3657 moderaminis
1080 3597 1247 3678 incitavit,

145 3679 208 3760 ipsi
223 3678 338 3762 gratias
353 3677 533 3738 referimus.
573 3679 654 3739 Nam
670 3677 757 3758 quod
773 3676 836 3736 iam
851 3678 987 3736 maxima
1004 3700 1042 3738 ex
1061 3691 1149 3760 parte
1165 3684 1248 3748 orili-

144 3783 222 3822 nem
247 3783 339 3822 suum
354 3760 533 3836 amiserint,
556 3760 702 3821 omnibus
720 3768 767 3820 est
781 3759 995 3820 manifestum.
1039 3765 1128 3838 Quae
1153 3777 1187 3824 ut
1209 3768 1247 3828 ad

145 3845 320 3926 pristinum
340 3853 458 3914 statum,
469 3843 685 3920 reducantur,
708 3842 742 3901 in
760 3843 892 3903 Domini
906 3864 942 3903 ac
968 3846 1131 3908 Genitoris
1152 3853 1248 3918 rostri

146 3949 183 3987 ac
199 3938 305 3988 vestra
321 3926 459 4007 gloriosa
479 3925 688 4006 dispositione
710 3925 864 3987 consistit.
1181 3994 1185 3999 ¹

231 4009 273 4071 X.
315 4011 362 4070 Ea
378 4010 510 4091 quidem
526 4005 812 4089 Monasteriaquae
827 4006 932 4069 adhue
956 4015 1070 4069 statum
1091 4035 1183 4074 suom
1202 4039 1249 4077 rc.

144 4093 271 4171 tinent,
294 4113 558 4173 unumquemque
576 4091 810 4175 Episcoporum
831 4091 865 4152 in
883 4091 976 4152 cuins
993 4096 1144 4175 parochia
1169 4123 1248 4160 con-

146 4176 258 4237 stituta
281 4185 357 4236 sunt
372 4175 544 4257 providere
558 4183 685 4258 oportet
706 4182 814 4234 utrum
832 4173 979 4236 ordinem
994 4199 1088 4237 suum
1110 4190 1249 4253 teneant,

145 4258 248 4339 Quod
262 4258 290 4322 si
306 4258 401 4334 aliter
414 4255 597 4340 invenerit,
616 4277 682 4324 uua
698 4275 774 4322 oum
785 4259 922 4322 Rectore
941 4259 1128 4325 Monosterii
1146 4272 1250 4330 corri-
