2658 4978
220 355 255 412 e.
274 353 352 434 cun,
454 351 583 410 uranu
599 351 860 444 rurrutconun¹
918 353 980 420 stc.
1081 339 1154 421 ¹07

91 500 155 562 sicut
168 494 257 556 etiam
273 492 428 576 primores
447 494 540 576 regui
562 460 659 556 totius
682 493 895 574 invenerant,
922 496 1094 564 tenendam
1123 513 1157 570 et

88 575 302 663 gubernandam
320 575 467 658 suscepi*
495 577 601 652 Quam
618 577 809 640 divisionem
822 576 910 640 inter
923 600 974 642 me
995 589 1029 644 et
1041 583 1156 648 fmtres

84 683 156 722 meos
173 659 208 719 dc
224 667 383 720 caeterea
396 679 446 719 me
464 658 714 722 substantialiter
727 660 922 740 tenendam,
943 662 1026 727 sicut
1044 674 1077 726 et
1099 667 1155 728 alii

82 744 131 824 qni
153 740 193 801 ibi
210 741 382 804 adfuerunt
400 739 562 823 Episcopi,
587 741 718 804 Wenilo
737 741 819 801 mihi
841 743 1056 841 fratribusque
1073 749 1154 811 meis

78 823 193 907 propria
206 843 302 883 manu
326 822 464 882 iurarit:
485 843 598 902 pacem
622 823 717 884 ctiam
736 832 769 884 ct
791 834 938 886 mutuum
959 829 1154 894 adiutorium

79 909 155 966 iuter
169 926 216 1047 unp
232 913 264 965 et
282 907 462 986 praefatum
481 907 614 969 fratrem
632 905 871 972 hludouvicum
890 909 1023 976 wenilo
1046 933 1152 978 sacre·

77 997 172 1052 mento
212 987 334 1052 rmavit'.

145 1115 205 1184 111.
246 1117 312 1181 Sed
331 1126 365 1180 et
382 1117 540 1200 posthoc,
564 1117 724 1183 electione
750 1141 807 1182 sua
832 1119 1033 1204 aliorumque
1057 1121 1153 1207 Epis·

76 1222 232 1286 ceperum,
264 1221 301 1261 ac
325 1210 525 1263 caeterorum
543 1202 694 1263 fidelium
724 1202 818 1284 regni
842 1205 943 1265 nocui
969 1205 1151 1287 voluntate,

74 1290 270 1359 consensu-et
294 1282 531 1362 acclamatione,
553 1306 626 1347 cum
645 1283 715 1346 aliis
735 1283 993 1368 Archiepiscopis
1010 1298 1042 1348 et
1057 1288 1153 1374 Epis·

73 1367 150 1449 copis
165 1363 296 1430 Wenilo
311 1365 345 1425 in
365 1366 503 1428 dioecesi
523 1388 590 1444 sua,
611 1367 697 1448 apud
712 1366 894 1429 Aurelianis
912 1367 1095 1448 civitatem,
1116 1371 1152 1431 in

72 1447 188 1510 basilica
206 1456 332 1508 sanctae
351 1449 480 1526 Crucis,
505 1469 554 1509 me
578 1449 754 1511 secuudum
769 1448 975 1511 traditionem
990 1451 1164 1514 ecclesiam*

71 1531 155 1592 ticam
170 1529 292 1610 Regem
315 1530 532 1606 consecravit,
560 1539 592 1590 et
607 1530 653 1610 ,in
683 1531 777 1612 regni
800 1531 957 1614 regimine
982 1531 1155 1596 chrismate

70 1633 149 1676 sacro
168 1611 341 1696 perunxit,
362 1623 395 1677 et
417 1613 595 1674 diademate
621 1622 717 1693 atquc
738 1612 830 1696 regni
855 1623 981 1697 sceptro
1004 1613 1038 1674 in
1059 1615 1153 1699 regui

72 1694 142 1756 solio
163 1693 358 1759 sublimavit.
397 1695 426 1755 A
450 1716 514 1776 qua
536 1693 776 1757 consecratione
798 1696 851 1757 vel
868 1695 962 1778 regui
984 1697 1156 1761 sublimate

72 1776 255 1860 supplantari
279 1775 334 1836 vel
361 1776 474 1859 proiici
498 1799 516 1836 a
532 1776 624 1837 nullo
651 1777 841 1855 debueram,
862 1779 974 1839 saltem
1003 1780 1073 1842 sine
1098 1801 1158 1842 au·

71 1859 178 1920 dientia
201 1868 235 1920 et
249 1856 371 1919 iudicio
384 1859 616 1941 Episcoporum
633 1879 770 1940 quorum
790 1859 968 1921 ministerio
986 1860 1020 1921 in
1034 1862 1156 1958 Regem

70 1963 130 2001 sum
157 1949 379 2018 consecratus,
402 1941 512 2023 etqui
534 1940 645 2002 throni
669 1941 730 2003 Dei
753 1950 828 2002 sunt
848 1941 945 2020 dicti,
973 1942 1008 2002 in
1036 1945 1154 2028 quihus

68 2025 142 2084 Deus
158 2023 258 2102 sedet,
275 2031 307 2083 et
321 2043 379 2102 per
398 2044 479 2104 quos
497 2045 553 2084 sua
575 2023 721 2085 decernit
736 2022 871 2098 iudicia;
895 2045 1034 2107 quorum
1048 2034 1154 2110 pater·

70 2106 114 2164 nis
130 2105 385 2188 correptionibus
407 2116 439 2165 et
469 2105 682 2187 castigatoriis
707 2105 835 2170 iudiciis
858 2128 909 2170 me
931 2105 1071 2174 subdere
1099 2109 1151 2172 snt

69 2196 204 2270 paratus,
237 2197 270 2250 et
291 2187 324 2248 in
345 2187 506 2269 praesenti
530 2209 600 2250 sum
625 2187 780 2255 subditus.

137 2300 194 2370 IV.
235 2301 385 2384 Denique
405 2323 480 2368 cunr
499 2304 673 2368 seditiones
692 2304 726 2365 in
753 2325 854 2388 regno
875 2313 1061 2389 nostro'per
1086 2305 1149 2369 bn·

70 2384 158 2448 mines
187 2385 401 2448 irreverentes
423 2396 599 2469 coeperunt
623 2386 845 2456 crebrescere.
877 2409 1037 2452 consensu
1057 2389 1171 2473 Epis-¹

69 2489 209 2548 cuparum
240 2490 277 2530 ac
300 2479 497 2530 caeterorum
524 2469 878 2532 fidelinmnostrorum
902 2471 1149 2554 chirographum

69 2547 194 2611 inuicem
222 2549 483 2631 conscripsimus,
513 2550 654 2633 qualiter
670 2551 740 2634 'ego
762 2571 836 2634 erga
856 2574 929 2630 eos,
953 2564 1147 2636 cooperante

68 2630 203 2708 Domino,
230 2652 323 2715 agere
347 2632 483 2712 vellem,
505 2643 538 2694 et
553 2633 695 2716 qualiter
713 2632 791 2695 mihi
811 2634 948 2696 consilio
969 2645 1001 2697 et
1025 2635 1148 2697 anxilio

70 2710 155 2772 iidem
175 2715 285 2776 fideles
306 2713 406 2773 nostri
427 2712 465 2773 ah
491 2715 565 2776 iude
588 2716 789 2798 postmodum
813 2716 962 2778 solatium
982 2718 1067 2780 ferre
1094 2718 1148 2780 dc·

68 2789 205 2858 buisscnt.
253 2793 315 2858 Cui
341 2795 458 2878 scripto
481 2797 614 2860 Wenilo
645 2797 729 2881 apud
751 2795 1054 2864 Baicruam-villem
1075 2821 1157 2882 pro·-.

68 2875 128 2959 pria
144 2900 238 2939 manu
260 2876 455 2964 subscripsit,
476 2877 560 2942 sicut
583 2880 617 2942 in
637 2879 798 2966 praesenti
824 2879 938 2944 ridere
962 2881 1107 2967 potestis.

138 3007 177 3076 V,
216 3009 344 3072 Deinde
369 3034 442 3073 cnm
467 3023 578 3074 contre
597 3015 741 3098 Paganos
769 3017 809 3078 ad
837 3015 975 3080 insulam
999 3014 1065 3078 loci
1089 3015 1147 3099 qui

71 3086 196 3152 oscellus
217 3092 338 3153 dieitur
358 3116 430 3155 cum
444 3095 593 3158 fidelibus
615 3099 741 3178 nostris,
763 3109 795 3162 et
813 3109 943 3162 terreno
969 3097 1087 3162 itinere
1108 3122 1146 3160 ae

69 3171 196 3254 nauigio,
217 3175 300 3237 sicut
319 3176 417 3253 scitis,
439 3179 576 3259 perrexi,
598 3180 727 3261 quidam
744 3203 762 3242 a
780 3182 871 3244 nohis
893 3181 1078 3246 deficientes
1096 3183 1147 3244 fu·

68 3273 102 3332 ga
126 3253 200 3338 lapsi
227 3266 311 3318 sunt.
363 3258 494 3321 Wenilo
517 3270 678 3324 autem'se
698 3283 758 3344 pro
781 3264 966 3328 infirmitate
986 3285 1044 3328 sue
1064 3263 1146 3327 illuc

68 3335 187 3400 irenen
207 3360 300 3422 posse
321 3340 449 3420 diceus,
483 3342 652 3404 adsedem
682 3366 770 3405 suam
790 3367 937 3409 reuersus
958 3354 1014 3411 cst.
1061 3348 1149 3408 Dum

69 3425 160 3479 autem
182 3420 214 3480 in
246 3423 413 3506 procincto
439 3445 478 3485 eo
506 3446 563 3486 nos
593 3425 712 3488 infirmi
733 3427 930 3508 degeremus,
951 3429 1051 3490 frater
1071 3449 1148 3490 nos·

69 3506 110 3558 ter
129 3503 371 3584 Hludouvicus,
404 3505 488 3568 sicut
509 3507 606 3586 scitis,
629 3531 704 3571 cum
724 3530 819 3568 maun
838 3508 950 3571 hostili
971 3509 1149 3571 etseditio·
1237 3585 1239 3589 Ι

16 3645 20 3656 ,
69 3579 104 3640 sis
123 3583 301 3648 hominihus
334 3609 373 3649 ex
393 3610 495 3670 regno
522 3611 579 3650 suo
602 3612 738 3673 regnum
762 3601 905 3654 nostrum
930 3591 1056 3672 irrupit.
1096 3590 1148 3652 Ad

70 3663 146 3728 cuius
165 3668 362 3751 colloquium
376 3671 445 3733 sine
468 3693 538 3732 mea
557 3672 721 3735 voluntate
743 3681 838 3754 atquc
859 3673 991 3735 licentia
1016 3671 1149 3735 Wenilo

72 3747 156 3824 uenit,
176 3771 273 3832 quem
298 3754 570 3838 supplantatorem
594 3775 700 3815 meum
721 3777 788 3816 esse
810 3755 962 3838 cognovi3
985 3754 1072 3839 quod
1088 3775 1147 3819 ne·

72 3844 113 3887 tun
128 3829 355 3915 Episcoporum
376 3855 416 3897 ex
435 3858 536 3920 regno
558 3846 667 3898 nostro
688 3837 770 3900 alius
790 3838 877 3906 fecit.

138 3943 193 4013 Vl.
233 3950 282 4010 De
298 3943 435 4028 caetero,
456 3973 529 4014 curn
551 3963 663 4014 contra
680 3953 880 4036 praedictum
899 3952 1030 4016 fratrem
1043 3973 1149 4014 meum

72 4032 100 4084 et
115 4025 252 4092 inimicos
273 4053 382 4109 mens,
405 4055 442 4096 nc
462 4041 635 4096 vastatores
660 4037 823 4100 Ecclesiae
846 4047 878 4099 ct
903 4037 1149 4118 depopulatores

72 4109 148 4189 regui
167 4113 222 4194 qui
247 4135 321 4175 cum
339 4115 397 4176 illo
419 4125 519 4195 eraut,
542 4139 616 4178 cnm
631 4117 780 4183 fidelibus
803 4118 865 4181 Dei
885 4141 921 4182 ac
940 4117 1056 4180 nostris
1079 4139 1150 4204 per·

72 4189 140 4267 rexi,
159 4213 216 4257 nec
237 4217 296 4279 per
314 4219 347 4260 se
369 4197 473 4280 ipsum
496 4221 556 4262 nec
575 4221 633 4283 per
655 4200 797 4264 debitum
818 4201 968 4265 solatium
982 4201 1071 4281 qnod
1090 4222 1149 4262 an-

74 4278 223 4340 tecessores
242 4278 305 4342 mei
326 4281 426 4362 Reges
448 4291 479 4344 et
506 4303 565 4366 ego
588 4281 656 4368 ipse
678 4303 717 4346 ex
739 4284 883 4349 Ecclesia
908 4281 959 4345 illi
984 4283 1148 4349 commisse
