2746 4992
177 304 253 380 2⁰4
347 382 350 392 Δ
426 327 553 384 scrin
659 328 900 386 clrrrumnrs
1003 331 1092 399 up
1144 285 1178 340 Ὗ

177 465 328 552 synodo,
349 464 504 550 adquam
526 469 596 532 Deo
626 469 708 532 duce
760 491 796 532 ro
822 467 999 530 innumeris
1031 464 1253 530 necessitatibus

177 561 210 613 et
224 549 417 612 utilitatibus
441 559 568 612 sanctae
584 553 645 612 Dei
667 491 833 614 Ecclesiae
853 547 1042 613 convenisse
1061 549 1257 627 dinoscimur,

177 635 292 696 iterato
313 631 419 692 cordis
438 632 601 696 allectibus
623 643 655 710 et
669 634 734 697 oris
750 634 880 697 vocibus
894 641 927 694 et
941 653 1053 692 manus
1068 631 1259 714 subscriptio·

178 715 273 776 uibus
291 713 487 791 roboremus,
512 738 572 778 nec
593 717 668 796 sint,
690 717 778 798 quod
796 717 892 794 absit,
915 715 950 776 iu
973 713 1066 786 uobis
1087 713 1255 792 schismata,

176 820 259 880 quae
278 797 450 880 Apostolus
463 799 652 862 medullitus
671 808 849 879 execratur,
866 819 928 862 nec
947 797 1127 860 animorum
1143 796 1262 859 alicuius

177 879 346 945 divisionis
363 879 414 943 vel
435 880 626 944 diversitatis
647 883 813 945 dissensio.

438 1016 672 1081 Rssronaro
706 1019 1022 1085 Er1scoroausr.

258 1130 355 1209 Ecce,
375 1131 556 1194 beatissime
582 1144 615 1195 et
635 1134 809 1217 apostolice
831 1136 971 1198 Domine
999 1135 1086 1216 Papa
1108 1131 1260 1212 lohannes,

177 1213 251 1276 luce
285 1215 403 1276 clarius
432 1215 577 1278 videmus
603 1225 745 1277 mentem
774 1217 871 1300 apicis
904 1218 1005 1280 vestri
1047 1214 1144 1299 gratia
1175 1217 1262 1278 sancti

176 1297 316 1380 Spiritus
337 1298 546 1376 inlustratum,
568 1301 625 1381 qui
651 1301 796 1382 profecto
822 1323 901 1382 quos
924 1298 1113 1382 repleverit,
1135 1299 1264 1360 ardentes

175 1379 296 1463 pariter
324 1389 357 1442 et
382 1382 552 1462 loquentes
574 1383 663 1444 facit.
703 1382 772 1444 Nisi
795 1383 883 1444 euim
904 1383 971 1465 ipse
996 1403 1054 1443 cor
1078 1389 1212 1444 vestrum
1227 1381 1266 1440 in·

175 1463 303 1526 radians
331 1463 506 1545 tetigisset,
544 1485 604 1526 nee
632 1465 672 1526 ad
695 1473 801 1526 tantae
833 1465 1020 1526 dilectionis
1044 1485 1120 1547 erga
1146 1484 1200 1526 nos
1218 1463 1266 1524 lla·

176 1546 332 1626 grantiam
355 1546 595 1624 accenderetur,
618 1569 678 1608 nec
698 1547 739 1607 ad
761 1556 808 1607 tot
828 1547 1002 1608 mellifluos
1019 1557 1052 1608 et
1067 1547 1211 1608 salutares
1226 1546 1265 1605 ef·

174 1629 290 1703 tectus,
310 1629 427 1712 quibus
447 1651 505 1690 nos
521 1629 736 1712 proculdubio
750 1629 802 1712 pie
821 1641 854 1691 et
876 1631 1001 1692 assidue
1022 1629 1187 1707 instruitis,
1203 1647 1266 1711 pro-

176 1711 331 1784 culdubio
353 1721 545 1777 moveretur.
590 1712 772 1794 Spiritalem
795 1722 901 1775 autem
926 1713 1032 1772 filium
1060 1723 1198 1776 vostrum
1215 1711 1267 1770 Do·

177 1793 303 1854 minum
332 1795 560 1876 lmperatorem
579 1795 735 1855 Karolum
761 1795 1068 1857 christianissimum
1090 1805 1122 1856 et
1140 1813 1268 1854 mansue·

174 1876 333 1937 tissimum
352 1876 538 1959 Principem
559 1886 648 1938 tanto
670 1878 740 1938 iure
764 1879 910 1961 cupimus
931 1887 963 1938 et
986 1877 1202 1940 desideramus
1220 1897 1267 1934 au-

177 1959 311 2041 gustalia
333 1959 468 2020 Romani
498 1961 616 2040 sceptri
644 1961 860 2042 gubernacula
890 1961 1085 2021 inconcussa
1108 1969 1141 2022 et
1167 1959 1267 2019 immu-

175 2043 264 2103 tilata
296 2042 393 2102 immo
422 2050 624 2124 augmentata
661 2052 692 2103 et
721 2043 870 2125 ampliata
901 2043 965 2103 line
1011 2051 1109 2104 tenus
1144 2041 1268 2103 retinere

175 2133 296 2205 quanto
319 2124 475 2206 liquidius
500 2146 565 2185 non
592 2147 652 2208 per
673 2123 836 2187 hominem
856 2145 961 2206 neque
992 2123 1034 2184 ab
1060 2123 1189 2185 homine
1211 2121 1269 2181 suh·

175 2207 322 2268 limatum
347 2218 379 2268 et
401 2208 441 2267 ad
462 2216 586 2268 tantum
611 2208 738 2268 culmen
763 2209 925 2289 potestatis
946 2217 1115 2286 evectum,
1144 2223 1265 2287 superna

175 2289 275 2372 gratis
295 2290 471 2368 revelante,
494 2291 719 2371 cognovimus,
740 2290 799 2372 qni
824 2290 975 2350 nimirum
995 2290 1090 2351 cordi
1114 2285 1267 2352 sacratissi-

175 2394 228 2434 mo
252 2373 445 2454 apostolatus
473 2373 572 2434 vestri
598 2374 733 2434 interius
767 2373 937 2455 inspiravit
963 2383 1000 2434 ut
1026 2393 1093 2432 non
1117 2395 1170 2432 vos
1190 2369 1264 2452 prius

176 2455 322 2536 eligeret,
344 2456 401 2516 sed
426 2463 518 2515 autea
540 2477 595 2516 vos
612 2477 686 2516 eum
710 2465 741 2516 et
765 2456 925 2536 eligeretis
949 2465 980 2516 et
1006 2453 1194 2538 diligeretis.
1214 2449 1267 2511 Sed

176 2547 209 2598 et
232 2560 302 2616 nos,
325 2561 344 2599 o
363 2537 500 2598 Domine
524 2547 556 2598 et
577 2539 760 2620 coangelice
787 2541 890 2622 Papa,
916 2539 1053 2622 vestigia
1082 2547 1185 2600 vestra
1208 2553 1266 2595 sea-

175 2630 291 2699 tantes,
314 2632 347 2681 et
365 2619 503 2682 salubria
524 2621 644 2682 monita
665 2620 869 2702 recipientes,
889 2643 985 2702 quem
1009 2620 1124 2682 amatis
1145 2634 1267 2680 amamus

175 2725 275 2786 quem
301 2704 459 2765 dilexistis
485 2702 660 2785 diligimus,
682 2725 777 2785 quem
800 2703 940 2786 elegistis
963 2704 1125 2786 eligimus,
1147 2711 1178 2763 et
1195 2696 1268 2780 quod

176 2787 210 2847 iu
233 2808 272 2847 eo
290 2796 419 2848 auctore
436 2784 580 2846 omnium
600 2787 758 2846 bonorum
773 2788 853 2864 Deo,
875 2786 941 2848 sive
957 2787 1071 2850 divina
1089 2781 1266 2846 benedictio·

177 2891 230 2946 ne,
251 2870 316 2930 sive
336 2891 424 2932 sacra
439 2868 604 2940 unctione,
631 2870 698 2931 sive
724 2889 860 2930 coronae
884 2868 1058 2951 imperialis
1081 2865 1266 2949 impositione

176 2951 332 3034 gessistis,
354 2951 535 3012 viscerabili
556 2950 669 3012 affectu
688 2951 871 3032 sequimur,
894 2960 925 3012 et
944 2951 1066 3012 celebri
1091 2949 1184 3010 laude
1207 2964 1265 3026 pro·

176 3033 358 3114 sequimur,
381 3043 412 3093 et
436 3033 532 3114 digna
553 3033 800 3094 honoriticentia
832 3055 1043 3111 veneramur,
1068 3042 1163 3113 atque
1184 3027 1266 3089 totius
1342 3035 1343 3112 ἐ

174 3137 287 3177 sensns
307 3116 405 3175 nostri
424 3114 544 3176 nisibus
564 3115 606 3174 ita
621 3137 809 3197 permanere
830 3126 925 3198 atque
939 3116 1064 3198 pollere
1079 3134 1204 3194 semper
1222 3129 1267 3200 op:

174 3209 287 3262 tamus.
329 3198 391 3258 Sed
416 3208 447 3257 et
477 3198 504 3262 si
532 3199 701 3260 necessitas
724 3198 862 3259 fortassis
887 3194 1047 3280 exegerit,
1079 3196 1155 3257 totis
1182 3189 1265 3266 officis

175 3281 278 3340 nostri
301 3279 467 3341 conatibus
490 3280 642 3342 adversus
663 3281 757 3341 aliter
778 3280 986 3341 sentientium
1008 3279 1172 3340 molimina
1189 3274 1266 3366 resis-

176 3372 245 3424 tere
267 3373 451 3445 satagemus.
494 3363 575 3424 Cum
594 3365 697 3440 enim,
723 3363 902 3424 secundum
924 3362 1132 3446 Apostolum,
1156 3380 1215 3420 non
1229 3361 1266 3440 sil

176 3453 314 3529 potestas
329 3445 428 3506 nisis
450 3447 531 3522 Deo,
552 3446 682 3506 ethaeo
705 3445 874 3528 praecipue
896 3466 977 3528 quae
1001 3457 1065 3507 tam
1089 3444 1144 3526 pio
1166 3440 1265 3530 collata

176 3538 235 3606 est,
250 3527 336 3588 haud
360 3528 493 3588 dubium
507 3535 586 3610 quin
610 3529 670 3588 Dei
687 3528 880 3610 ordinationi
900 3529 1022 3589 resistit
1041 3530 1098 3610 qui
1123 3526 1173 3588 isti
1194 3520 1265 3612 orda·

177 3611 313 3689 nationi,
335 3633 416 3691 quae
438 3611 529 3672 nobis
551 3611 804 3671 ministrantibus
830 3612 965 3672 coelitus
986 3613 1068 3670 facta
1086 3619 1149 3687 est,
1179 3605 1264 3665 obstr·

172 3705 250 3756 *nata
277 3705 383 3754 mente
407 3695 535 3759 resistit.
585 3693 770 3775 Apostolico
797 3695 916 3776 quippe
952 3693 1103 3769 culmini,
1141 3691 1261 3751 docente

175 3786 284 3838 sancto
312 3777 477 3837 Bouilacio
499 3778 602 3857 Papa,
632 3797 725 3836 nemo
749 3797 899 3857 umquam
922 3776 1029 3837 obices
1057 3795 1167 3834 manus
1192 3770 1264 3829 iatu-

176 3859 217 3919 lit
238 3861 299 3920 nisi
323 3859 437 3941 quide
458 3879 491 3920 se
513 3858 615 3919 voluit
637 3857 784 3919 iudicari.
825 3862 950 3919 Durum
975 3867 1022 3920 est
1040 3868 1145 3918 autem
1168 3858 1264 3914 contra

175 3943 342 4005 stimulum
360 3942 526 4004 calcitrare
547 3941 599 4005 vel
621 3941 772 4003 adversus
792 3939 929 4024 impetus
950 3940 1093 4004 fluminis
1120 3934 1229 4001 conari.

441 4071 544 4156 lusu
588 4072 753 4134 Suunus
794 4073 1017 4138 Punrrrax.

257 4187 341 4266 Quia
363 4187 473 4271 igitur,
494 4187 608 4248 tratres
638 4185 868 4264 dilectissimi,
888 4185 1054 4268 inspiratio
1078 4183 1181 4247 divina
1210 4201 1263 4258 om·

166 4273 268 4338 aium
294 4280 438 4334 uestrum
457 4270 552 4332 eorda
570 4269 601 4329 in
625 4289 868 4338 unumsensurn
892 4280 922 4330 ct
946 4271 979 4330 in
1004 4291 1104 4344 unum
1126 4264 1260 4331 eundem·
