<?xml version="1.0" encoding="UTF-8"?>
<!DOCTYPE html PUBLIC "-//W3C//DTD XHTML 1.0 Transitional//EN"
    "http://www.w3.org/TR/xhtml1/DTD/xhtml1-transitional.dtd">
<html xmlns="http://www.w3.org/1999/xhtml" xml:lang="en" lang="en">
 <head>
  <title>
</title>
<meta http-equiv="Content-Type" content="text/html;charset=utf-8" />
  <meta name='ocr-system' content='tesseract 3.04.00' />
  <meta name='ocr-capabilities' content='ocr_page ocr_carea ocr_par ocr_line ocrx_word'/>
</head>
<body>
  <div class='ocr_page' id='page_1' title='image "./corpusiurisgerm01visigoog_0393.png"; bbox 0 0 2712 4992; ppageno 0'>
   <div class='ocr_carea' id='block_1_1' title="bbox 200 289 892 370">
    <p class='ocr_par' dir='ltr' id='par_1_1' title="bbox 200 289 892 370">
     <span class='ocr_line' id='line_1_1' title="bbox 200 289 892 370; baseline -0.012 -2"><span class='ocrx_word' id='word_1_1' title='bbox 200 289 275 370; x_wconf 76' lang='lat'><strong>³82</strong></span> <span class='ocrx_word' id='word_1_2' title='bbox 700 305 892 362; x_wconf 75' lang='lat' dir='ltr'><strong>sonneras</strong></span> 
     </span>
    </p>
   </div>
   <div class='ocr_carea' id='block_1_2' title="bbox 197 443 1258 628">
    <p class='ocr_par' dir='ltr' id='par_1_2' title="bbox 197 443 1258 628">
     <span class='ocr_line' id='line_1_2' title="bbox 197 443 1257 534; baseline -0.003 -17"><span class='ocrx_word' id='word_1_3' title='bbox 197 452 323 518; x_wconf 86' lang='lat' dir='ltr'><strong>cissima</strong></span> <span class='ocrx_word' id='word_1_4' title='bbox 344 447 466 514; x_wconf 81' lang='lat' dir='ltr'><strong>coniux</strong></span> <span class='ocrx_word' id='word_1_5' title='bbox 487 466 557 510; x_wconf 85' lang='lat' dir='ltr'><strong>msa</strong></span> <span class='ocrx_word' id='word_1_6' title='bbox 573 445 641 526; x_wconf 86' lang='lat' dir='ltr'><strong>illa,</strong></span> <span class='ocrx_word' id='word_1_7' title='bbox 663 443 740 509; x_wconf 88' lang='lat' dir='ltr'><strong>dum</strong></span> <span class='ocrx_word' id='word_1_8' title='bbox 756 457 788 510; x_wconf 91' lang='lat' dir='ltr'><strong>et</strong></span> <span class='ocrx_word' id='word_1_9' title='bbox 806 458 838 511; x_wconf 89' lang='lat' dir='ltr'><strong>te</strong></span> <span class='ocrx_word' id='word_1_10' title='bbox 855 446 924 511; x_wconf 87' lang='lat' dir='ltr'><strong>sine</strong></span> <span class='ocrx_word' id='word_1_11' title='bbox 946 447 1257 534; x_wconf 79' lang='lat' dir='ltr'><strong>voluntatepareutuu</strong></span> 
     </span>
     <span class='ocr_line' id='line_1_3' title="bbox 198 528 1258 628; baseline -0.001 -29"><span class='ocrx_word' id='word_1_12' title='bbox 198 545 329 599; x_wconf 88' lang='lat' dir='ltr'><strong>tuorum</strong></span> <span class='ocrx_word' id='word_1_13' title='bbox 341 541 432 628; x_wconf 73' lang='lat' dir='ltr'><strong>rapto</strong></span> <span class='ocrx_word' id='word_1_14' title='bbox 447 530 570 593; x_wconf 86' lang='lat' dir='ltr'><strong>scelere</strong></span> <span class='ocrx_word' id='word_1_15' title='bbox 588 529 622 590; x_wconf 91' lang='lat' dir='ltr'><strong>in</strong></span> <span class='ocrx_word' id='word_1_16' title='bbox 651 549 722 591; x_wconf 90' lang='lat' dir='ltr'><strong>meo</strong></span> <span class='ocrx_word' id='word_1_17' title='bbox 748 529 867 592; x_wconf 76' lang='lat' dir='ltr'>sociavi</span> <span class='ocrx_word' id='word_1_18' title='bbox 892 528 1064 616; x_wconf 83' lang='lat' dir='ltr'><strong>coniugio,</strong></span> <span class='ocrx_word' id='word_1_19' title='bbox 1090 532 1168 594; x_wconf 89' lang='lat' dir='ltr'><strong>uude</strong></span> <span class='ocrx_word' id='word_1_20' title='bbox 1192 534 1258 598; x_wconf 77' lang='lat' dir='ltr'><strong>ritas</strong></span> 
     </span>
    </p>
   </div>
   <div class='ocr_carea' id='block_1_3' title="bbox 152 611 1259 690">
    <p class='ocr_par' dir='ltr' id='par_1_3' title="bbox 152 611 1259 690">
     <span class='ocr_line' id='line_1_4' title="bbox 152 611 1259 690; baseline -0.005 -8"><span class='ocrx_word' id='word_1_21' title='bbox 152 623 156 636; x_wconf 80' lang='grc'><strong>“</strong></span> <span class='ocrx_word' id='word_1_22' title='bbox 223 619 383 682; x_wconf 87' lang='lat' dir='ltr'><strong>ericuluru</strong></span> <span class='ocrx_word' id='word_1_23' title='bbox 398 631 565 676; x_wconf 86' lang='lat' dir='ltr'><strong>sucurrere</strong></span> <span class='ocrx_word' id='word_1_24' title='bbox 583 611 702 690; x_wconf 90' lang='lat' dir='ltr'><strong>debui,</strong></span> <span class='ocrx_word' id='word_1_25' title='bbox 720 612 777 674; x_wconf 89' lang='lat' dir='ltr'><strong>sed</strong></span> <span class='ocrx_word' id='word_1_26' title='bbox 802 611 1091 674; x_wconf 74' lang='lat' dir='ltr'><strong>intervenientibus</strong></span> <span class='ocrx_word' id='word_1_27' title='bbox 1111 614 1259 678; x_wconf 84' lang='lat' dir='ltr'><strong>Sacerdoti·</strong></span> 
     </span>
    </p>
   </div>
   <div class='ocr_carea' id='block_1_4' title="bbox 193 691 1323 2099">
    <p class='ocr_par' dir='ltr' id='par_1_4' title="bbox 193 691 1323 2099">
     <span class='ocr_line' id='line_1_5' title="bbox 224 691 1260 778; baseline -0.006 -14"><span class='ocrx_word' id='word_1_28' title='bbox 224 723 260 764; x_wconf 86' lang='lat' dir='ltr'><strong>us</strong></span> <span class='ocrx_word' id='word_1_29' title='bbox 282 693 642 762; x_wconf 84' lang='lat' dir='ltr'><strong>relboursbominibns</strong></span> <span class='ocrx_word' id='word_1_30' title='bbox 661 695 758 755; x_wconf 82' lang='lat' dir='ltr'><strong>vium</strong></span> <span class='ocrx_word' id='word_1_31' title='bbox 783 693 921 760; x_wconf 84' lang='lat' dir='ltr'><strong>obtinui.</strong></span> <span class='ocrx_word' id='word_1_32' title='bbox 969 691 1047 756; x_wconf 84' lang='lat' dir='ltr'><strong>ldeo</strong></span> <span class='ocrx_word' id='word_1_33' title='bbox 1067 695 1179 778; x_wconf 76' lang='lat' dir='ltr'>placuit</span> <span class='ocrx_word' id='word_1_34' title='bbox 1198 698 1260 760; x_wconf 86' lang='lat' dir='ltr'><strong>mibi</strong></span> 
     </span>
     <span class='ocr_line' id='line_1_6' title="bbox 198 775 1262 866; baseline -0.002 -20"><span class='ocrx_word' id='word_1_35' title='bbox 198 791 237 846; x_wconf 86' lang='lat' dir='ltr'><strong>ut</strong></span> <span class='ocrx_word' id='word_1_36' title='bbox 257 803 316 866; x_wconf 87' lang='lat' dir='ltr'><strong>per</strong></span> <span class='ocrx_word' id='word_1_37' title='bbox 331 781 416 843; x_wconf 83' lang='lat' dir='ltr'><strong>banc</strong></span> <span class='ocrx_word' id='word_1_38' title='bbox 433 776 600 862; x_wconf 87' lang='lat' dir='ltr'><strong>epistolum</strong></span> <span class='ocrx_word' id='word_1_39' title='bbox 611 775 924 860; x_wconf 72' lang='lat' dir='ltr'><strong>compositionalem,</strong></span> <span class='ocrx_word' id='word_1_40' title='bbox 946 784 999 836; x_wconf 88' lang='lat' dir='ltr'><strong>aut</strong></span> <span class='ocrx_word' id='word_1_41' title='bbox 1014 775 1042 837; x_wconf 94' lang='lat' dir='ltr'><strong>si</strong></span> <span class='ocrx_word' id='word_1_42' title='bbox 1063 779 1201 840; x_wconf 81' lang='lat' dir='ltr'><strong>convenit</strong></span> <span class='ocrx_word' id='word_1_43' title='bbox 1212 802 1262 844; x_wconf 88' lang='lat' dir='ltr'><strong>ces·</strong></span> 
     </span>
     <span class='ocr_line' id='line_1_7' title="bbox 197 855 1261 943; baseline -0.006 -13"><span class='ocrx_word' id='word_1_44' title='bbox 197 865 342 942; x_wconf 84' lang='lat' dir='ltr'><strong>sionem,</strong></span> <span class='ocrx_word' id='word_1_45' title='bbox 378 858 503 943; x_wconf 89' lang='lat' dir='ltr'><strong>aliquid</strong></span> <span class='ocrx_word' id='word_1_46' title='bbox 534 860 574 922; x_wconf 94' lang='lat' dir='ltr'><strong>de</strong></span> <span class='ocrx_word' id='word_1_47' title='bbox 599 858 695 920; x_wconf 88' lang='lat' dir='ltr'><strong>rebus</strong></span> <span class='ocrx_word' id='word_1_48' title='bbox 721 859 799 920; x_wconf 89' lang='lat' dir='ltr'><strong>meis</strong></span> <span class='ocrx_word' id='word_1_49' title='bbox 822 857 882 920; x_wconf 93' lang='lat' dir='ltr'><strong>tibi</strong></span> <span class='ocrx_word' id='word_1_50' title='bbox 907 855 1094 919; x_wconf 85' lang='lat' dir='ltr'><strong>confirmare</strong></span> <span class='ocrx_word' id='word_1_51' title='bbox 1121 859 1261 942; x_wconf 81' lang='lat' dir='ltr'>deberem,</span> 
     </span>
     <span class='ocr_line' id='line_1_8' title="bbox 198 941 1262 1030; baseline -0.013 -21"><span class='ocrx_word' id='word_1_52' title='bbox 198 947 288 1030; x_wconf 91' lang='lat' dir='ltr'><strong>quod</strong></span> <span class='ocrx_word' id='word_1_53' title='bbox 304 947 348 1008; x_wconf 87' lang='lat' dir='ltr'><strong>ita</strong></span> <span class='ocrx_word' id='word_1_54' title='bbox 365 953 400 1008; x_wconf 89' lang='lat' dir='ltr'><strong>et</strong></span> <span class='ocrx_word' id='word_1_55' title='bbox 419 941 502 1020; x_wconf 85' lang='lat' dir='ltr'><strong>leci,</strong></span> <span class='ocrx_word' id='word_1_56' title='bbox 522 941 585 1024; x_wconf 82' lang='lat' dir='ltr'><strong>boe</strong></span> <span class='ocrx_word' id='word_1_57' title='bbox 599 949 664 1018; x_wconf 88' lang='lat' dir='ltr'><strong>est,</strong></span> <span class='ocrx_word' id='word_1_58' title='bbox 687 941 839 1003; x_wconf 88' lang='lat' dir='ltr'><strong>locellum</strong></span> <span class='ocrx_word' id='word_1_59' title='bbox 857 949 1079 1023; x_wconf 88' lang='lat' dir='ltr'><strong>nuncupatum</strong></span> <span class='ocrx_word' id='word_1_60' title='bbox 1097 941 1203 1020; x_wconf 90' lang='lat' dir='ltr'><strong>illum,</strong></span> <span class='ocrx_word' id='word_1_61' title='bbox 1229 945 1262 1005; x_wconf 81' lang='lat' dir='ltr'><strong>si.</strong></span> 
     </span>
     <span class='ocr_line' id='line_1_9' title="bbox 198 1021 1263 1122; baseline -0.007 -31"><span class='ocrx_word' id='word_1_62' title='bbox 198 1040 268 1092; x_wconf 86' lang='lat' dir='ltr'><strong>tum</strong></span> <span class='ocrx_word' id='word_1_63' title='bbox 287 1027 321 1090; x_wconf 91' lang='lat' dir='ltr'><strong>iu</strong></span> <span class='ocrx_word' id='word_1_64' title='bbox 343 1045 425 1122; x_wconf 76' lang='lat' dir='ltr'><strong>paqo</strong></span> <span class='ocrx_word' id='word_1_65' title='bbox 445 1025 523 1102; x_wconf 92' lang='lat' dir='ltr'><strong>illo,</strong></span> <span class='ocrx_word' id='word_1_66' title='bbox 543 1045 616 1084; x_wconf 88' lang='lat' dir='ltr'><strong>cum</strong></span> <span class='ocrx_word' id='word_1_67' title='bbox 629 1023 743 1102; x_wconf 86' lang='lat' dir='ltr'><strong>terris,</strong></span> <span class='ocrx_word' id='word_1_68' title='bbox 763 1021 934 1100; x_wconf 89' lang='lat' dir='ltr'><strong>aediliciis,</strong></span> <span class='ocrx_word' id='word_1_69' title='bbox 955 1024 1140 1100; x_wconf 74' lang='lat' dir='ltr'><strong>accolabus,</strong></span> <span class='ocrx_word' id='word_1_70' title='bbox 1166 1024 1263 1086; x_wconf 85' lang='lat' dir='ltr'><strong>manci-</strong></span> 
     </span>
     <span class='ocr_line' id='line_1_10' title="bbox 196 1104 1264 1246; baseline -0.006 -74"><span class='ocrx_word' id='word_1_71' title='bbox 196 1111 277 1198; x_wconf 86' lang='lat' dir='ltr'><strong>piis,</strong></span> <span class='ocrx_word' id='word_1_72' title='bbox 298 1110 442 1185; x_wconf 79' lang='lat' dir='ltr'><strong>libertas,</strong></span> <span class='ocrx_word' id='word_1_73' title='bbox 464 1105 592 1184; x_wconf 82' lang='lat' dir='ltr'><strong>vineis,</strong></span> <span class='ocrx_word' id='word_1_74' title='bbox 612 1105 723 1183; x_wconf 86' lang='lat' dir='ltr'><strong>silris,</strong></span> <span class='ocrx_word' id='word_1_75' title='bbox 744 1104 859 1189; x_wconf 85' lang='lat' dir='ltr'><strong>pratis,</strong></span> <span class='ocrx_word' id='word_1_76' title='bbox 880 1104 1005 1246; x_wconf 67' lang='lat' dir='ltr'><strong>pascuis</strong></span> <span class='ocrx_word' id='word_1_77' title='bbox 1017 1149 1028 1180; x_wconf 91' lang='lat'><strong>,</strong></span> <span class='ocrx_word' id='word_1_78' title='bbox 1059 1105 1162 1188; x_wconf 87' lang='lat' dir='ltr'><strong>aquis,</strong></span> <span class='ocrx_word' id='word_1_79' title='bbox 1187 1129 1264 1190; x_wconf 81' lang='lat' dir='ltr'><strong>aqua-</strong></span> 
     </span>
     <span class='ocr_line' id='line_1_11' title="bbox 197 1185 1265 1266; baseline -0.007 -10"><span class='ocrx_word' id='word_1_80' title='bbox 197 1213 311 1256; x_wconf 81' lang='lat' dir='ltr'><strong>rumve</strong></span> <span class='ocrx_word' id='word_1_81' title='bbox 330 1189 535 1266; x_wconf 70' lang='lat' dir='ltr'><strong>decursibus,</strong></span> <span class='ocrx_word' id='word_1_82' title='bbox 554 1185 727 1250; x_wconf 84' lang='lat' dir='ltr'><strong>mobilibus</strong></span> <span class='ocrx_word' id='word_1_83' title='bbox 742 1196 775 1248; x_wconf 90' lang='lat' dir='ltr'><strong>et</strong></span> <span class='ocrx_word' id='word_1_84' title='bbox 791 1187 886 1248; x_wconf 87' lang='lat' dir='ltr'><strong>immo</strong></span> <span class='ocrx_word' id='word_1_85' title='bbox 909 1185 1025 1265; x_wconf 89' lang='lat' dir='ltr'><strong>ilibus,</strong></span> <span class='ocrx_word' id='word_1_86' title='bbox 1047 1207 1119 1250; x_wconf 92' lang='lat' dir='ltr'><strong>cnm</strong></span> <span class='ocrx_word' id='word_1_87' title='bbox 1136 1189 1211 1252; x_wconf 87' lang='lat' dir='ltr'><strong>omui</strong></span> <span class='ocrx_word' id='word_1_88' title='bbox 1226 1209 1265 1250; x_wconf 90' lang='lat' dir='ltr'><strong>sa·</strong></span> 
     </span>
     <span class='ocr_line' id='line_1_12' title="bbox 196 1268 1265 1360; baseline -0.006 -22"><span class='ocrx_word' id='word_1_89' title='bbox 196 1274 358 1360; x_wconf 75' lang='lat' dir='ltr'><strong>preposito</strong></span> <span class='ocrx_word' id='word_1_90' title='bbox 372 1271 502 1354; x_wconf 88' lang='lat' dir='ltr'><strong>suisque</strong></span> <span class='ocrx_word' id='word_1_91' title='bbox 518 1269 723 1348; x_wconf 89' lang='lat' dir='ltr'><strong>adiacentiis,</strong></span> <span class='ocrx_word' id='word_1_92' title='bbox 746 1269 798 1332; x_wconf 78' lang='lat' dir='ltr'><strong>rel</strong></span> <span class='ocrx_word' id='word_1_93' title='bbox 811 1289 884 1332; x_wconf 89' lang='lat' dir='ltr'><strong>cum</strong></span> <span class='ocrx_word' id='word_1_94' title='bbox 898 1269 985 1330; x_wconf 88' lang='lat' dir='ltr'><strong>omni</strong></span> <span class='ocrx_word' id='word_1_95' title='bbox 1003 1268 1265 1356; x_wconf 63' lang='lat' dir='ltr'><strong>integritateque·</strong></span> 
     </span>
     <span class='ocr_line' id='line_1_13' title="bbox 196 1351 1264 1440; baseline -0.006 -21"><span class='ocrx_word' id='word_1_96' title='bbox 196 1357 279 1440; x_wconf 92' lang='lat' dir='ltr'><strong>quid</strong></span> <span class='ocrx_word' id='word_1_97' title='bbox 298 1355 379 1416; x_wconf 91' lang='lat' dir='ltr'><strong>inibi</strong></span> <span class='ocrx_word' id='word_1_98' title='bbox 390 1351 551 1439; x_wconf 78' lang='lat' dir='ltr'><strong>praesenti</strong></span> <span class='ocrx_word' id='word_1_99' title='bbox 569 1360 712 1435; x_wconf 88' lang='lat' dir='ltr'><strong>tempore</strong></span> <span class='ocrx_word' id='word_1_100' title='bbox 732 1372 802 1412; x_wconf 86' lang='lat' dir='ltr'><strong>mea</strong></span> <span class='ocrx_word' id='word_1_101' title='bbox 820 1351 1034 1414; x_wconf 72' lang='lat' dir='ltr'><strong>videturesse</strong></span> <span class='ocrx_word' id='word_1_102' title='bbox 1057 1353 1217 1434; x_wconf 81' lang='lat' dir='ltr'><strong>possessio,</strong></span> <span class='ocrx_word' id='word_1_103' title='bbox 1234 1354 1264 1413; x_wconf 90' lang='lat' dir='ltr'><strong>de</strong></span> 
     </span>
     <span class='ocr_line' id='line_1_14' title="bbox 197 1432 1266 1516; baseline -0.007 -14"><span class='ocrx_word' id='word_1_104' title='bbox 197 1443 269 1502; x_wconf 90' lang='lat' dir='ltr'><strong>iure</strong></span> <span class='ocrx_word' id='word_1_105' title='bbox 302 1459 374 1499; x_wconf 89' lang='lat' dir='ltr'><strong>meo</strong></span> <span class='ocrx_word' id='word_1_106' title='bbox 401 1437 435 1496; x_wconf 92' lang='lat' dir='ltr'><strong>iu</strong></span> <span class='ocrx_word' id='word_1_107' title='bbox 464 1445 519 1497; x_wconf 87' lang='lat' dir='ltr'><strong>tua</strong></span> <span class='ocrx_word' id='word_1_108' title='bbox 541 1434 633 1494; x_wconf 87' lang='lat' dir='ltr'><strong>trado</strong></span> <span class='ocrx_word' id='word_1_109' title='bbox 654 1441 810 1516; x_wconf 80' lang='lat' dir='ltr'><strong>potestate</strong></span> <span class='ocrx_word' id='word_1_110' title='bbox 839 1432 892 1493; x_wconf 83' lang='lat' dir='ltr'><strong>rel</strong></span> <span class='ocrx_word' id='word_1_111' title='bbox 923 1433 1159 1513; x_wconf 88' lang='lat' dir='ltr'><strong>dominatione,</strong></span> <span class='ocrx_word' id='word_1_112' title='bbox 1178 1433 1215 1498; x_wconf 87' lang='lat' dir='ltr'><strong>ita</strong></span> <span class='ocrx_word' id='word_1_113' title='bbox 1239 1442 1266 1494; x_wconf 87' lang='lat' dir='ltr'><strong>at</strong></span> 
     </span>
     <span class='ocr_line' id='line_1_15' title="bbox 197 1514 1266 1604; baseline -0.006 -22"><span class='ocrx_word' id='word_1_114' title='bbox 197 1519 355 1604; x_wconf 90' lang='lat' dir='ltr'><strong>quicquid</strong></span> <span class='ocrx_word' id='word_1_115' title='bbox 370 1516 488 1581; x_wconf 83' lang='lat' dir='ltr'><strong>exinde</strong></span> <span class='ocrx_word' id='word_1_116' title='bbox 505 1517 523 1578; x_wconf 80' lang='lat' dir='ltr'><strong>b</strong></span> <span class='ocrx_word' id='word_1_117' title='bbox 541 1515 592 1577; x_wconf 91' lang='lat' dir='ltr'><strong>die</strong></span> <span class='ocrx_word' id='word_1_118' title='bbox 610 1526 777 1599; x_wconf 82' lang='lat' dir='ltr'><strong>praesente</strong></span> <span class='ocrx_word' id='word_1_119' title='bbox 795 1517 901 1578; x_wconf 87' lang='lat' dir='ltr'><strong>lacere</strong></span> <span class='ocrx_word' id='word_1_120' title='bbox 919 1514 1080 1594; x_wconf 79' lang='lat' dir='ltr'><strong>volueris,</strong></span> <span class='ocrx_word' id='word_1_121' title='bbox 1101 1515 1222 1579; x_wconf 85' lang='lat' dir='ltr'><strong>liberam</strong></span> <span class='ocrx_word' id='word_1_122' title='bbox 1239 1535 1266 1576; x_wconf 83' lang='lat' dir='ltr'><strong>ac</strong></span> 
     </span>
     <span class='ocr_line' id='line_1_16' title="bbox 196 1595 1268 1681; baseline -0.007 -16"><span class='ocrx_word' id='word_1_123' title='bbox 196 1601 408 1666; x_wconf 82' lang='lat' dir='ltr'><strong>firmissimam</strong></span> <span class='ocrx_word' id='word_1_124' title='bbox 420 1601 454 1660; x_wconf 90' lang='lat' dir='ltr'><strong>iu</strong></span> <span class='ocrx_word' id='word_1_125' title='bbox 471 1599 618 1660; x_wconf 90' lang='lat' dir='ltr'><strong>omnibus</strong></span> <span class='ocrx_word' id='word_1_126' title='bbox 633 1597 748 1660; x_wconf 89' lang='lat' dir='ltr'><strong>babeas</strong></span> <span class='ocrx_word' id='word_1_127' title='bbox 764 1606 961 1681; x_wconf 88' lang='lat' dir='ltr'><strong>potestatem.</strong></span> <span class='ocrx_word' id='word_1_128' title='bbox 1002 1595 1046 1656; x_wconf 88' lang='lat' dir='ltr'><strong>Et</strong></span> <span class='ocrx_word' id='word_1_129' title='bbox 1065 1597 1210 1676; x_wconf 83' lang='lat' dir='ltr'><strong>siluerit,</strong></span> <span class='ocrx_word' id='word_1_130' title='bbox 1227 1605 1268 1658; x_wconf 88' lang='lat' dir='ltr'><strong>aut</strong></span> 
     </span>
     <span class='ocr_line' id='line_1_17' title="bbox 195 1678 1267 1842; baseline -0.009 -12"><span class='ocrx_word' id='word_1_131' title='bbox 195 1707 261 1830; x_wconf 74' lang='lat' dir='ltr'><strong>tt</strong></span> <span class='ocrx_word' id='word_1_132' title='bbox 278 1688 367 1828; x_wconf 62' lang='lat' dir='ltr'><strong>{tte</strong></span> <span class='ocrx_word' id='word_1_133' title='bbox 387 1681 532 1825; x_wconf 71' lang='lat' dir='ltr'><strong>tttt&#39;l</strong></span> <span class='ocrx_word' id='word_1_134' title='bbox 546 1680 698 1823; x_wconf 64' lang='lat' dir='ltr'><strong>{llll</strong></span> <span class='ocrx_word' id='word_1_135' title='bbox 710 1678 1267 1842; x_wconf 55' lang='lat' dir='ltr'><strong>tttttstttt?‘ttttttttt‘</strong></span> 
     </span>
     <span class='ocr_line' id='line_1_18' title="bbox 194 1783 1268 1932; baseline -0.01 -20"><span class='ocrx_word' id='word_1_136' title='bbox 194 1786 386 1932; x_wconf 49' lang='lat' dir='ltr'><strong>surnpseritl,3</strong></span> <span class='ocrx_word' id='word_1_137' title='bbox 405 1845 490 1907; x_wconf 91' lang='lat' dir='ltr'><strong>illud</strong></span> <span class='ocrx_word' id='word_1_138' title='bbox 506 1786 643 1928; x_wconf 77' lang='lat' dir='ltr'><strong>quodqre</strong></span> <span class='ocrx_word' id='word_1_139' title='bbox 668 1845 725 1906; x_wconf 91' lang='lat' dir='ltr'><strong>etit</strong></span> <span class='ocrx_word' id='word_1_140' title='bbox 738 1865 802 1905; x_wconf 89' lang='lat' dir='ltr'><strong>non</strong></span> <span class='ocrx_word' id='word_1_141' title='bbox 821 1843 985 1918; x_wconf 81' lang='lat' dir='ltr'><strong>vindicet,</strong></span> <span class='ocrx_word' id='word_1_142' title='bbox 1007 1853 1041 1904; x_wconf 89' lang='lat' dir='ltr'><strong>et</strong></span> <span class='ocrx_word' id='word_1_143' title='bbox 1066 1783 1268 1926; x_wconf 72' lang='lat' dir='ltr'><strong>insupeippar-</strong></span> 
     </span>
     <span class='ocr_line' id='line_1_19' title="bbox 194 1868 1323 1994; baseline -0.009 0"><span class='ocrx_word' id='word_1_144' title='bbox 194 1933 281 1994; x_wconf 86' lang='lat' dir='ltr'><strong>tibus</strong></span> <span class='ocrx_word' id='word_1_145' title='bbox 298 1929 360 1992; x_wconf 92' lang='lat' dir='ltr'><strong>tuis</strong></span> <span class='ocrx_word' id='word_1_146' title='bbox 379 1929 432 1992; x_wconf 84' lang='lat' dir='ltr'><strong>vel</strong></span> <span class='ocrx_word' id='word_1_147' title='bbox 449 1937 559 1989; x_wconf 88' lang='lat' dir='ltr'><strong>contra</strong></span> <span class='ocrx_word' id='word_1_148' title='bbox 576 1927 629 1988; x_wconf 91' lang='lat' dir='ltr'><strong>eui</strong></span> <span class='ocrx_word' id='word_1_149' title='bbox 646 1868 738 1988; x_wconf 80' lang='lat' dir='ltr'><strong>iitem</strong></span> <span class='ocrx_word' id='word_1_150' title='bbox 763 1925 911 1988; x_wconf 91' lang='lat' dir='ltr'><strong>intulerit</strong></span> <span class='ocrx_word' id='word_1_151' title='bbox 928 1923 1048 1988; x_wconf 85' lang='lat' dir='ltr'><strong>solidos</strong></span> <span class='ocrx_word' id='word_1_152' title='bbox 1069 1934 1173 1990; x_wconf 85' lang='lat' dir='ltr'><strong>tantos</strong></span> <span class='ocrx_word' id='word_1_153' title='bbox 1197 1945 1268 1986; x_wconf 85' lang='lat' dir='ltr'><strong>com·</strong></span> <span class='ocrx_word' id='word_1_154' title='bbox 1322 1921 1323 1954; x_wconf 55' lang='lat' dir='ltr'><strong>l</strong></span> 
     </span>
     <span class='ocr_line' id='line_1_20' title="bbox 193 2008 928 2099; baseline -0.012 -22"><span class='ocrx_word' id='word_1_155' title='bbox 193 2022 313 2099; x_wconf 85' lang='lat' dir='ltr'><strong>ponat,</strong></span> <span class='ocrx_word' id='word_1_156' title='bbox 337 2021 370 2075; x_wconf 85' lang='lat' dir='ltr'><strong>et</strong></span> <span class='ocrx_word' id='word_1_157' title='bbox 383 2011 464 2073; x_wconf 87' lang='lat' dir='ltr'><strong>baec</strong></span> <span class='ocrx_word' id='word_1_158' title='bbox 477 2008 611 2094; x_wconf 87' lang='lat' dir='ltr'><strong>epistula</strong></span> <span class='ocrx_word' id='word_1_159' title='bbox 632 2008 722 2070; x_wconf 84' lang='lat' dir='ltr'><strong>firma</strong></span> <span class='ocrx_word' id='word_1_160' title='bbox 735 2016 928 2094; x_wconf 87' lang='lat' dir='ltr'><strong>permaneat.</strong></span> 
     </span>
    </p>
   </div>
   <div class='ocr_carea' id='block_1_5' title="bbox 214 2139 1252 2223">
    <p class='ocr_par' dir='ltr' id='par_1_5' title="bbox 214 2139 1252 2223">
     <span class='ocr_line' id='line_1_21' title="bbox 214 2139 1252 2223; baseline -0.002 -17"><span class='ocrx_word' id='word_1_161' title='bbox 214 2145 353 2209; x_wconf 84' lang='lat' dir='ltr'><strong>Donatio</strong></span> <span class='ocrx_word' id='word_1_162' title='bbox 374 2145 458 2206; x_wconf 83' lang='lat' dir='ltr'><strong>inter</strong></span> <span class='ocrx_word' id='word_1_163' title='bbox 476 2142 582 2214; x_wconf 81' lang='lat' dir='ltr'><strong>virum</strong></span> <span class='ocrx_word' id='word_1_164' title='bbox 602 2154 632 2204; x_wconf 88' lang='lat' dir='ltr'><strong>ct</strong></span> <span class='ocrx_word' id='word_1_165' title='bbox 653 2163 803 2205; x_wconf 78' lang='lat' dir='ltr'><strong>uxorem:</strong></span> <span class='ocrx_word' id='word_1_166' title='bbox 835 2155 936 2203; x_wconf 83' lang='lat' dir='ltr'><strong>tamen</strong></span> <span class='ocrx_word' id='word_1_167' title='bbox 956 2145 1053 2223; x_wconf 81' lang='lat' dir='ltr'><strong>gestis</strong></span> <span class='ocrx_word' id='word_1_168' title='bbox 1074 2141 1117 2204; x_wconf 85' lang='lat' dir='ltr'><strong>sit</strong></span> <span class='ocrx_word' id='word_1_169' title='bbox 1135 2139 1252 2220; x_wconf 69' lang='lat' dir='ltr'><strong>alligata.</strong></span> 
     </span>
    </p>
   </div>
   <div class='ocr_carea' id='block_1_6' title="bbox 192 2252 1268 2750">
    <p class='ocr_par' dir='ltr' id='par_1_6' title="bbox 192 2252 1268 2750">
     <span class='ocr_line' id='line_1_22' title="bbox 272 2252 1266 2340; baseline -0.006 -21"><span class='ocrx_word' id='word_1_170' title='bbox 272 2258 376 2325; x_wconf 83' lang='lat' dir='ltr'><strong>xvn.</strong></span> <span class='ocrx_word' id='word_1_171' title='bbox 418 2255 583 2338; x_wconf 85' lang='lat' dir='ltr'><strong>Quicquid</strong></span> <span class='ocrx_word' id='word_1_172' title='bbox 597 2257 683 2318; x_wconf 88' lang='lat' dir='ltr'><strong>enirn</strong></span> <span class='ocrx_word' id='word_1_173' title='bbox 699 2256 783 2319; x_wconf 90' lang='lat' dir='ltr'><strong>inter</strong></span> <span class='ocrx_word' id='word_1_174' title='bbox 796 2254 982 2340; x_wconf 80' lang='lat' dir='ltr'><strong>coniugatos</strong></span> <span class='ocrx_word' id='word_1_175' title='bbox 997 2257 1036 2320; x_wconf 91' lang='lat' dir='ltr'><strong>de</strong></span> <span class='ocrx_word' id='word_1_176' title='bbox 1052 2254 1177 2340; x_wconf 87' lang='lat' dir='ltr'><strong>propria</strong></span> <span class='ocrx_word' id='word_1_177' title='bbox 1188 2252 1266 2314; x_wconf 87' lang='lat' dir='ltr'><strong>lacul-</strong></span> 
     </span>
     <span class='ocr_line' id='line_1_23' title="bbox 195 2335 1267 2424; baseline -0.01 -21"><span class='ocrx_word' id='word_1_178' title='bbox 195 2349 260 2403; x_wconf 88' lang='lat' dir='ltr'><strong>tate</strong></span> <span class='ocrx_word' id='word_1_179' title='bbox 271 2340 312 2401; x_wconf 90' lang='lat' dir='ltr'><strong>ob</strong></span> <span class='ocrx_word' id='word_1_180' title='bbox 325 2361 465 2403; x_wconf 85' lang='lat' dir='ltr'><strong>amorem</strong></span> <span class='ocrx_word' id='word_1_181' title='bbox 476 2339 659 2400; x_wconf 87' lang='lat' dir='ltr'><strong>dilectionis</strong></span> <span class='ocrx_word' id='word_1_182' title='bbox 669 2339 807 2400; x_wconf 84' lang='lat' dir='ltr'><strong>invicem</strong></span> <span class='ocrx_word' id='word_1_183' title='bbox 822 2336 1179 2424; x_wconf 87' lang='lat' dir='ltr'><strong>condonareplacuerit,</strong></span> <span class='ocrx_word' id='word_1_184' title='bbox 1189 2335 1267 2416; x_wconf 88' lang='lat' dir='ltr'><strong>scrip·</strong></span> 
     </span>
     <span class='ocr_line' id='line_1_24' title="bbox 192 2415 1266 2505; baseline -0.011 -17"><span class='ocrx_word' id='word_1_185' title='bbox 192 2433 341 2488; x_wconf 85' lang='lat' dir='ltr'><strong>turarnm</strong></span> <span class='ocrx_word' id='word_1_186' title='bbox 355 2443 484 2484; x_wconf 87' lang='lat' dir='ltr'><strong>necesse</strong></span> <span class='ocrx_word' id='word_1_187' title='bbox 502 2431 549 2483; x_wconf 89' lang='lat' dir='ltr'><strong>est</strong></span> <span class='ocrx_word' id='word_1_188' title='bbox 564 2421 665 2482; x_wconf 89' lang='lat' dir='ltr'><strong>titulis</strong></span> <span class='ocrx_word' id='word_1_189' title='bbox 684 2421 827 2503; x_wconf 81' lang='lat' dir='ltr'><strong>alligari,</strong></span> <span class='ocrx_word' id='word_1_190' title='bbox 850 2441 891 2484; x_wconf 87' lang='lat' dir='ltr'><strong>ne</strong></span> <span class='ocrx_word' id='word_1_191' title='bbox 913 2422 946 2480; x_wconf 93' lang='lat' dir='ltr'><strong>in</strong></span> <span class='ocrx_word' id='word_1_192' title='bbox 973 2432 1140 2505; x_wconf 84' lang='lat' dir='ltr'><strong>posterum</strong></span> <span class='ocrx_word' id='word_1_193' title='bbox 1165 2418 1200 2480; x_wconf 91' lang='lat' dir='ltr'><strong>ab</strong></span> <span class='ocrx_word' id='word_1_194' title='bbox 1219 2415 1266 2476; x_wconf 86' lang='lat' dir='ltr'><strong>be·</strong></span> 
     </span>
     <span class='ocr_line' id='line_1_25' title="bbox 192 2497 1266 2601; baseline -0.011 -31"><span class='ocrx_word' id='word_1_195' title='bbox 192 2506 325 2570; x_wconf 83' lang='lat' dir='ltr'><strong>reditus</strong></span> <span class='ocrx_word' id='word_1_196' title='bbox 346 2525 458 2566; x_wconf 90' lang='lat' dir='ltr'><strong>eorum</strong></span> <span class='ocrx_word' id='word_1_197' title='bbox 475 2503 577 2601; x_wconf 88' lang='lat' dir='ltr'><strong>possit</strong></span> <span class='ocrx_word' id='word_1_198' title='bbox 605 2504 764 2566; x_wconf 83' lang='lat' dir='ltr'><strong>conuelli:</strong></span> <span class='ocrx_word' id='word_1_199' title='bbox 793 2502 870 2586; x_wconf 88' lang='lat' dir='ltr'><strong>quia</strong></span> <span class='ocrx_word' id='word_1_200' title='bbox 900 2503 1079 2565; x_wconf 89' lang='lat' dir='ltr'><strong>secundum</strong></span> <span class='ocrx_word' id='word_1_201' title='bbox 1109 2501 1224 2583; x_wconf 84' lang='lat' dir='ltr'><strong>legem,</strong></span> <span class='ocrx_word' id='word_1_202' title='bbox 1246 2497 1266 2558; x_wconf 88' lang='lat' dir='ltr'><strong>si</strong></span> 
     </span>
     <span class='ocr_line' id='line_1_26' title="bbox 193 2581 1266 2672; baseline -0.01 -22"><span class='ocrx_word' id='word_1_203' title='bbox 193 2596 344 2650; x_wconf 89' lang='lat' dir='ltr'><strong>manente</strong></span> <span class='ocrx_word' id='word_1_204' title='bbox 357 2586 509 2669; x_wconf 76' lang='lat' dir='ltr'><strong>coniugio</strong></span> <span class='ocrx_word' id='word_1_205' title='bbox 523 2585 574 2646; x_wconf 82' lang='lat' dir='ltr'><strong>vir</strong></span> <span class='ocrx_word' id='word_1_206' title='bbox 591 2585 682 2648; x_wconf 83' lang='lat' dir='ltr'><strong>uxori</strong></span> <span class='ocrx_word' id='word_1_207' title='bbox 699 2585 751 2646; x_wconf 87' lang='lat' dir='ltr'><strong>vel</strong></span> <span class='ocrx_word' id='word_1_208' title='bbox 770 2606 852 2646; x_wconf 84' lang='lat' dir='ltr'><strong>uxor</strong></span> <span class='ocrx_word' id='word_1_209' title='bbox 872 2586 984 2647; x_wconf 86' lang='lat' dir='ltr'><strong>marito</strong></span> <span class='ocrx_word' id='word_1_210' title='bbox 1003 2581 1130 2672; x_wconf 89' lang='lat' dir='ltr'><strong>aliquid</strong></span> <span class='ocrx_word' id='word_1_211' title='bbox 1149 2584 1266 2644; x_wconf 85' lang='lat' dir='ltr'><strong>donare·</strong></span> 
     </span>
     <span class='ocr_line' id='line_1_27' title="bbox 192 2664 1268 2750; baseline -0.011 -17"><span class='ocrx_word' id='word_1_212' title='bbox 192 2671 254 2748; x_wconf 86' lang='lat' dir='ltr'><strong>rit,</strong></span> <span class='ocrx_word' id='word_1_213' title='bbox 276 2668 303 2732; x_wconf 91' lang='lat' dir='ltr'><strong>si</strong></span> <span class='ocrx_word' id='word_1_214' title='bbox 324 2669 351 2732; x_wconf 89' lang='lat' dir='ltr'><strong>is</strong></span> <span class='ocrx_word' id='word_1_215' title='bbox 369 2669 422 2730; x_wconf 91' lang='lat' dir='ltr'><strong>cui</strong></span> <span class='ocrx_word' id='word_1_216' title='bbox 437 2669 590 2730; x_wconf 89' lang='lat' dir='ltr'><strong>donatum</strong></span> <span class='ocrx_word' id='word_1_217' title='bbox 611 2677 659 2728; x_wconf 86' lang='lat' dir='ltr'><strong>est</strong></span> <span class='ocrx_word' id='word_1_218' title='bbox 676 2667 766 2750; x_wconf 86' lang='lat' dir='ltr'><strong>prior&#39;</strong></span> <span class='ocrx_word' id='word_1_219' title='bbox 779 2675 923 2732; x_wconf 88' lang='lat' dir='ltr'><strong>mortuus</strong></span> <span class='ocrx_word' id='word_1_220' title='bbox 937 2667 1036 2729; x_wconf 84' lang='lat' dir='ltr'><strong>suerit</strong></span> <span class='ocrx_word' id='word_1_221' title='bbox 1044 2712 1057 2742; x_wconf 83' lang='lat'><strong>,</strong></span> <span class='ocrx_word' id='word_1_222' title='bbox 1083 2666 1166 2750; x_wconf 91' lang='lat' dir='ltr'><strong>apud</strong></span> <span class='ocrx_word' id='word_1_223' title='bbox 1185 2664 1268 2725; x_wconf 90' lang='lat' dir='ltr'><strong>dona·</strong></span> 
     </span>
    </p>
   </div>
   <div class='ocr_carea' id='block_1_7' title="bbox 90 2742 1265 2847">
    <p class='ocr_par' dir='ltr' id='par_1_7' title="bbox 90 2742 1265 2847">
     <span class='ocr_line' id='line_1_28' title="bbox 90 2742 1265 2847; baseline -0.009 -33"><span class='ocrx_word' id='word_1_224' title='bbox 90 2779 93 2785; x_wconf 91' lang='lat'>·</span> <span class='ocrx_word' id='word_1_225' title='bbox 192 2763 296 2814; x_wconf 86' lang='lat' dir='ltr'><strong>torem</strong></span> <span class='ocrx_word' id='word_1_226' title='bbox 316 2773 357 2847; x_wconf 69' lang='lat' dir='ltr'><strong>eq</strong></span> <span class='ocrx_word' id='word_1_227' title='bbox 370 2773 453 2833; x_wconf 88' lang='lat' dir='ltr'><strong>quae</strong></span> <span class='ocrx_word' id='word_1_228' title='bbox 482 2751 598 2812; x_wconf 87' lang='lat' dir='ltr'><strong>donata</strong></span> <span class='ocrx_word' id='word_1_229' title='bbox 623 2751 752 2810; x_wconf 85' lang='lat' dir='ltr'><strong>fuerant</strong></span> <span class='ocrx_word' id='word_1_230' title='bbox 772 2750 993 2816; x_wconf 87' lang='lat' dir='ltr'><strong>remanebunt.</strong></span> <span class='ocrx_word' id='word_1_231' title='bbox 1034 2749 1139 2846; x_wconf 55' lang='lat' dir='ltr'><strong>Igitur:</strong></span> <span class='ocrx_word' id='word_1_232' title='bbox 1164 2767 1216 2832; x_wconf 79' lang='lat' dir='ltr'><strong>ego</strong></span> <span class='ocrx_word' id='word_1_233' title='bbox 1240 2742 1265 2802; x_wconf 88' lang='lat' dir='ltr'><strong>in</strong></span> 
     </span>
    </p>
   </div>
   <div class='ocr_carea' id='block_1_8' title="bbox 185 2830 1322 4318">
    <p class='ocr_par' dir='ltr' id='par_1_8' title="bbox 185 2830 1322 4318">
     <span class='ocr_line' id='line_1_29' title="bbox 191 2830 1266 2915; baseline -0.013 -17"><span class='ocrx_word' id='word_1_234' title='bbox 191 2835 254 2898; x_wconf 90' lang='lat' dir='ltr'><strong>Dei</strong></span> <span class='ocrx_word' id='word_1_235' title='bbox 271 2855 402 2895; x_wconf 85' lang='lat' dir='ltr'><strong>nomme</strong></span> <span class='ocrx_word' id='word_1_236' title='bbox 419 2833 476 2896; x_wconf 90' lang='lat' dir='ltr'><strong>ille</strong></span> <span class='ocrx_word' id='word_1_237' title='bbox 497 2831 679 2895; x_wconf 87' lang='lat' dir='ltr'><strong>dulcissima</strong></span> <span class='ocrx_word' id='word_1_238' title='bbox 701 2830 821 2893; x_wconf 83' lang='lat' dir='ltr'><strong>coniux</strong></span> <span class='ocrx_word' id='word_1_239' title='bbox 844 2853 913 2892; x_wconf 88' lang='lat' dir='ltr'><strong>mea</strong></span> <span class='ocrx_word' id='word_1_240' title='bbox 940 2833 1016 2910; x_wconf 89' lang='lat' dir='ltr'><strong>illa,</strong></span> <span class='ocrx_word' id='word_1_241' title='bbox 1037 2853 1065 2894; x_wconf 81' lang='lat' dir='ltr'><strong>ss</strong></span> <span class='ocrx_word' id='word_1_242' title='bbox 1090 2850 1177 2915; x_wconf 73' lang='lat' dir='ltr'><strong>prius</strong></span> <span class='ocrx_word' id='word_1_243' title='bbox 1197 2845 1266 2888; x_wconf 89' lang='lat' dir='ltr'><strong>mor-</strong></span> 
     </span>
     <span class='ocr_line' id='line_1_30' title="bbox 190 2908 1266 2997; baseline -0.01 -20"><span class='ocrx_word' id='word_1_244' title='bbox 190 2925 265 2978; x_wconf 85' lang='lat' dir='ltr'><strong>tuus</strong></span> <span class='ocrx_word' id='word_1_245' title='bbox 280 2917 374 2979; x_wconf 86' lang='lat' dir='ltr'><strong>fuero</strong></span> <span class='ocrx_word' id='word_1_246' title='bbox 389 2936 485 2997; x_wconf 86' lang='lat' dir='ltr'><strong>quam</strong></span> <span class='ocrx_word' id='word_1_247' title='bbox 500 2924 559 2993; x_wconf 89' lang='lat' dir='ltr'><strong>tu,</strong></span> <span class='ocrx_word' id='word_1_248' title='bbox 581 2913 667 2977; x_wconf 88' lang='lat' dir='ltr'><strong>dono</strong></span> <span class='ocrx_word' id='word_1_249' title='bbox 687 2913 747 2974; x_wconf 90' lang='lat' dir='ltr'><strong>tibi</strong></span> <span class='ocrx_word' id='word_1_250' title='bbox 765 2935 824 2997; x_wconf 89' lang='lat' dir='ltr'><strong>per</strong></span> <span class='ocrx_word' id='word_1_251' title='bbox 844 2912 928 2976; x_wconf 88' lang='lat' dir='ltr'><strong>banc</strong></span> <span class='ocrx_word' id='word_1_252' title='bbox 950 2913 1120 2996; x_wconf 86' lang='lat' dir='ltr'><strong>epistolam</strong></span> <span class='ocrx_word' id='word_1_253' title='bbox 1140 2908 1266 2972; x_wconf 88' lang='lat' dir='ltr'><strong>donatio·</strong></span> 
     </span>
     <span class='ocr_line' id='line_1_31' title="bbox 192 2987 1264 3082; baseline -0.006 -24"><span class='ocrx_word' id='word_1_254' title='bbox 192 2997 242 3061; x_wconf 91' lang='lat' dir='ltr'><strong>nis</strong></span> <span class='ocrx_word' id='word_1_255' title='bbox 258 2997 476 3080; x_wconf 87' lang='lat' dir='ltr'><strong>donatumque</strong></span> <span class='ocrx_word' id='word_1_256' title='bbox 494 2997 528 3058; x_wconf 92' lang='lat' dir='ltr'><strong>in</strong></span> <span class='ocrx_word' id='word_1_257' title='bbox 544 3005 735 3082; x_wconf 89' lang='lat' dir='ltr'><strong>perpetuum</strong></span> <span class='ocrx_word' id='word_1_258' title='bbox 746 3017 815 3059; x_wconf 89' lang='lat' dir='ltr'><strong>esse</strong></span> <span class='ocrx_word' id='word_1_259' title='bbox 835 2997 910 3058; x_wconf 83' lang='lat' dir='ltr'><strong>uolo</strong></span> <span class='ocrx_word' id='word_1_260' title='bbox 926 3006 990 3060; x_wconf 85' lang='lat' dir='ltr'><strong>tres</strong></span> <span class='ocrx_word' id='word_1_261' title='bbox 1009 3006 1118 3080; x_wconf 80' lang='lat' dir='ltr'><strong>partes</strong></span> <span class='ocrx_word' id='word_1_262' title='bbox 1139 2993 1176 3056; x_wconf 89' lang='lat' dir='ltr'><strong>de</strong></span> <span class='ocrx_word' id='word_1_263' title='bbox 1194 2987 1264 3053; x_wconf 82' lang='lat' dir='ltr'><strong>omni</strong></span> 
     </span>
     <span class='ocr_line' id='line_1_32' title="bbox 190 3074 1322 3163; baseline -0.01 -22"><span class='ocrx_word' id='word_1_264' title='bbox 190 3101 226 3142; x_wconf 89' lang='lat' dir='ltr'><strong>re</strong></span> <span class='ocrx_word' id='word_1_265' title='bbox 248 3079 408 3141; x_wconf 77' lang='lat' dir='ltr'><strong>facultatis</strong></span> <span class='ocrx_word' id='word_1_266' title='bbox 434 3100 540 3154; x_wconf 88' lang='lat' dir='ltr'><strong>meae,</strong></span> <span class='ocrx_word' id='word_1_267' title='bbox 567 3089 850 3162; x_wconf 89' lang='lat' dir='ltr'><strong>quantumcunque</strong></span> <span class='ocrx_word' id='word_1_268' title='bbox 874 3078 908 3139; x_wconf 86' lang='lat' dir='ltr'><strong>in</strong></span> <span class='ocrx_word' id='word_1_269' title='bbox 933 3099 1013 3163; x_wconf 77' lang='lat' dir='ltr'><strong>pago</strong></span> <span class='ocrx_word' id='word_1_270' title='bbox 1043 3076 1104 3139; x_wconf 92' lang='lat' dir='ltr'><strong>illo</strong></span> <span class='ocrx_word' id='word_1_271' title='bbox 1126 3076 1163 3137; x_wconf 90' lang='lat' dir='ltr'><strong>in</strong></span> <span class='ocrx_word' id='word_1_272' title='bbox 1189 3074 1264 3138; x_wconf 77' lang='lat' dir='ltr'><strong>villas</strong></span> <span class='ocrx_word' id='word_1_273' title='bbox 1321 3099 1322 3130; x_wconf 77' lang='lat'>1</span> 
     </span>
     <span class='ocr_line' id='line_1_33' title="bbox 190 3155 1322 3246; baseline -0.011 -22"><span class='ocrx_word' id='word_1_274' title='bbox 190 3173 414 3246; x_wconf 87' lang='lat' dir='ltr'><strong>nuncupantes</strong></span> <span class='ocrx_word' id='word_1_275' title='bbox 432 3161 504 3223; x_wconf 89' lang='lat' dir='ltr'><strong>illas</strong></span> <span class='ocrx_word' id='word_1_276' title='bbox 526 3161 644 3224; x_wconf 90' lang='lat' dir='ltr'><strong>habere</strong></span> <span class='ocrx_word' id='word_1_277' title='bbox 671 3160 757 3222; x_wconf 84' lang='lat' dir='ltr'><strong>risus</strong></span> <span class='ocrx_word' id='word_1_278' title='bbox 782 3181 871 3239; x_wconf 88' lang='lat' dir='ltr'><strong>sum,</strong></span> <span class='ocrx_word' id='word_1_279' title='bbox 893 3161 955 3224; x_wconf 91' lang='lat' dir='ltr'><strong>boc</strong></span> <span class='ocrx_word' id='word_1_280' title='bbox 984 3169 1053 3236; x_wconf 91' lang='lat' dir='ltr'><strong>est,</strong></span> <span class='ocrx_word' id='word_1_281' title='bbox 1072 3170 1147 3226; x_wconf 68' lang='lat' dir='ltr'><strong>&#39;mm</strong></span> <span class='ocrx_word' id='word_1_282' title='bbox 1172 3155 1262 3229; x_wconf 90' lang='lat' dir='ltr'><strong>terris,</strong></span> <span class='ocrx_word' id='word_1_283' title='bbox 1321 3183 1322 3242; x_wconf 54' lang='lat' dir='ltr'><strong>p</strong></span> 
     </span>
     <span class='ocr_line' id='line_1_34' title="bbox 192 3238 1322 3326; baseline -0.002 -22"><span class='ocrx_word' id='word_1_284' title='bbox 192 3244 365 3322; x_wconf 87' lang='lat' dir='ltr'><strong>aediliciis,</strong></span> <span class='ocrx_word' id='word_1_285' title='bbox 386 3244 572 3322; x_wconf 88' lang='lat' dir='ltr'><strong>accolabus,</strong></span> <span class='ocrx_word' id='word_1_286' title='bbox 592 3241 780 3326; x_wconf 87' lang='lat' dir='ltr'><strong>mancipiis,</strong></span> <span class='ocrx_word' id='word_1_287' title='bbox 802 3242 941 3322; x_wconf 84' lang='lat' dir='ltr'><strong>libertis,</strong></span> <span class='ocrx_word' id='word_1_288' title='bbox 963 3241 1088 3318; x_wconf 84' lang='lat' dir='ltr'><strong>vineis,</strong></span> <span class='ocrx_word' id='word_1_289' title='bbox 1111 3238 1263 3320; x_wconf 64' lang='lat' dir='ltr'><strong>silvispra-</strong></span> <span class='ocrx_word' id='word_1_290' title='bbox 1321 3283 1322 3290; x_wconf 23' lang='grc' dir='ltr'><strong>κ</strong></span> 
     </span>
     <span class='ocr_line' id='line_1_35' title="bbox 190 3315 1262 3410; baseline -0.013 -22"><span class='ocrx_word' id='word_1_291' title='bbox 190 3327 249 3403; x_wconf 91' lang='lat' dir='ltr'><strong>tis,</strong></span> <span class='ocrx_word' id='word_1_292' title='bbox 273 3325 418 3408; x_wconf 87' lang='lat' dir='ltr'><strong>pascuis,</strong></span> <span class='ocrx_word' id='word_1_293' title='bbox 440 3325 549 3410; x_wconf 88' lang='lat' dir='ltr'><strong>aquis,</strong></span> <span class='ocrx_word' id='word_1_294' title='bbox 570 3345 764 3408; x_wconf 83' lang='lat' dir='ltr'><strong>aquarumve</strong></span> <span class='ocrx_word' id='word_1_295' title='bbox 779 3324 976 3404; x_wconf 86' lang='lat' dir='ltr'><strong>decursibus,</strong></span> <span class='ocrx_word' id='word_1_296' title='bbox 997 3324 1166 3386; x_wconf 88' lang='lat' dir='ltr'><strong>mobilibus</strong></span> <span class='ocrx_word' id='word_1_297' title='bbox 1177 3328 1206 3381; x_wconf 90' lang='lat' dir='ltr'><strong>ct</strong></span> <span class='ocrx_word' id='word_1_298' title='bbox 1219 3315 1262 3376; x_wconf 88' lang='lat' dir='ltr'><strong>im-</strong></span> 
     </span>
     <span class='ocr_line' id='line_1_36' title="bbox 188 3399 1260 3489; baseline -0.007 -19"><span class='ocrx_word' id='word_1_299' title='bbox 188 3409 380 3486; x_wconf 87' lang='lat' dir='ltr'><strong>mobilibus,</strong></span> <span class='ocrx_word' id='word_1_300' title='bbox 401 3430 514 3470; x_wconf 89' lang='lat' dir='ltr'><strong>aurum</strong></span> <span class='ocrx_word' id='word_1_301' title='bbox 529 3418 662 3489; x_wconf 87' lang='lat' dir='ltr'><strong>tantum,</strong></span> <span class='ocrx_word' id='word_1_302' title='bbox 683 3416 849 3489; x_wconf 79' lang='lat' dir='ltr'><strong>argeutum</strong></span> <span class='ocrx_word' id='word_1_303' title='bbox 862 3418 998 3488; x_wconf 86' lang='lat' dir='ltr'><strong>tantum,</strong></span> <span class='ocrx_word' id='word_1_304' title='bbox 1011 3412 1218 3470; x_wconf 85' lang='lat' dir='ltr'><strong>aeramentum</strong></span> <span class='ocrx_word' id='word_1_305' title='bbox 1234 3399 1260 3456; x_wconf 88' lang='lat' dir='ltr'><strong>in</strong></span> 
     </span>
     <span class='ocr_line' id='line_1_37' title="bbox 190 3481 1261 3572; baseline -0.01 -18"><span class='ocrx_word' id='word_1_306' title='bbox 190 3492 312 3555; x_wconf 91' lang='lat' dir='ltr'><strong>solidos</strong></span> <span class='ocrx_word' id='word_1_307' title='bbox 328 3499 441 3557; x_wconf 87' lang='lat' dir='ltr'><strong>tantos.</strong></span> <span class='ocrx_word' id='word_1_308' title='bbox 482 3492 568 3552; x_wconf 89' lang='lat' dir='ltr'><strong>llaec</strong></span> <span class='ocrx_word' id='word_1_309' title='bbox 583 3490 690 3552; x_wconf 89' lang='lat' dir='ltr'><strong>omnia</strong></span> <span class='ocrx_word' id='word_1_310' title='bbox 720 3511 793 3550; x_wconf 90' lang='lat' dir='ltr'><strong>curn</strong></span> <span class='ocrx_word' id='word_1_311' title='bbox 818 3489 964 3552; x_wconf 90' lang='lat' dir='ltr'><strong>omnibns</strong></span> <span class='ocrx_word' id='word_1_312' title='bbox 983 3487 1177 3572; x_wconf 79' lang='lat' dir='ltr'><strong>appendiciis</strong></span> <span class='ocrx_word' id='word_1_313' title='bbox 1194 3481 1261 3546; x_wconf 85' lang='lat' dir='ltr'><strong>suis·</strong></span> 
     </span>
     <span class='ocr_line' id='line_1_38' title="bbox 189 3571 1259 3657; baseline -0.009 -21"><span class='ocrx_word' id='word_1_314' title='bbox 189 3593 254 3657; x_wconf 91' lang='lat' dir='ltr'><strong>que</strong></span> <span class='ocrx_word' id='word_1_315' title='bbox 276 3572 461 3636; x_wconf 87' lang='lat' dir='ltr'><strong>adiacentiis</strong></span> <span class='ocrx_word' id='word_1_316' title='bbox 483 3573 625 3634; x_wconf 82' lang='lat' dir='ltr'><strong>velcnm</strong></span> <span class='ocrx_word' id='word_1_317' title='bbox 646 3571 734 3633; x_wconf 92' lang='lat' dir='ltr'><strong>omni</strong></span> <span class='ocrx_word' id='word_1_318' title='bbox 755 3573 951 3654; x_wconf 87' lang='lat' dir='ltr'><strong>supraposito</strong></span> <span class='ocrx_word' id='word_1_319' title='bbox 981 3573 1039 3633; x_wconf 92' lang='lat' dir='ltr'><strong>tibi</strong></span> <span class='ocrx_word' id='word_1_320' title='bbox 1074 3571 1259 3645; x_wconf 80' lang='lat' dir='ltr'><strong>dono-atque</strong></span> 
     </span>
     <span class='ocr_line' id='line_1_39' title="bbox 188 3652 1255 3737; baseline -0.006 -19"><span class='ocrx_word' id='word_1_321' title='bbox 188 3655 397 3732; x_wconf 86' lang='lat' dir='ltr'><strong>transfundo,</strong></span> <span class='ocrx_word' id='word_1_322' title='bbox 419 3663 563 3737; x_wconf 85' lang='lat' dir='ltr'><strong>quartam</strong></span> <span class='ocrx_word' id='word_1_323' title='bbox 576 3676 653 3716; x_wconf 82' lang='lat' dir='ltr'><strong>vero</strong></span> <span class='ocrx_word' id='word_1_324' title='bbox 669 3653 819 3735; x_wconf 86' lang='lat' dir='ltr'><strong>legitimis</strong></span> <span class='ocrx_word' id='word_1_325' title='bbox 842 3654 1015 3717; x_wconf 89' lang='lat' dir='ltr'><strong>heredibus</strong></span> <span class='ocrx_word' id='word_1_326' title='bbox 1034 3652 1255 3716; x_wconf 62' lang='lat' dir='ltr'><strong>mauracense</strong></span> 
     </span>
     <span class='ocr_line' id='line_1_40' title="bbox 189 3725 1259 3822; baseline -0.011 -22"><span class='ocrx_word' id='word_1_327' title='bbox 189 3737 266 3822; x_wconf 93' lang='lat' dir='ltr'><strong>quia</strong></span> <span class='ocrx_word' id='word_1_328' title='bbox 281 3739 365 3799; x_wconf 88' lang='lat' dir='ltr'><strong>malo</strong></span> <span class='ocrx_word' id='word_1_329' title='bbox 386 3737 448 3800; x_wconf 92' lang='lat' dir='ltr'><strong>hoc</strong></span> <span class='ocrx_word' id='word_1_330' title='bbox 467 3736 585 3799; x_wconf 84' lang='lat' dir='ltr'><strong>habere</strong></span> <span class='ocrx_word' id='word_1_331' title='bbox 601 3745 632 3798; x_wconf 88' lang='lat' dir='ltr'><strong>te</strong></span> <span class='ocrx_word' id='word_1_332' title='bbox 649 3757 745 3819; x_wconf 87' lang='lat' dir='ltr'><strong>quam</strong></span> <span class='ocrx_word' id='word_1_333' title='bbox 762 3757 832 3802; x_wconf 72' lang='lat' dir='ltr'><strong>me.</strong></span> <span class='ocrx_word' id='word_1_334' title='bbox 857 3736 930 3819; x_wconf 90' lang='lat' dir='ltr'><strong>plus</strong></span> <span class='ocrx_word' id='word_1_335' title='bbox 959 3745 992 3802; x_wconf 84' lang='lat' dir='ltr'><strong>te</strong></span> <span class='ocrx_word' id='word_1_336' title='bbox 1020 3757 1117 3818; x_wconf 86' lang='lat' dir='ltr'><strong>quam</strong></span> <span class='ocrx_word' id='word_1_337' title='bbox 1147 3725 1259 3819; x_wconf 70' lang='lat' dir='ltr'><strong>caeteris</strong></span> 
     </span>
     <span class='ocr_line' id='line_1_41' title="bbox 187 3812 1259 3900; baseline -0.017 -16"><span class='ocrx_word' id='word_1_338' title='bbox 187 3820 362 3884; x_wconf 86' lang='lat' dir='ltr'><strong>heredibus</strong></span> <span class='ocrx_word' id='word_1_339' title='bbox 380 3819 468 3883; x_wconf 89' lang='lat' dir='ltr'><strong>meis.</strong></span> <span class='ocrx_word' id='word_1_340' title='bbox 509 3819 665 3881; x_wconf 89' lang='lat' dir='ltr'><strong>Similiter</strong></span> <span class='ocrx_word' id='word_1_341' title='bbox 688 3839 748 3900; x_wconf 82' lang='lat' dir='ltr'><strong>ego</strong></span> <span class='ocrx_word' id='word_1_342' title='bbox 762 3819 796 3878; x_wconf 90' lang='lat' dir='ltr'><strong>in</strong></span> <span class='ocrx_word' id='word_1_343' title='bbox 819 3818 881 3880; x_wconf 88' lang='lat' dir='ltr'><strong>Dei</strong></span> <span class='ocrx_word' id='word_1_344' title='bbox 902 3819 1031 3880; x_wconf 89' lang='lat' dir='ltr'><strong>nomine</strong></span> <span class='ocrx_word' id='word_1_345' title='bbox 1048 3818 1104 3881; x_wconf 91' lang='lat' dir='ltr'><strong>illa</strong></span> <span class='ocrx_word' id='word_1_346' title='bbox 1132 3812 1259 3880; x_wconf 78' lang='lat' dir='ltr'><strong>dulcissi-</strong></span> 
     </span>
     <span class='ocr_line' id='line_1_42' title="bbox 187 3893 1259 3988; baseline -0.01 -22"><span class='ocrx_word' id='word_1_347' title='bbox 187 3924 240 3966; x_wconf 90' lang='lat' dir='ltr'><strong>mo</strong></span> <span class='ocrx_word' id='word_1_348' title='bbox 258 3903 358 3988; x_wconf 83' lang='lat' dir='ltr'><strong>iugali</strong></span> <span class='ocrx_word' id='word_1_349' title='bbox 377 3902 446 3981; x_wconf 90' lang='lat' dir='ltr'><strong>illo,</strong></span> <span class='ocrx_word' id='word_1_350' title='bbox 469 3901 495 3966; x_wconf 91' lang='lat' dir='ltr'><strong>si</strong></span> <span class='ocrx_word' id='word_1_351' title='bbox 540 3901 606 3963; x_wconf 92' lang='lat' dir='ltr'><strong>rior</strong></span> <span class='ocrx_word' id='word_1_352' title='bbox 624 3909 748 3962; x_wconf 90' lang='lat' dir='ltr'><strong>mortua</strong></span> <span class='ocrx_word' id='word_1_353' title='bbox 763 3901 857 3962; x_wconf 85' lang='lat' dir='ltr'><strong>luero</strong></span> <span class='ocrx_word' id='word_1_354' title='bbox 870 3923 967 3984; x_wconf 85' lang='lat' dir='ltr'><strong>quarn</strong></span> <span class='ocrx_word' id='word_1_355' title='bbox 978 3909 1027 3974; x_wconf 87' lang='lat' dir='ltr'><strong>tu,</strong></span> <span class='ocrx_word' id='word_1_356' title='bbox 1050 3899 1134 3962; x_wconf 91' lang='lat' dir='ltr'><strong>dono</strong></span> <span class='ocrx_word' id='word_1_357' title='bbox 1149 3893 1202 3958; x_wconf 77' lang='lat' dir='ltr'><strong>nbi</strong></span> <span class='ocrx_word' id='word_1_358' title='bbox 1213 3907 1259 3973; x_wconf 83' lang='lat' dir='ltr'><strong>per</strong></span> 
     </span>
     <span class='ocr_line' id='line_1_43' title="bbox 190 3923 1321 4069; baseline -0.016 -21"><span class='ocrx_word' id='word_1_359' title='bbox 190 3987 276 4048; x_wconf 88' lang='lat' dir='ltr'><strong>banc</strong></span> <span class='ocrx_word' id='word_1_360' title='bbox 309 3985 476 4069; x_wconf 86' lang='lat' dir='ltr'><strong>epistolam</strong></span> <span class='ocrx_word' id='word_1_361' title='bbox 509 3923 699 4046; x_wconf 82' lang='lat' dir='ltr'><strong>donationis.</strong></span> <span class='ocrx_word' id='word_1_362' title='bbox 750 3983 899 4065; x_wconf 85' lang='lat' dir='ltr'><strong>Sequitur</strong></span> <span class='ocrx_word' id='word_1_363' title='bbox 918 3982 1129 4066; x_wconf 82' lang='lat' dir='ltr'><strong>supradictum</strong></span> <span class='ocrx_word' id='word_1_364' title='bbox 1148 3987 1256 4040; x_wconf 81' lang='lat' dir='ltr'><strong>tertam.</strong></span> <span class='ocrx_word' id='word_1_365' title='bbox 1320 4047 1321 4054; x_wconf 8' lang='grc' dir='ltr'>ἵ</span> 
     </span>
     <span class='ocr_line' id='line_1_44' title="bbox 188 4058 1321 4151; baseline -0.017 -21"><span class='ocrx_word' id='word_1_366' title='bbox 188 4069 223 4130; x_wconf 84' lang='lat' dir='ltr'><strong>Si</strong></span> <span class='ocrx_word' id='word_1_367' title='bbox 238 4067 310 4151; x_wconf 91' lang='lat' dir='ltr'><strong>quis</strong></span> <span class='ocrx_word' id='word_1_368' title='bbox 327 4089 415 4146; x_wconf 84' lang='lat' dir='ltr'><strong>vero,</strong></span> <span class='ocrx_word' id='word_1_369' title='bbox 430 4065 519 4150; x_wconf 92' lang='lat' dir='ltr'><strong>qnod</strong></span> <span class='ocrx_word' id='word_1_370' title='bbox 530 4066 598 4128; x_wconf 81' lang='lat' dir='ltr'><strong>fieri</strong></span> <span class='ocrx_word' id='word_1_371' title='bbox 613 4087 678 4127; x_wconf 91' lang='lat' dir='ltr'><strong>non</strong></span> <span class='ocrx_word' id='word_1_372' title='bbox 694 4065 864 4144; x_wconf 87' lang='lat' dir='ltr'><strong>eredimus,</strong></span> <span class='ocrx_word' id='word_1_373' title='bbox 875 4065 902 4128; x_wconf 89' lang='lat' dir='ltr'><strong>si</strong></span> <span class='ocrx_word' id='word_1_374' title='bbox 918 4065 1018 4128; x_wconf 86' lang='lat' dir='ltr'><strong>luerit</strong></span> <span class='ocrx_word' id='word_1_375' title='bbox 1035 4064 1120 4128; x_wconf 90' lang='lat' dir='ltr'><strong>ullus</strong></span> <span class='ocrx_word' id='word_1_376' title='bbox 1135 4061 1172 4122; x_wconf 78' lang='lat' dir='ltr'><strong>de</strong></span> <span class='ocrx_word' id='word_1_377' title='bbox 1183 4058 1258 4118; x_wconf 86' lang='lat' dir='ltr'><strong>bere·</strong></span> <span class='ocrx_word' id='word_1_378' title='bbox 1320 4089 1321 4138; x_wconf 49' lang='lat' dir='ltr'><strong>p</strong></span> 
     </span>
     <span class='ocr_line' id='line_1_45' title="bbox 185 4135 1255 4232; baseline -0.016 -21"><span class='ocrx_word' id='word_1_379' title='bbox 185 4150 279 4214; x_wconf 92' lang='lat' dir='ltr'><strong>dibus</strong></span> <span class='ocrx_word' id='word_1_380' title='bbox 304 4149 430 4230; x_wconf 88' lang='lat' dir='ltr'><strong>nostris,</strong></span> <span class='ocrx_word' id='word_1_381' title='bbox 452 4149 504 4213; x_wconf 84' lang='lat' dir='ltr'><strong>rel</strong></span> <span class='ocrx_word' id='word_1_382' title='bbox 528 4147 682 4232; x_wconf 92' lang='lat' dir='ltr'><strong>quislibet</strong></span> <span class='ocrx_word' id='word_1_383' title='bbox 702 4169 839 4232; x_wconf 88' lang='lat' dir='ltr'><strong>persona</strong></span> <span class='ocrx_word' id='word_1_384' title='bbox 858 4149 924 4229; x_wconf 79' lang='lat' dir='ltr'><strong>qui&#39;</strong></span> <span class='ocrx_word' id='word_1_385' title='bbox 937 4155 1048 4212; x_wconf 84' lang='lat' dir='ltr'><strong>contra</strong></span> <span class='ocrx_word' id='word_1_386' title='bbox 1063 4145 1117 4213; x_wconf 77' lang='lat' dir='ltr'><strong>has</strong></span> <span class='ocrx_word' id='word_1_387' title='bbox 1132 4135 1255 4228; x_wconf 77' lang='lat' dir='ltr'><strong>epistolas</strong></span> 
     </span>
     <span class='ocr_line' id='line_1_46' title="bbox 185 4225 1254 4318; baseline -0.007 -24"><span class='ocrx_word' id='word_1_388' title='bbox 185 4254 252 4294; x_wconf 87' lang='lat' dir='ltr'><strong>uuo</strong></span> <span class='ocrx_word' id='word_1_389' title='bbox 290 4243 403 4297; x_wconf 84' lang='lat' dir='ltr'><strong>tencre</strong></span> <span class='ocrx_word' id='word_1_390' title='bbox 446 4232 641 4318; x_wconf 79' lang='lat' dir='ltr'><strong>conscriptas</strong></span> <span class='ocrx_word' id='word_1_391' title='bbox 664 4277 687 4315; x_wconf 19' lang='grc' dir='ltr'><strong>,Ι</strong></span> <span class='ocrx_word' id='word_1_392' title='bbox 715 4253 793 4314; x_wconf 87' lang='lat' dir='ltr'><strong>quas</strong></span> <span class='ocrx_word' id='word_1_393' title='bbox 830 4225 935 4296; x_wconf 76' lang='lat' dir='ltr'><strong>iuter¹</strong></span> <span class='ocrx_word' id='word_1_394' title='bbox 953 4251 1011 4294; x_wconf 91' lang='lat' dir='ltr'><strong>uos</strong></span> <span class='ocrx_word' id='word_1_395' title='bbox 1045 4227 1113 4299; x_wconf 80' lang='lat' dir='ltr'><strong>lieri</strong></span> <span class='ocrx_word' id='word_1_396' title='bbox 1153 4237 1254 4305; x_wconf 72' lang='lat' dir='ltr'><strong>rogau-</strong></span> 
     </span>
    </p>
   </div>
   <div class='ocr_carea' id='block_1_9' title="bbox 0 0 1360 4992">
    <p class='ocr_par' dir='ltr' id='par_1_9' title="bbox 0 0 1360 4992">
     <span class='ocr_line' id='line_1_47' title="bbox 0 0 1360 4992; baseline 0 3"><span class='ocrx_word' id='word_1_397' title='bbox 0 0 1360 4992; x_wconf 95' lang='lat' dir='ltr'><strong> </strong></span> 
     </span>
    </p>
   </div>
  </div>
 </body>
</html>
