2786 4980
123 297 172 368 02
329 308 361 368 A.
381 307 462 364 cua.
569 305 812 363 cariruuaan
916 308 979 367 aaa.

361 448 790 512 ‘MTULUS
853 447 984 514 XIX.

233 619 273 662 An
309 615 444 660 francos
472 616 511 657 ET
539 612 719 672 Aquitanos
752 617 843 658 nisse
876 617 915 660 DE
949 615 1123 667 conteneo,

123 743 235 815 Haec
260 763 354 832 qnae
381 748 583 828 sentiantur
614 735 791 826 Capitale
821 738 923 808 misit
950 739 1124 811 Domnua
1151 739 1236 818 Rea·

123 841 292 916 Knrolus
316 839 371 908 ad
389 839 560 905 Francos
576 847 611 904 et
633 835 861 926 Aquitanos,
890 840 953 930 qni
978 837 1026 908 ab
1052 865 1094 910 eo
1121 837 1236 910 disci-

123 937 270 1016 verant
288 962 387 1008 anno
428 936 707 1004 iucarnationis
743 937 955 1007 dominicae
988 939 1236 1027 DCCCLVI,

124 1042 248 1113 Nonis
271 1037 361 1106 Iulii
388 1036 434 1102 de
448 1036 598 1127 palatio
624 1036 833 1121 Cariniana,
855 1038 1077 1129 perfidelea
1093 1039 1236 1107 Missos

123 1165 212 1234 snos
236 1135 480 1210 Adalnrdum
504 1131 707 1219 Abbatem,
735 1136 961 1228 Rodulfitm,
988 1137 1234 1229 Ricbninum,

355 1232 633 1326 Adnlgarinm,
661 1245 696 1302 et
719 1233 1005 1326 Berengnrinm.

204 1431 229 1492 Ι.
256 1365 414 1485 Mandat
438 1422 527 1484 vobis
556 1432 665 1483 noster
696 1423 814 1486 Senior
844 1425 920 1506 quia
942 1448 1018 1488 suus
1049 1427 1233 1491 avunculus

121 1509 327 1578 Rhuodulfus
347 1508 397 1568 illi
419 1506 458 1566 de
478 1516 583 1567 vestra
600 1505 753 1566 fidelitate
774 1509 944 1587 nuntiavit,
967 1511 1055 1591 qaod
1071 1534 1126 1576 vos
1141 1513 1238 1572 illam

122 1595 277 1682 precastis
295 1603 331 1652 ut
351 1589 391 1650 ad
410 1611 467 1650 vos
486 1609 559 1649 suos
583 1589 804 1650 denominatos
827 1591 939 1654 fideles
958 1594 991 1652 in
1010 1615 1066 1653 sua
1086 1595 1235 1656 mercede

122 1679 363 1751 transmitteret,
387 1681 418 1734 et
439 1693 495 1731 vos
508 1671 557 1730 illi
577 1692 635 1752 per
653 1671 726 1732 illos
744 1683 879 1733 vestram
894 1675 1114 1738 necessitatem
1132 1687 1163 1737 et
1183 1681 1238 1740 v'o-,

123 1763 282 1842 luntatem
298 1755 449 1816 mandare
466 1752 637 1824 volebatis3
662 1765 694 1814 et
720 1757 746 1816 si
774 1756 898 1837 aliquid
924 1760 1045 1830 factum
1069 1759 1237 1836 habebatis

124 1844 214 1926 quod
241 1838 412 1901 necessitas
442 1837 557 1897 fuisset
581 1837 771 1914 emendare,
804 1839 987 1900 voluntarie
1016 1863 1075 1923 per
1105 1843 1239 1903 illorum

124 1925 297 1989 consilium
315 1919 549 1996 emendabatis,
572 1928 604 1978 et
625 1920 713 2000 quod
734 1921 824 1982 vobis
846 1925 1019 1986 consilium
1044 1924 1240 1988 donaverint

125 2011 166 2070 ad
188 2007 288 2068 nostri
317 2003 461 2066 Senioris
488 2000 677 2063 fidelitatem
708 2012 739 2064 et
764 2012 901 2067 vestram
928 2006 1154 2087 salvationem,
1177 2030 1239 2070 vo-

123 2091 265 2154 luntarie
286 2086 448 2150 faceretis.
510 2108 518 2126 ·
1181 2111 1183 2118 ’

208 2175 248 2233 ll.
291 2171 332 2234 Et
347 2169 477 2228 mandat
498 2167 589 2230 vobis
613 2177 723 2228 noster
743 2166 867 2240 Senior,
881 2168 956 2251 quia
975 2170 1081 2252 placet
1096 2171 1126 2233 ei
1148 2171 1239 2255 quod

124 2258 176 2319 illi
199 2278 274 2317 suus
307 2252 487 2314 avunculus
517 2251 556 2311 de
582 2260 686 2310 vestra
716 2250 869 2326 fidelitate
899 2261 930 2311 et
957 2254 1041 2313 bona
1068 2255 1237 2318 voluntate

125 2338 305 2408 nuntiavit;
336 2345 367 2396 et
396 2331 576 2395 secundum
600 2343 736 2394 vestram
768 2333 1030 2414 deprecationem
1051 2338 1239 2399 transmittit

124 2446 194 2499 nos,
218 2421 302 2482 sicut
324 2417 487 2500 precastis,
512 2415 551 2474 ad
569 2437 642 2483 vos;
667 2425 698 2475 et
717 2416 846 2475 mandat
867 2417 955 2479 vobis
972 2420 1048 2498 quia
1069 2421 1095 2480 si
1118 2420 1235 2502 aliquis

123 2508 164 2568 de
186 2503 276 2566 vobis
294 2523 326 2564 se
347 2500 500 2576 reclamat
516 2498 604 2580 quod
627 2497 744 2558 iniuste
765 2499 862 2560 alicui
879 2501 1022 2562 devehis
1042 2503 1130 2581 fecit,
1150 2502 1238 2564 etad

122 2599 245 2651 rectam
265 2584 423 2647 rationem
441 2591 473 2642 et
494 2582 612 2640 iustum
631 2579 787 2640 iudicium
814 2584 925 2644 venire
951 2605 1015 2644 non
1040 2587 1156 2666 potuit,
1182 2593 1239 2644 aut

148 2694 183 2733 er
203 2670 335 2732 insidias
355 2666 479 2748 aliquas
501 2674 556 2724 aut
574 2662 641 2746 ipse
661 2663 908 2742 Seniornoster,
932 2677 986 2727 aut
1007 2668 1124 2749 aliquis
1140 2667 1180 2728 ad
1199 2667 1238 2726 il·

122 2696 203 2832 lum,
227 2754 370 2835 aliquem
389 2749 428 2810 de
443 2746 533 2809 vobis
551 2745 827 2828 comprehendere
849 2749 962 2826 voluit,
980 2760 1012 2810 et
1030 2760 1163 2834 propter
1175 2749 1238 2810 hoc

123 2839 164 2898 ad
183 2827 309 2920 teinpus
334 2829 452 2910 aliquis
471 2831 510 2890 de
532 2829 622 2892 vobis
651 2829 689 2886 ab
713 2829 801 2890 illius
823 2831 1005 2912 praesentia
1027 2843 1060 2892 et
1084 2835 1123 2894 ab
1148 2833 1238 2894 illias

123 2920 255 2986 servitio
285 2939 318 2978 se
345 2912 503 2975 subtraxit
519 2936 527 2982 ς
555 2909 643 2993 ,quia
668 2912 771 2972 omnis
794 2912 982 2994 quicunque
1012 2915 1051 2974 de
1079 2916 1171 2976 vobis
1199 2915 1240 2976 ad

122 3013 244 3066 rectam
266 2998 428 3059 rationem
449 2993 489 3074 ad
513 2993 607 3055 illum
628 3002 660 3055 et
676 3005 751 3054 ante
773 3016 845 3054 suos
868 2994 980 3056 fideles
998 2997 1110 3057 venire
1127 2998 1241 3059 volue-

123 3087 185 3160 rit,
207 3084 270 3144 hoc
294 3082 324 3141 ei
342 3078 501 3140 concedit.
543 3079 586 3138 Et
603 3077 628 3136 si
651 3075 733 3137 iuste
752 3086 784 3137 et
804 3078 1042 3140 rationabiliter
1067 3081 1241 3140 inventum

123 3167 224 3228 fuerit
242 3164 331 3248 quod
352 3171 471 3222 rectam
488 3159 645 3218 rationem
660 3167 770 3220 contra
790 3179 864 3220 eum
885 3162 1001 3243 aliquis
1021 3161 1059 3222 de
1082 3163 1168 3226 vobis
1185 3163 1241 3222 ha-

123 3250 243 3324 buerit,
266 3242 494 3308 cumconsilio
512 3241 659 3308 fidelium
679 3263 811 3301 suorum
835 3243 895 3304 hoc
923 3247 1103 3306 voluntarie
1128 3267 1240 3306 emen-

126 3332 224 3395 dabit.
268 3331 311 3390 Et
334 3327 360 3388 si
385 3328 553 3386 inventum
575 3324 673 3385 faerit
695 3325 783 3404 quod
809 3326 899 3388 illam
925 3348 1051 3388 causam
1069 3329 1155 3390 unde
1184 3325 1241 3386 ali-

124 3417 198 3499 quis
232 3413 271 3472 de
299 3411 389 3472 vobis
421 3406 614 3490 conquirere
641 3407 793 3487 voluerit,
826 3431 885 3492 per
906 3405 1073 3470 'rationem
1102 3411 1240 3486 feccrit,

124 3497 213 3561 volet
237 3505 273 3556 ut
304 3495 388 3555 sicut
414 3511 473 3574 per
502 3487 659 3552 rationem
685 3489 774 3568 fecit,
806 3491 850 3552 ita
875 3494 959 3553 facta
992 3514 1052 3577 per
1082 3494 1243 3555 rationem

125 3587 324 3666 permaneat.

209 3663 274 3726 lll.
317 3653 448 3719 Mandat
471 3653 561 3716 vobis
585 3664 622 3714 ut
642 3653 667 3714 si
691 3652 806 3736 aliquis
829 3656 971 3724 devobis
993 3666 1114 3718 rectam
1141 3656 1241 3718 ratio-

69 3806 71 3812 ,
126 3770 202 3809 nem
224 3745 263 3806 ad
294 3743 390 3802 illum
413 3748 445 3800 et
475 3743 547 3797 ante
576 3759 649 3800 suos
670 3735 782 3798 fideles
808 3739 1018 3822 precaverit,
1052 3750 1084 3801 et
1106 3739 1184 3801 inde
1207 3741 1241 3798 in

124 3841 246 3894 rectam
267 3826 428 3886 rationem
455 3819 599 3896 venerit,
630 3827 662 3880 et
692 3820 773 3880 iuste
805 3832 836 3882 et
861 3821 1097 3882 rationabiliter
1132 3823 1243 3882 inven.

125 3910 306 3976 tumfuerit
321 3907 409 3990 quod
426 3914 546 3964 rectam
562 3903 720 3962 rationem
736 3903 861 3986 aliquid
878 3907 917 3966 de
933 3905 1023 3966 vobis
1037 3927 1102 3966 non
1115 3904 1242 3980 babeat,

126 3998 241 4080 etipsa
263 4002 351 4053 recta
374 3987 457 4049 ratio
479 3987 574 4045 illum
597 3987 796 4064 convicerit,
819 3989 895 4068 quia
918 3988 944 4048 si
974 4009 1006 4048 se
1032 3988 1248 4048 concredide·

125 4081 169 4140 rit
191 4090 224 4140 ct
244 4071 476 4147 humiliaverit,
493 4079 524 4129 et
547 4069 772 4128 emendatione
789 4091 977 4152 permanere
999 4069 1151 4146 voluerit,
1167 4070 1243 4150 quia

127 4165 211 4224 sicat
228 4181 301 4221 cum
324 4155 389 4216 suis
415 4151 565 4212 fidelibus
592 4151 828 4212 rationabiliter
852 4153 1015 4214 invenerit
1036 4163 1072 4214 ut
1100 4153 1243 4214 rationa-

127 4247 227 4308 bilem
249 4236 504 4302 misericordiam
527 4234 645 4314 faciat,
673 4234 855 4298 voluntarie
876 4245 1005 4322 paratus
1037 4247 1086 4300 est
1105 4237 1222 4298 lacere.
