2658 4978
188 355 260 432 154
397 375 428 432 t.
447 375 531 430 cua.
637 372 879 429 carissimu
991 374 1048 443 aaa.

185 512 360 600 episcopali
386 513 508 576 indicio
537 513 640 574 faeiat.
694 513 798 596 Ipsam
832 521 938 574 autern
967 513 1266 596 Quadragesimamal

183 607 299 680 quarta
316 596 409 673 feria,
431 597 465 657 id
491 606 548 671 est,
570 597 588 655 ia
613 595 717 678 capite
739 594 864 672 ieiunii,
887 616 961 654 cnm
979 596 1046 676 ipsa
1066 611 1175 676 quarta
1187 601 1266 677 feria,

183 700 249 762 qna
269 678 401 762 publice
431 679 637 760 poenitentes
664 678 896 760 poenitentiam
916 677 1097 758 accipiunt,
1124 679 1267 742 observari

183 761 346 844 usquead
367 769 508 822 sanctam
521 760 801 820 Resurrectionem
821 761 999 820 secundnm
1019 763 1267 825 consuetudinem

184 845 350 926 antiquam
373 843 597 925 praecipimus.
640 842 703 902 Sed
721 851 870 924 expectet
887 843 943 922 qui
961 852 1189 903 sacramentnm
1206 859 1266 906 ante

184 927 469 1008 Quadragesimam
480 934 638 986 servatum
654 925 787 1006 accepit,
802 924 828 984 si
847 925 1060 1006 quadraginta
1080 926 1147 986 dies
1163 936 1193 986 et
1204 950 1268 1010 qua·

183 1007 330 1090 draginta
348 1019 456 1069 noctes
472 1017 545 1066 ante
564 1005 652 1066 illam
667 1007 947 1088 Quadragesimam
965 1028 1031 1067 non
1049 1007 1181 1084 habuit,
1208 1011 1266 1070 sine

183 1090 252 1150 ulla
267 1091 364 1173 legali
383 1089 614 1172 compositione
629 1088 681 1150 vel
704 1089 869 1150 iectitione
890 1109 991 1169 usque
1019 1090 1060 1150 ad
1083 1090 1165 1151 diem
1184 1091 1266 1153 Lunis

206 1181 255 1234 ost
273 1182 400 1235 octavas
421 1171 560 1234 Paschae
568 1195 577 1243 ;
600 1181 632 1234 et
647 1180 726 1231 tunc
747 1171 835 1254 quod
854 1172 1003 1254 legaliter
1033 1173 1173 1255 accepit,
1194 1174 1266 1254 lega-

181 1195 262 1317 liter
277 1265 311 1316 et
324 1255 478 1338 perficiat.

264 1337 423 1404 XXXIV.
463 1337 582 1398 Notum
600 1335 996 1397 fierivolnmusomnibus
1027 1335 1089 1396 Dei
1114 1343 1144 1394 et
1172 1340 1267 1400 nonnis

182 1417 354 1496 fidelibus,
376 1419 529 1503 qnoniam
545 1419 676 1498 quidam
700 1419 959 1486 Comitesnostri
972 1440 1031 1478 nos
1055 1421 1267 1484 consuluerunt

183 1502 225 1562 de
242 1502 308 1564 illis
331 1503 464 1564 Francis
483 1501 669 1560 hominibus
699 1499 756 1581 qni
779 1521 911 1561 censum
937 1501 1064 1582 regium
1089 1501 1128 1560 de
1152 1515 1205 1566 sno
1223 1525 1266 1562 ca-

179 1584 267 1667 pite,
289 1585 345 1646 sed
364 1595 397 1645 et
420 1587 460 1647 de
472 1585 537 1646 suis
553 1583 697 1644 rescellis
718 1582 900 1660 debebant,
922 1583 979 1664 qui
1011 1591 1155 1664 tempore
1173 1581 1265 1660 famis,

181 1668 374 1728 necessitate
389 1678 542 1750 cogente,
563 1667 683 1748 seipsos
700 1664 740 1724 ad
758 1665 925 1724 servitium
945 1665 1169 1726 vendiderunt.
1189 1667 1264 1726 Unde

182 1770 257 1809 cnm
277 1749 443 1832 Episcopis
458 1758 490 1810 et
506 1749 640 1810 caeteris
653 1748 715 1808 Dei
729 1767 765 1806 ac
783 1749 897 1808 nostris
915 1747 1066 1808 fidelibus
1080 1749 1264 1808 tractavimus
1312 1803 1313 1812 ,

174 1831 264 1916 ,quid
279 1831 371 1892 nobis
400 1841 483 1893 esset
511 1830 686 1913 agendum
715 1837 749 1889 et
769 1831 856 1910 quod
879 1851 953 1890 cum
980 1831 1026 1890 eis
1055 1829 1131 1888 inde
1156 1830 1265 1889 inveni-

182 1935 254 1974 mus
271 1936 307 1974 ae
323 1914 564 1989 constituimus,
586 1910 748 1993 praesenti
774 1913 878 1972 edicto
903 1911 1115 1972 decrevimus.
1159 1913 1193 1972 ld
1213 1922 1263 1986 est,

183 1996 261 2078 quia
282 2017 348 2055 non
372 1995 406 2056 in
425 1997 497 2078 lege
518 1996 622 2056 Salica
641 2016 682 2056 ex
700 1993 763 2053 hoc
778 1995 957 2075 expressius
981 1994 1136 2075 quiddam
1156 1994 1264 2052 inveni-

181 2099 265 2157 mus,
287 2078 474 2139 continetur
488 2087 593 2137 tamen
616 2076 650 2136 in
672 2076 767 2136 tertio
785 2077 1010 2159 Capitulornm
1025 2076 1122 2151 libro,
1143 2075 1263 2158 capitulo

182 2183 270 2233 xxix,
288 2161 328 2222 de
343 2160 473 2222 homine
497 2160 580 2219 libro
594 2158 650 2240 qui
672 2179 706 2218 se
736 2158 808 2218 loco
828 2160 922 2220 wadii
946 2159 1080 2219 tradidit
1093 2158 1125 2216 in
1153 2158 1262 2217 alterius

180 2251 389 2328 potestatem,
412 2252 444 2304 et
463 2242 506 2303 ibi
530 2241 722 2303 constitutus
740 2241 891 2302 damnum
913 2241 1047 2322 aliquod
1072 2241 1199 2300 cuilibet
1223 2241 1262 2296 le-

182 2326 280 2404 cerit,
303 2335 339 2386 ut
360 2325 386 2386 is
403 2325 550 2408 quicum
570 2324 640 2384 loco
660 2321 755 2384 wadii
781 2325 941 2405 suscepit,
962 2334 1018 2384 aut
1043 2324 1186 2383 damnum
1210 2321 1261 2380 sol-

180 2418 253 2486 vat,
277 2417 332 2468 aut
354 2408 518 2468 hominem
534 2408 566 2466 in
584 2406 682 2466 mallo
704 2405 896 2488 productum
913 2406 1055 2482 amittat,
1079 2406 1206 2486 perdens
1227 2403 1260 2460 si·

179 2491 249 2550 mul
270 2490 413 2551 debitum
432 2500 563 2573 propter
582 2488 670 2570 quod
689 2509 837 2570 cumpro
856 2489 959 2550 wadio
972 2489 1136 2568 suscepit,
1168 2496 1195 2546 et
1214 2482 1258 2563 qai

180 2573 335 2635 damnum
352 2574 445 2650 fecit,
468 2573 615 2633 dimissus
629 2571 719 2631 iuxta
740 2571 924 2652 qualitatem
945 2571 992 2630 rei
1024 2581 1154 2652 cogatur
1173 2587 1259 2628 emen·

179 2655 267 2717 dare.
310 2655 345 2718 Si
364 2677 441 2718 vero
458 2655 592 2717 liberam
612 2654 765 2716 feminam
780 2653 946 2729 hahuerit,
969 2663 1000 2713 et
1022 2673 1124 2733 usque
1151 2653 1216 2712 dum
1232 2647 1256 2703 in

203 2738 315 2821 ignore
340 2737 447 2800 extitit
470 2737 553 2809 filios
574 2735 768 2814 habuerint,
798 2735 890 2796 liberi
917 2744 1135 2816 permaneant.
1173 2735 1209 2792 Et
1232 2730 1256 2784 iu
1311 2753 1312 2776 1

176 2761 251 2904 lege
274 2820 376 2904 digito
395 2820 458 2883 Dei
476 2821 592 2902 scripta
608 2817 758 2901 legimus,
781 2832 817 2878 ut
845 2819 871 2878 si
895 2827 1078 2877 attenuatas
1095 2817 1187 2874 fuerit
1207 2813 1257 2901 fraj

178 2911 230 2966 ter
243 2914 353 2966 noster
371 2913 452 2965 etse
472 2903 505 2964 in
528 2902 692 2964 servitium
712 2900 886 2976 tradiderit,
909 2921 964 2960 sex
982 2900 1076 2958 annis
1093 2899 1204 2961 serviet
1220 2892 1256 2949 illl

177 2986 236 3070 qui
256 3008 329 3047 eum
350 2985 444 3064 emit,
468 2994 500 3046 et
521 2985 655 3066 septimo
673 2983 756 3042 liber
770 2983 954 3063 egredietur
973 2982 1080 3061 gratis.
1122 2983 1203 3058 Quae
1220 2997 1258 3064 sa:

178 3090 232 3130 cra
257 3068 391 3130 historia
412 3078 444 3128 et
464 3068 670 3129 observantes
698 3065 862 3124 moraliter
897 3064 1067 3141 aedificat,
1111 3073 1141 3123 et
1172 3059 1256 3118 atam

178 3172 277 3211 sensu
301 3149 522 3231 intelligentes
538 3149 719 3209 inluminat.
764 3148 799 3206 ln
816 3148 888 3228 lege
910 3146 1006 3206 etiam
1030 3167 1125 3228 quam
1145 3142 1251 3223 praede·

178 3253 319 3294 cessores
336 3234 436 3293 nostri
460 3242 492 3292 et
518 3229 762 3291 nominatissimi
793 3231 1003 3312 Imperatores
1043 3226 1256 3290 constituerant

178 3315 219 3377 de
245 3313 296 3376 his
320 3315 376 3398 qui
399 3315 482 3375 filios
501 3336 591 3390 suos,
614 3315 696 3372 fame
721 3321 775 3372 aaut
795 3311 857 3374 alia
884 3311 991 3392 aliqua
1013 3311 1190 3372 necessitate
1213 3323 1254 3362 co·

178 3407 293 3480 gente,
314 3399 484 3473 vendunt,
515 3398 608 3480 plura
627 3395 788 3455 habentur
810 3393 958 3474 Capitula
984 3415 1065 3473 quiae
1098 3391 1194 3452 omnia
1216 3383 1255 3441 hic

177 3501 244 3542 non
262 3501 390 3540 necesse
413 3479 563 3540 duximus
583 3498 715 3558 ponere.
758 3477 879 3536 Tamen
898 3475 979 3535 illud
996 3476 1174 3557 Capitulum
1186 3464 1253 3549 qnod

178 3585 253 3624 cum
268 3562 384 3624 sanctis
401 3559 625 3622 ecclesiasticis
641 3559 761 3640 regulis
792 3579 832 3618 ex
861 3559 997 3616 maxima
1026 3569 1113 3638 parte
1142 3569 1255 3617 coneor-

178 3646 250 3708 dari
271 3645 473 3722 invenimus,
495 3643 550 3704 hic
578 3664 699 3724 ponere
720 3641 937 3701 necessarium
959 3640 1125 3716 duximus,
1154 3638 1183 3694 in
1204 3650 1252 3722 quo

179 3729 279 3790 dicit:
302 3730 345 3788 Ut
357 3727 545 3809 quicunque
562 3724 696 3807 ingenui
721 3724 803 3783 lilios
818 3743 891 3783 suos
910 3722 1008 3802 (quod
1023 3733 1054 3781 et
1083 3723 1121 3782 de
1138 3717 1203 3800 ipsis
1224 3714 1252 3769 a·
1310 3737 1311 3756 2

178 3811 265 3872 beris
281 3811 485 3888 bominibus,
508 3808 614 3892 quise
632 3806 797 3883 vendunt,
828 3805 988 3865 observari
1018 3803 1174 3873 volumus]
1195 3814 1253 3876 qaa-

178 3894 260 3954 libet
276 3893 463 3954 necessitate
483 3915 540 3954 sen
557 3891 649 3952 famis
664 3900 806 3972 tempore
829 3887 1058 3963 vendiderint,
1080 3887 1144 3966 ipss
1167 3895 1253 3970 neces·

179 3977 272 4040 sitate
291 3976 459 4056 compulsi,
481 3985 604 4056 emptor
621 3973 646 4035 si
664 3973 809 4055 quinque
826 3970 935 4031 solidis
956 3969 1042 4046 emit,
1062 3991 1116 4030 sex
1135 3963 1251 4040 resipiat:

179 4059 206 4122 si
217 4059 339 4134 decem,
353 4059 525 4119 duodecim
540 4057 661 4117 solidos
677 4055 825 4115 similiter
838 4052 989 4133 recipiat:
1013 4063 1067 4111 aut
1082 4051 1105 4112 si
1125 4044 1250 4126 amplius,

180 4141 358 4205 secundum
379 4140 624 4235 suprascriptam
647 4137 803 4199 rationem
825 4145 1029 4213 augmentum
1051 4131 1142 4216 pretii
1160 4142 1251 4211 const·

180 4234 307 4307 quatur.
349 4225 484 4285 Sanctus
508 4232 603 4283 etiam
619 4221 792 4303 Gregorius
814 4219 853 4278 dc
874 4218 922 4280 his
938 4217 995 4298 qui
1012 4216 1104 4276 liberi
1119 4213 1249 4292 dPagflfflff

181 4308 265 4391 capti
279 4305 425 4384 fuerint,
448 4305 473 4369 si
488 4305 604 4390 aliquis
633 4325 686 4366 eos
706 4302 900 4380 redemerit,
934 4298 995 4386 ipsi
1034 4297 1090 4384 qui
1120 4291 1248 4369 redempti
