2658 4978
136 269 207 346 tto
338 293 373 347 a.
393 287 477 364 cun,
581 283 823 350 aasumensi
933 284 991 346 soa

216 429 317 509 (Haec
338 443 409 494 sunt
430 431 557 494 nornine
577 428 807 514 Episcoporum
827 425 883 512 qui
902 447 984 488 anno
996 427 1228 490 Inoamationis

134 516 320 578 Dominieae
341 513 525 585 DCCCLX,
546 512 648 575 Nonis
669 514 771 574 Iuniis
781 556 795 585 ,
824 515 858 572 in
878 509 1054 570 Secretorio
1075 509 1229 572 Basilicas

135 598 238 659 sancti
259 596 399 660 Castoris
419 593 701 659 consideraverunt
728 615 799 656 cum
830 592 985 654 nobilibus
1014 611 1050 652 ac
1071 589 1230 674 fidelihus

134 679 225 740 laicis
238 677 429 761 firmitatem
450 699 543 762 quam
561 677 694 756 gloriosi
714 677 811 757 Reges
838 674 940 736 nostri
959 670 1181 735 Hludouoicus
1203 687 1231 734 et

135 760 272 822 Karolus
293 773 385 843 atque
405 759 595 822 Hlotharius
615 759 700 819 inter
718 778 751 817 sc
764 757 914 838 fecerunt
936 755 1011 820 VII.
1039 754 1119 816 Idus
1146 758 1233 816 Iuni·

136 863 173 904 as
193 842 229 904 in
247 841 358 918 codena
378 841 565 912 monasterio
575 883 587 912 ,
610 852 640 900 et
660 841 716 923 qui
744 842 819 902 hace
846 837 991 922 Capitale
1022 837 1060 896 ab
1090 839 1232 902 omnibus

122 922 359 1000 conservanda
379 934 615 996 acceptaverunt
635 926 673 998 r).
1039 983 1042 987 ,

209 1006 425 1082 Hincmnras,
447 1003 664 1080 (mathanias,
690 1001 870 1082 altfridus,
900 999 1073 1078 Salomon,
1102 1000 1233 1064 Adven-

135 1087 220 1166 tius,
240 1089 352 1164 Hatto,
372 1089 517 1164 Franco,
537 1085 753 1161 hadericus,
773 1089 982 1163 Lentbertua,
1005 1083 1234 1160 unachorda,

137 1170 363 1246 Christianus,
384 1169 535 1234 Wliadua
549 1169 664 1246 Ahha,
684 1169 861 1252 Witgarius
884 1168 983 1232 Abba.

477 1298 567 1363 Haec
589 1294 716 1362 nomina
736 1298 899 1368 laieorum.

220 1416 450 1496 Chnonradua,
471 1415 655 1494 Eumelus,
676 1413 872 1495 Adalartns,
907 1413 1079 1493 Arnustns,
1100 1414 1236 1478 Warna-

139 1502 225 1580 rius,
255 1500 454 1576 Liutfridna,
484 1499 704 1575 Hrnodulfus‚
747 1497 980 1582 Erkingarins,
1015 1497 1234 1572 Gislehertus,

138 1585 319 1660 Ratbodas,
339 1581 518 1656 Arnnlfus,
539 1582 649 1664 Hugo,
671 1580 748 1642 item
767 1580 1000 1659 Chnonradns,
1027 1580 1235 1653 Lintharins,

139 1666 361 1748 Beringarins,
390 1662 582 1737 Metiridns,
610 1664 710 1739 Bono,
738 1662 860 1745 sigeri,
890 1664 1125 1740 Burmannus,
1161 1661 1236 1720 Lin-

139 1748 291 1825 thardus,
312 1745 516 1824 Richninns,
537 1745 717 1828 wigricus,
739 1745 935 1823 Hnnlridns,
956 1745 1237 1822 Bernoldns,Hat-

140 1838 192 1906 to,
213 1829 421 1905 Adalhertas,
441 1826 660 1904 isanhardus,
683 1826 907 1904 Christianus,
928 1826 1114 1906 Lentulins,
1135 1825 1236 1900 Bessi,

140 1910 365 1990 Herimaunus‚
387 1911 464 1974 item
478 1909 694 1988 Hrnodulfns,
717 1909 919 1993 sigehardus,

284 2045 517 2108 Sacaaunnruu
547 2066 725 2108 annumeras
755 2046 956 2109 Haunouvrci
987 2047 1094 2118 Rasna.

222 2159 346 2221 Amodo
364 2168 396 2221 et
416 2158 562 2242 quandiu
578 2159 709 2237 vixero,
731 2160 826 2221 istam
847 2162 978 2223 fratrem
1003 2182 1112 2222 meum
1131 2159 1237 2220 Karo-
1318 2126 1320 2190 l

142 2245 230 2319 lam,
253 2251 286 2304 et
320 2251 451 2324 nepotes
477 2263 563 2303 meos
596 2242 854 2321 Hlndouricum‘,
885 2242 1108 2318 Hlotharium,
1143 2251 1238 2322 atque

141 2326 319 2402 Karolnm‚
341 2324 381 2385 ad
398 2323 460 2385 Dei
480 2323 696 2401 voluntatem,
719 2335 752 2386 et
772 2335 898 2388 sanctae
919 2325 987 2387 eins
1000 2324 1169 2386 Ecclesiae
1183 2334 1238 2384 sta·
1327 2354 1328 2358 ,

143 2416 212 2468 tum
226 2415 259 2468 ct
275 2406 433 2467 honorem
451 2414 546 2487 atque
567 2405 805 2484 defensionem,
827 2417 861 2468 ct
879 2407 919 2468 ad
934 2417 1073 2468 nostram
1093 2427 1238 2466 commu-

116 2499 119 2504 '
143 2509 219 2550 nem
231 2489 365 2550 salutem
380 2497 411 2548 et
423 2487 599 2564 honorem,
621 2489 710 2550 etad
729 2489 839 2572 populi
855 2488 1029 2552 Christiani
1048 2488 1138 2548 nobis
1158 2508 1239 2548 com-

143 2569 229 2632 missi
247 2571 478 2633 salvamentum
493 2579 527 2632 et
542 2590 675 2651 pacem,
698 2579 730 2632 et
748 2571 788 2632 ad
809 2571 888 2656 legia
917 2592 963 2631 ac
976 2570 1116 2632 iustitiae
1141 2579 1239 2649 atque

142 2661 248 2715 rectae
268 2651 401 2712 rationis
423 2651 717 2729 conservationem,
761 2662 893 2713 nantum
909 2651 987 2712 mihi
1005 2656 1093 2713 Deus
1109 2652 1194 2712 scire
1210 2657 1240 2710 et
1321 2678 1324 2687 ·

142 2754 235 2819 posse
252 2733 435 2811 donaverit,
458 2742 491 2794 et
511 2733 572 2817 ipsi
585 2754 635 2794 me
653 2675 873 2810 obaulierina
896 2745 928 2796 et
942 2736 959 2794 t
974 2756 1023 2794 me
1041 2733 1101 2814 ipsi
1117 2731 1241 2812 quaesi·
1323 2790 1326 2807 ,

143 2817 250 2893 erint,
271 2837 350 2877 vero
371 2815 527 2892 consilio,
550 2825 582 2876 et
599 2816 777 2880 secundnm
791 2817 879 2897 quod
904 2815 1240 2876 mihissrationahiliter
1324 2810 1327 2822 ¹

145 2909 178 2960 ct
194 2897 365 2960 salubriter
381 2897 532 2980 possibile
547 2898 663 2974 fuerit,
685 2897 812 2959 sincero
833 2898 954 2958 auxilio
975 2898 1103 2958 adiutor
1126 2918 1186 2958 ero
1204 2896 1241 2956 ad

143 3001 281 3060 regnum
297 2979 429 3039 illorum
452 2979 704 3056 continendum,
726 2989 759 3041 et
775 3001 836 3041 nec
850 2979 883 3040 in
906 2980 1070 3056 vita,1nec
1091 2980 1242 3040 inmem-

143 3061 232 3140 hris‚
255 3079 359 3144 neque
378 3059 411 3118 in
422 3081 522 3142 regno
536 3061 667 3121 illorum
682 3082 736 3122 eos
753 3061 1035 3126 forconsiliaboln
1051 3062 1115 3122 hoc
1129 3073 1166 3122 ut
1183 3059 1241 3142 ipsi

146 3163 222 3224 erga
251 3163 302 3202 me
316 3140 454 3202 similem
467 3142 707 3222 promissionem
719 3143 838 3204 faciant
856 3152 889 3204 et
900 3153 1100 3206 conservent.
1122 3145 1177 3206 Sic
1194 3161 1241 3203 mc

145 3225 234 3290 Deus
261 3221 391 3287 adiuvet
401 3266 410 3299 ,
438 3231 471 3283 et
488 3224 566 3284 istae
583 3231 709 3286 sanctae
726 3225 905 3308 Reliquiae.

385 3354 545 3422 Carinum
566 3376 602 3415 aa
625 3376 756 3420 annaeus
779 3378 1005 3424 consensuum.

227 3471 255 3540 I.
296 3475 340 3535 Ut
356 3471 499 3534 omnium
509 3472 755 3555 praeteritorum
769 3475 925 3534 malorum
939 3484 972 3535 et
984 3473 1244 3535 contrarietatum

147 3565 182 3621 et
199 3554 496 3640 supplantationum
515 3555 718 3616 aemularum
731 3555 1022 3634 machinationum,
1044 3566 1140 3637 atquc
1155 3555 1244 3614 moli·

148 3639 276 3702 tionum
299 3658 358 3702 acu
384 3637 652 3698 nocnnientmum
675 3636 813 3700 invicem
844 3648 1012 3716 actorum,
1043 3637 1178 3700 abolitio
1204 3638 1245 3697 ita

153 3781 486 3800 m*

187 3856 220 3929 r)
253 3858 345 3914 alma.
360 3861 441 3912 Anno
459 3859 664 3912 incarnationis
836 3871 979 3914 mouerunt
996 3859 1041 3922 <in
1058 3877 1114 3912 uno
1133 3857 1200 3911 coe.
1211 3857 1247 3910 ΙΙ.

253 3928 370 3980 Domini
385 3930 474 3981 nostri
490 3930 551 3979 Iesu
563 3928 665 3981 Christi
838 3931 903 3986 Idus
930 3930 1043 3998 Iunias)
1068 3926 1158 3998 pridie
1183 3925 1247 3978 Idus

253 3997 410 4052 Dcccux.
445 4000 520 4050 Haeo
536 4010 600 4050 sunt
617 4015 665 4049 ea·
838 4002 900 4055 Iun.
918 3999 948 4050 in
963 4017 1036 4070 pago
1061 3999 1246 4056 lheiectinse,

251 4067 343 4138 pitulo
360 4068 555 4121 onoratitinm
572 4083 665 4136 regum
840 4072 921 4122 iuxta
938 4069 1024 4139 ipsum
1041 4069 1130 4120 laenam
1140 4067 1249 4118 treiec-

150 4154 154 4164 ·
252 4136 414 4198 illotharii,
431 4135 619 4196 Hludouvici,
640 4147 666 4188 st
838 4151 901 4192 tum,
938 4141 973 4192 Ut
997 4139 1115 4190 omnium
1141 4147 1250 4206 praete·

254 4206 373 4270 Karou,
392 4224 463 4280 quac
480 4208 554 4260 inter
570 4223 597 4262 sa
607 4205 665 4278 fir·
840 4212 955 4264 nieorum
977 4209 1110 4263 malorum
1128 4219 1180 4261 etc.
