2712 4992
475 347 576 436 ursan
611 345 809 412 serunens-
1122 324 1196 399 ³27

83 487 204 553 redum
228 507 372 548 meorum
395 487 484 570 quod
513 495 568 546 tua
597 487 743 548 decrevit
767 487 917 548 voluntas
945 484 1086 548 faciendi
1119 483 1200 547 libe-

84 595 156 634 ram
178 571 295 633 bahem
318 580 514 651 potestatem.
555 571 597 630 Et
625 579 696 651 post
721 570 894 630 discessum
923 580 1082 645 vestrum,
1108 567 1198 648 quod

86 677 155 715 nou
179 653 280 714 fuerit
300 651 532 736 dispensatum,
563 653 603 713 ad
626 653 784 734 legitimos
800 661 923 712 nostros
944 660 1125 714 revertatur
1143 649 1199 709 he-

83 736 193 802 redes.
234 737 324 796 Hanc
342 737 489 818 paginam
510 737 693 796 testamenti
711 745 744 796 et
766 757 879 796 manns
900 744 1025 796 nostrae
1046 732 1196 816 propriae

83 817 391 901 subscriptionibus,
413 818 501 904 quod
516 841 556 880 ex
579 819 814 879 consuetudine
831 818 1012 893 habuimus,
1034 815 1198 896 subscrip·

84 903 212 979 simus,
243 909 275 964 et
293 922 353 980 per
370 905 521 982 personas
546 901 687 984 reliquas
708 901 888 962 studuimus
909 899 1198 982 subscriptionibus

85 983 246 1050 roborari.
287 982 330 1042 Et
345 993 381 1043 ut
401 983 479 1044 haec
507 983 622 1065 pagina
650 983 747 1043 huius
773 983 953 1044 testamenti
979 984 1012 1042 in
1039 982 1198 1065 discepta-

86 1069 178 1128 tione
198 1064 310 1128 venire
335 1087 399 1125 non
421 1066 528 1147 possit,
552 1067 578 1127 si
607 1088 689 1150 quae
716 1067 856 1143 liturae,
886 1074 1109 1132 caraxaturae.
1141 1063 1199 1123 ad*

88 1150 258 1228 iectiones,
279 1149 575 1230 superdictionesve
603 1151 705 1210 factae
730 1157 815 1223 sunt,
839 1169 897 1210 nos
917 1169 969 1208 eas
992 1147 1126 1226 fecimus
1144 1145 1199 1207 vel

90 1235 195 1294 facere
217 1230 378 1308 iussimus,
401 1231 479 1292 dum
502 1240 726 1293 testamentum
751 1239 895 1301 nostrum
916 1229 1041 1312 saepius
1061 1227 1201 1291 recurri·

91 1337 162 1376 mus
182 1315 233 1374 vel
256 1313 507 1379 emendavimus.
550 1316 583 1376 Si
611 1315 822 1396 quis'nostra
851 1314 1018 1374 voluntate
1052 1313 1200 1374 resistere

93 1405 149 1459 aut
167 1405 390 1463 testamentum
408 1406 551 1457 nostrum
581 1397 756 1458 cuiuslibet
789 1395 946 1466 calliditas
973 1405 1106 1460 conatus
1132 1396 1201 1454 fue·

89 1480 135 1544 rit
165 1501 240 1540 casu
270 1479 380 1558 aliquo
410 1480 588 1562 refragari,
623 1479 656 1541 id
685 1479 893 1561 implorantes
924 1477 1026 1537 divini
1061 1475 1200 1538 nominis

87 1562 284 1624 maiestatem
307 1563 502 1622 obtestamur
520 1573 556 1623 ut
576 1585 635 1646 pro
661 1573 842 1622 nostrorum
862 1560 1005 1621 omnium
1027 1560 1199 1622 criminum

86 1669 124 1706 ac
148 1653 353 1726 peccatorum
376 1645 534 1715 obnoxius
555 1646 588 1705 in
618 1645 670 1707 die
701 1644 814 1705 iudicii
834 1653 982 1705 teneatur
1000 1659 1114 1725 expers
1137 1641 1201 1704 Ec·

86 1728 207 1801 etesiae
233 1725 409 1788 catholicae
426 1729 664 1793 communionis
679 1734 711 1788 et
730 1728 817 1809 pacis
835 1736 908 1786 ante
929 1725 1068 1787 tribunal
1089 1725 1201 1787 Chris·

84 1812 111 1870 ti
127 1831 188 1894 pro
205 1807 321 1870 violata
340 1810 483 1871 defuncti
498 1813 661 1871 voluntate
681 1811 891 1892 compellatur
903 1809 1011 1870 subire
1028 1809 1198 1886 rationem,

87 1903 188 1974 atque
212 1891 245 1951 in
268 1913 341 1952 eum
369 1894 527 1954 Dominus
548 1917 643 1955 ,suam
667 1893 836 1968 ultionem,
861 1914 957 1976 quam
983 1890 1129 1972 promisit
1146 1890 1201 1950 in-‘

88 1975 193 2051 iustis,
220 1996 295 2034 cum
323 1976 450 2036 venerit
478 1978 625 2038 seculum
647 1977 789 2036 iudicare
819 1997 879 2056 per
901 1975 1028 2057 ignem,
1050 1973 1198 2050 feriatur,

92 2067 125 2118 et
140 2057 277 2136 accipiat
300 2059 332 2116 in
352 2070 528 2136 conspectu
544 2061 612 2120 eius
629 2059 866 2119 damnationem
886 2064 1082 2140 perpetuam,
1102 2063 1199 2138 quani

91 2140 232 2222 suscepit
254 2141 346 2209 ludas
368 2142 503 2202 traditor
522 2143 664 2202 Domini.
706 2141 795 2202 lllnd
813 2162 950 2222 namque
973 2139 1121 2200 intimare
1145 2161 1198 2200 vo·

88 2223 210 2298 lamus,
233 2231 268 2281 ut
293 2223 319 2283 si
346 2224 463 2304 aliquis
490 2226 529 2285 de
553 2224 726 2286 heredibus
747 2225 798 2286 vel
826 2223 1059 2304 proheredibus
1081 2223 1198 2284 nostris

87 2305 309 2386 seuquatibet
334 2328 470 2388 persona
492 2318 605 2368 contra
629 2308 712 2368 hanc
728 2306 908 2368 testamenti
925 2305 1084 2388 paginam,
1100 2328 1198 2388 quam

86 2389 188 2472 plena
210 2397 241 2448 et
261 2389 384 2470 integra
411 2391 577 2450 voluntate
602 2390 671 2452 fieri
693 2388 892 2471 rogavimus,
923 2389 1035 2449 venire
1058 2400 1114 2450 aut
1140 2389 1198 2450 ali-

87 2471 171 2552 quid
192 2471 320 2550 pnlsare
344 2472 504 2550 voluerit,
527 2473 644 2534 inferat
662 2482 772 2533 contra
802 2491 900 2552 quem
928 2471 1048 2550 repetit
1070 2479 1197 2533 tantum

86 2564 122 2614 et
154 2554 253 2612 alium
284 2563 408 2614 tantum
433 2565 590 2635 quantum
619 2555 652 2616 in
686 2555 775 2616 hunc
800 2561 1024 2615 testamentum
1047 2555 1197 2616 coutine-

85 2647 143 2696 tur
172 2637 343 2718 scriptum,
373 2648 405 2698 et
435 2638 567 2719 insuper
593 2639 719 2701 satiatas
750 2638 826 2698 fisco
856 2634 926 2696 anri
953 2633 1052 2697 libras
1079 2646 1194 2716 tantas,

86 2719 216 2803 argenti
248 2721 362 2799 tantas,
385 2729 417 2781 et
446 2721 535 2802 qnod
554 2721 672 2804 repetit
690 2719 856 2782 vindicare
878 2737 945 2780 non
966 2717 1084 2794 valeat,
1164 2744 1167 2751 ·

360 2803 520 2865 Securitas
544 2825 606 2887 pro
630 2803 800 2868 homicidio
816 2801 919 2885 sarto.
1141 2835 1143 2844 t

170 2882 300 2950 XVlll.
340 2885 479 2947 Domine
504 2887 602 2947 fratre
632 2887 690 2954 illo
719 2884 786 2954 ille.
847 2886 932 2947 Dum
958 2891 991 2946 et
1018 2881 1191 2967 instigante

84 2965 279 3044 adversario,
306 2967 395 3049 quod
421 2989 486 3029 non
514 2970 685 3047 debueras,
708 2989 859 3052 germano
889 2975 998 3029 nostro
1023 2967 1193 3030 illovirus

85 3072 121 3110 es
146 3051 364 3122 interfecisse,
402 3060 434 3112 et
459 3051 499 3118 ob
529 3052 592 3113 hoc
623 3053 707 3112 vitae
732 3048 913 3133 periculum
940 3051 1106 3112 incurrere
1125 3052 1193 3133 'po-

84 3141 204 3211 tueras,
221 3133 277 3194 sed
299 3133 552 3196 intervenientes
567 3136 755 3196 Sacerdotes
771 3142 803 3193 et
813 3133 990 3216 magnificis
1004 3132 1093 3211 viris,
1113 3155 1192 3215 quo·

83 3238 159 3276 rum
185 3215 314 3275 nomina
335 3216 445 3278 subtus
471 3225 627 3282 tenentur
646 3218 789 3293 adnexa,
817 3237 875 3277 nos
896 3217 936 3278 ad
955 3215 1043 3298 pacis
1060 3237 1192 3278 concor-

88 3298 174 3358 diam
204 3299 244 3358 ob
267 3299 329 3362 hoc
356 3299 416 3361 visi
440 3301 573 3360 fuerunt
592 3319 768 3375 revocasse,
795 3297 838 3358 ita
860 3307 893 3358 ut
917 3319 976 3381 pro
1003 3298 1071 3380 ipsa
1096 3321 1191 3361 causa

88 3380 206 3442 solidos
229 3391 335 3442 tantos
360 3382 394 3440 in
422 3382 545 3464 pegalia
570 3383 649 3443 milri
680 3383 755 3450 dare
784 3381 942 3461 deberes,
984 3401 1065 3460 quos
1096 3382 1188 3444 etin

85 3475 253 3544 praesente
279 3485 339 3546 per
358 3463 463 3531 wadio
487 3475 544 3526 tuo
564 3467 648 3528 visus
675 3487 708 3526 es
733 3463 954 3544 transolvisse,
987 3469 1019 3524 et
1041 3483 1099 3525 nos
1121 3463 1190 3546 ipsa

87 3567 181 3604 causa
201 3569 259 3630 per
283 3549 407 3608 festuca
430 3558 541 3608 contra
564 3558 596 3610 te
618 3548 706 3609 visus
727 3569 798 3608 sum
814 3547 974 3629 werpisse.
1014 3548 1191 3628 Propterea
1283 3557 1285 3563 ’

86 3628 176 3686 iuxta
204 3630 290 3710 quod
319 3629 493 3708 convenit,
514 3630 600 3696 hanc
623 3630 790 3713 epistolam
810 3629 989 3698 securitatis
1012 3630 1046 3689 in
1072 3637 1104 3692 te
1127 3649 1188 3688 no-

83 3709 133 3784 bis
154 3713 355 3775 conscribere
378 3701 583 3794 complacuit,
605 3723 642 3775 ut
663 3715 702 3775 de
729 3712 794 3794 ipsa
815 3722 916 3776 morte
942 3731 1095 3796 germano
1112 3732 1188 3773 nos-

83 3802 135 3853 tro
157 3815 218 3854 nec
240 3795 325 3857 dme
349 3819 410 3859 nec
436 3799 475 3858 ab
494 3797 667 3860 heredibus
685 3797 764 3858 meis
789 3795 843 3856 aut
870 3795 957 3875 suis,
988 3816 1050 3858 uec
1072 3795 1112 3857 de
1133 3793 1186 3852 in-

84 3875 216 3936 diciaria
236 3889 389 3959 potestate
412 3901 474 3940 nec
495 3881 513 3940 d
538 3880 716 3960 quemlibet
742 3878 835 3938 nullo
867 3899 961 3958 casu,
996 3899 1057 3942 nec
1083 3877 1187 3938 refra-

83 3958 212 4039 gatione
240 3962 347 4041 aliqua
373 3971 429 4022 aut
452 3963 643 4024 damnietate
680 3961 815 4042 amplius
842 3959 961 4021 habere
993 3981 1058 4021 nou
1089 3962 1188 4042 perti-

81 4062 215 4116 mescas,
243 4044 301 4104 sed
323 4044 353 4102 in
377 4043 525 4106 omnibus
547 4044 666 4107 exinde
697 4045 813 4105 ductus
836 4051 869 4104 et
895 4043 1059 4104 absolutus
1086 4039 1196 4126 appa?

82 4137 163 4186 reasss
205 4125 248 4184 Et
277 4125 303 4186 si
324 4127 456 4188 fortasse
483 4147 542 4206 ego
562 4127 630 4209 ipsc
648 4136 705 4193 aut
719 4125 835 4208 aliquis
862 4125 901 4194 de
917 4125 1091 4189 heredibus
1105 4129 1185 4190 meis

82 4206 136 4266 vel
163 4206 350 4290 quicunque
374 4209 465 4270 teob
487 4209 549 4271 hoc
575 4210 757 4291 inquietare
779 4207 937 4286 uoluerit,
960 4218 992 4269 et
1014 4209 1031 4268 d
1054 4227 1104 4272 me
1133 4211 1187 4276 tle·

83 4288 244 4351 sensatum
269 4313 332 4352 non
359 4291 475 4371 fuerit,
499 4293 673 4355 inferamus
691 4293 749 4354 tibi
771 4311 845 4354 cum
865 4299 999 4376 cogente
1028 4292 1105 4356 liseo
1129 4294 1186 4357 du·
