2712 4992
188 297 262 372 ³46
635 317 813 374 urrann

188 458 245 518 illa
266 477 431 539 nunqnam
450 455 605 537 fuissent,
629 481 689 522 nec
718 459 785 541 ipsa
812 455 968 522 colonitio
996 457 1036 520 de
1067 457 1167 538 capud
1187 477 1261 518 sunm

188 541 232 605 od
250 540 317 626 ipsa
334 561 406 602 casa
425 539 486 602 Dei
504 561 569 602 non
590 544 751 606 redebeat.
793 543 835 604 Et
857 542 882 604 si
902 541 965 600 boc
978 540 1012 600 in
1028 561 1068 602 eo
1083 539 1209 621 placito,
1229 541 1261 600 si-

187 631 246 691 cut
263 623 411 705 superius
426 622 581 690 insertum
601 635 666 704 est,
688 625 858 687 coniurare
878 623 1039 707 potuerit,
1060 622 1100 682 de
1116 620 1173 682 bac
1190 642 1262 681 eausa

187 707 285 770 ducta
301 706 620 774 etsecuraresideat
661 709 717 770 Sin
743 717 850 768 autem
877 727 942 766 non
965 703 1130 786 potuerit,
1156 703 1193 766 ad
1213 704 1261 786 ipsa

188 809 260 852 casa
278 788 342 856 oei
360 809 399 853 oo
411 809 644 871 recognoscere
667 790 774 852 faeiat
815 791 933 850 Datum
948 786 1002 854 ibi,

363 915 488 978 Notitia
508 915 549 978 de
570 939 664 982 servo
685 940 774 1004 qoem
795 919 921 980 colonus
942 929 1115 1002 comparat.

271 1027 332 1092 Vl.
372 1031 492 1092 Notitia
522 1033 663 1114 qualiter
687 1034 736 1096 rel
763 1032 880 1115 quibus
903 1032 1128 1114 praesentibus
1156 1029 1262 1093 veniens

188 1114 379 1195 magnificus
397 1113 449 1174 vir
468 1115 524 1175 ille
547 1116 599 1176 die
613 1116 670 1176 illa
687 1116 719 1176 io
737 1115 793 1178 illa
816 1115 945 1178 civitate
969 1115 1003 1174 in
1030 1115 1131 1176 mallo
1159 1114 1259 1196 publico

189 1206 264 1260 ante
282 1196 419 1259 inlustre
435 1196 507 1258 viro
530 1196 588 1256 illo
611 1197 735 1260 Comite
766 1207 799 1260 et
820 1205 894 1258 ante
919 1197 1098 1280 apostolico
1125 1196 1190 1257 viro
1208 1195 1259 1270 illo,

189 1278 245 1341 vel
264 1279 488 1360 praesentibus
508 1279 751 1362 quampluribus
771 1279 848 1341 viris
879 1279 1124 1341 venerabilibus
1145 1275 1258 1339 Rachia-

188 1359 302 1443 burgis
320 1359 377 1442 qui
402 1359 522 1422 ibidem
547 1362 589 1424 ad
620 1362 847 1424 universorum
868 1383 976 1422 causas
1009 1361 1205 1424 audiendum
1228 1360 1257 1418 vel

189 1454 279 1507 recta
291 1443 326 1504 in
341 1443 402 1506 Del
420 1443 537 1505 iudicia
556 1445 793 1508 terminandum
817 1444 1001 1508 residebant
1032 1443 1090 1509 vel
1114 1442 1261 1514 adstabant,

190 1549 331 1609 quorum
348 1527 479 1587 uomina
497 1527 607 1590 subter
620 1537 774 1590 tenentur
793 1528 934 1603 adnexa,
954 1526 1090 1588 bomine
1108 1525 1210 1606 aliquo
1228 1543 1262 1581 ne

191 1609 280 1672 minc
301 1609 359 1670 illo
385 1609 627 1692 interpellabat,
649 1608 732 1672 dixit
753 1631 792 1672 eo
805 1605 1027 1690 quod'servus
1047 1609 1089 1670 ad
1105 1608 1212 1669 colono
1225 1626 1263 1666 suo

193 1692 325 1754 nomine
345 1692 404 1752 illo
427 1692 466 1753 de
488 1694 696 1774 oapudsuum
712 1693 840 1769 aderat,
863 1701 896 1752 et
914 1692 1141 1753 venditionem
1161 1687 1264 1750 habebat

191 1775 356 1856 quomodo
379 1776 446 1856 ipse
473 1776 607 1837 colonus
625 1775 728 1860 ipsum
744 1784 998 1856 comparaverat,
1022 1784 1057 1834 et
1071 1773 1170 1856 ipsam
1184 1769 1265 1831 vendi-

191 1859 315 1920 tionem
330 1857 449 1920 ibidem
464 1857 650 1919 ostendebat
666 1858 706 1919 ad
719 1857 940 1938 relegendum.
980 1858 1119 1918 Relecta
1140 1853 1264 1936 epistola,

192 1941 240 2002 sic
263 1939 323 2022 ipsi
343 1940 403 2002 viri
429 1941 533 2023 ipsum
555 1941 851 2022 interrogaverunt,
873 1939 900 2000 si
929 1937 1057 2019 aliquid
1084 1945 1203 1999 contra.
1220 1935 1266 2014 ipsa

194 2023 305 2086 charta
318 2023 426 2086 dicere
449 2024 596 2099 volebat,
617 2024 668 2085 vel
691 2023 717 2084 si
735 2043 805 2081 eam
819 2020 1031 2102 agnoscebat,
1054 2044 1097 2081 au
1124 2041 1193 2084 non.
1222 2014 1265 2077 Sed

193 2105 263 2188 ipse
280 2127 390 2167 servus
404 2106 470 2186 ipsa
487 2105 596 2166 charta
610 2128 685 2167 vera
710 2114 743 2165 et
763 2103 905 2185 legitima
928 2104 1130 2185 recognovit.
1169 2099 1214 2162 Sic
1225 2096 1264 2178 ipsi

194 2187 256 2248 viri
275 2186 339 2248 tale
359 2186 572 2250 decreverunt
596 2187 727 2263 iudicio,
744 2196 779 2245 ut
795 2189 861 2267 ipse
878 2186 934 2248 ille
954 2187 1058 2270 ipsum
1079 2185 1119 2246 ad
1132 2180 1265 2246 'servitium

193 2269 340 2350 recipere
356 2269 509 2342 deberet;
532 2273 621 2352 quod
640 2271 683 2330 ita
702 2269 845 2344 etfacit,
869 2278 901 2329 et
921 2291 979 2350 per
998 2291 1098 2330 manu
1124 2266 1204 2325 illins
1224 2262 1265 2323 lll-

194 2351 274 2414 carii
293 2373 352 2434 per
369 2351 543 2414 iussionem
558 2354 693 2414 inlustre
713 2351 782 2411 viro
796 2351 854 2410 illo
873 2341 996 2412 Cornite
1015 2360 1047 2411 et
1067 2371 1127 2432 per
1142 2345 1265 2406 iudicium

195 2434 236 2496 ad
260 2434 343 2516 ipsas
370 2456 521 2516 personas
545 2435 788 2518 praesentaliter
810 2435 942 2515 recepit.
983 2433 1042 2493 His
1067 2427 1265 2516 praesentibus.

195 2515 315 2587 Delum
334 2517 401 2596 ibi,
424 2518 484 2580 sub
508 2519 559 2581 die
576 2519 644 2584 illo.

497 2651 619 2712 Notitia
641 2648 681 2710 de
703 2662 788 2710 terra
808 2647 997 2709 evindicata.

281 2765 359 2830 Vll.
401 2762 522 2828 Notitia
543 2763 684 2846 qualiter
711 2765 762 2825 vel
785 2763 902 2844 quibus
928 2759 1149 2842 praesentibus
1167 2753 1269 2816 veniens

198 2850 396 2920 venerabilis
421 2849 472 2909 vir
492 2849 550 2910 ille
575 2836 679 2908 Abbas
697 2848 737 2908 de
761 2844 955 2906 lllonastcrio
987 2843 1066 2920 illo,
1090 2843 1143 2904 die
1165 2838 1229 2929 illo,
1246 2834 1267 2923 ln

199 2933 259 3000 illo
279 2935 353 2996 loco
375 2941 449 2992 ante
468 2930 658 2991 inlustribus
676 2929 754 2990 viris
771 2926 946 3010 magnificis
963 2925 1028 2986 illis
1056 2934 1090 2986 et
1113 2924 1175 2984 illis
1194 2920 1269 3006 Mans

198 3017 330 3078 Domno
349 3024 382 3076 et
406 3013 633 3094 gloriosissimo
654 3011 712 3071 illo
733 3013 839 3092 Rege,
860 3011 911 3071 vel
932 3009 1002 3068 aliis
1026 3002 1217 3088 quampluris
1232 3017 1269 3078 qul

201 3098 313 3162 subter
331 3100 548 3172 firmaverunt,
570 3117 708 3175 quorum
729 3093 859 3154 uomina
877 3093 986 3152 subter
1000 3097 1157 3150 tenentur
1168 3083 1267 3150 inserta,

201 3179 332 3240 bomine
351 3179 464 3259 aliquo
494 3179 623 3238 nomine
648 3177 707 3236 illo
731 3174 976 3260 interpellabat,
997 3173 1164 3252 repetebat
1184 3164 1227 3241 ei,
1244 3181 1269 3251 ¹313

200 3262 292 3343 quod
311 3263 368 3323 illa
382 3271 467 3320 terra
489 3281 584 3340 qnam
600 3260 685 3341 apud
715 3259 846 3319 homine
873 3257 931 3317 illo
958 3251 1268 3340 concambiavinau

203 3356 252 3408 cst
273 3344 306 3404 in
324 3365 406 3428 pago
426 3343 509 3418 illo,
531 3343 564 3402 iu
593 3343 687 3422 gralia
713 3342 790 3416 illa,
813 3341 847 3400 in
872 3339 944 3398 loco
976 3337 1033 3418 qui
1062 3344 1192 3398 vocatur
1216 3328 1268 3394 lllts

202 3435 274 3512 post
289 3449 322 3490 se
344 3426 428 3486 malo
445 3423 558 3486 ordine
572 3425 727 3484 retineret
742 3423 868 3486 iniuste.
909 3423 951 3480 Et
966 3419 1034 3502 ipse
1049 3418 1146 3477 homo
1165 3415 1194 3472 in
1206 3426 1269 3492 prae-

204 3519 296 3574 sente
309 3508 468 3583 adstabat,
492 3516 524 3568 et
537 3505 622 3567 banc
644 3529 769 3568 causam
793 3505 978 3565 nullatenus
1000 3502 1108 3583 potuit
1123 3499 1267 3574 denegare.

205 3611 267 3657 nec
288 3591 415 3654 tradere
434 3590 574 3650 rationes
591 3610 649 3668 per
669 3611 748 3669 qnae
769 3587 869 3670 ipsam
898 3596 1015 3646 terram
1042 3584 1158 3644 babere
1177 3574 1268 3668 debeat·

203 3675 259 3738 sic
281 3675 341 3756 ipsi
364 3671 483 3733 bomini
503 3668 566 3730 fuit
586 3671 779 3745 iudicatum,
802 3677 837 3728 ut
859 3670 958 3751 ipsam
975 3676 1092 3727 terram
1116 3670 1185 3723 ante
1209 3671 1268 3746 1p50⁵

205 3758 317 3821 Missos
336 3755 513 3821 dominicos
527 3754 705 3814 secuudum
727 3775 815 3813 snam
832 3753 936 3832 legem
954 3749 1013 3832 ipsi
1035 3739 1203 3809 venerabili
1221 3752 1268 3793 v=r0

205 3841 265 3900 illo
286 3838 400 3901 Abbati
416 3838 552 3903 reddere
570 3836 622 3896 vel
637 3835 788 3897 revestire
804 3834 946 3898 deberet.
988 3831 1085 3907 Quod
1099 3831 1140 3888 ita
1154 3827 1184 3884 in
1202 3836 1268 3906 prat·

206 3931 297 3991 sente
324 3930 357 3984 et
374 3920 461 3983 tecit.
502 3920 675 4001 Propterea
697 3919 842 3978 iubemus
865 3926 900 3975 ut
916 3916 991 3975 dum
1011 3915 1091 3972 hauc
1112 3916 1268 3994 causamletfl

208 4016 309 4066 aotam
327 4004 380 4066 vel
396 4011 610 4084 perpetratam
630 4023 697 4062 esse
715 3999 940 4082 cognovimus,
968 4006 1003 4054 ut
1028 3997 1094 4078 ipsa
1123 4004 1200 4053 terra
1222 3999 1267 4064 lpse

209 4087 313 4154 Abbas
326 4086 442 4146 babent
464 4083 644 4146 evindicata
670 4092 765 4164 atque
790 4080 941 4155 elidiata,
964 4080 1005 4140 sit
1037 4073 1222 4165 postmodum
1242 4079 1267 4120 et

208 4171 270 4233 bac
288 4191 323 4236 re
348 4167 502 4247 omnique
532 4175 675 4246 tempore
697 4165 820 4226 sublata
842 4162 990 4224 causatio.
1030 4163 1145 4220 Datum
1173 4142 1267 4212 1h1sub

210 4253 262 4317 die
278 4252 349 4329 illo,
360 4249 534 4329 uuoojllo,
544 4257 697 4336 regnante
716 4251 840 4308 Domno
858 4245 965 4309 nostro
979 4234 1267 4326 gloriosissimoltege.
