2786 4980
150 291 201 370 ⁵8
398 308 430 365 A.
449 309 529 366 cun.
633 307 879 398 sauromata
980 308 1043 372 stt.

149 474 239 518 nunc
265 450 460 528 distulimus,
483 448 560 533 quia
577 447 740 512 voluimus
757 457 795 512 ut
817 448 1017 534 supradictus
1034 450 1134 512 frater
1145 459 1259 516 noster

148 536 319 602 nobiscum
341 535 462 617 pariter
482 532 679 595 conveniens
696 533 730 592 in
752 533 863 594 eadem
880 533 1110 596 coniunctione
1135 555 1169 596 se
1193 556 1257 598 no·

149 620 199 682 bis
218 619 397 680 associaret.
440 615 503 676 Sed
520 613 597 698 quia
615 615 672 677 ille
694 615 856 698 aliquibus
870 615 1109 698 impedimentis
1123 639 1257 700 praepe-

150 703 236 764 ditus
261 702 374 762 venire
399 699 524 776 omisit,
560 719 617 759 nos
645 697 753 758 audita
778 698 1019 780 perturbatione
1048 720 1145 780 quam
1166 699 1255 762 filius

149 785 228 846 eius'
243 785 349 844 facere
367 793 513 857 conatur,
539 781 723 842 consociare
747 802 805 842 nos
830 782 1000 848 voluimus.
1043 781 1155 844 Sciatis
1177 805 1256 866 ergo

149 868 304 949 quoniam
325 876 358 926 et
381 867 414 924 in
442 863 603 946 prosperis
629 861 714 924 etin
742 863 882 924 adversis
905 865 1001 926 simul
1025 865 1163 937 erimus;
1193 888 1257 928 nec

147 951 269 1032 poterit
291 971 360 1026 nos,
384 950 453 1008 Deo
476 947 661 1025 adiuvante,
686 946 789 1004 ullum
804 945 1037 1008 offendiculum
1059 948 1098 1007 ab
1117 969 1154 1007 ea
1170 949 1257 1009 cari-

148 1041 213 1092 tate
242 1052 388 1112 separure
414 1051 478 1110 qua
503 1029 653 1089 fraternis
682 1027 823 1090 vinculis
851 1029 995 1090 adstricti
1022 1051 1139 1095 sumus.
1189 1031 1257 1092 Sed

148 1115 336 1195 ubicunque
358 1113 483 1172 alterno
509 1111 622 1172 solatio
643 1121 675 1172 et
692 1111 852 1171 adiutorio
872 1112 1117 1196 indiguerimus,
1147 1134 1255 1194 quan-

147 1207 219 1257 tum
239 1196 396 1256 Dominus
417 1195 615 1276 permiserit,
653 1192 686 1252 in
709 1193 851 1268 invicem
875 1197 1055 1278 supportari
1075 1206 1107 1258 et
1130 1206 1256 1258 susten·

147 1280 209 1340 tari
227 1279 384 1360 cupimus,
406 1287 501 1356 atque
522 1287 631 1337 contra
650 1298 778 1338 omnem
793 1288 959 1340 terrenum
975 1277 1143 1340 inimicum
1158 1279 1252 1340 auxi-

147 1361 229 1423 lium
248 1363 281 1421 iu
305 1364 495 1420 alterutrum
514 1361 599 1420 ferre
618 1359 775 1420 volumus.

230 1445 272 1505 ll.
315 1445 348 1505 Si
369 1452 475 1504 autem
492 1442 592 1502 isdem
613 1441 711 1502 frater
732 1450 860 1517 noster,
881 1439 963 1504 sicut
985 1453 1130 1526 optamus
1159 1450 1191 1502 et
1219 1439 1253 1502 ei

147 1527 355 1603 mandamus,
377 1527 440 1586 hoc
463 1546 556 1606 agere
574 1523 746 1600 distulerit,
770 1546 827 1585 nos
841 1522 883 1585 ita
905 1525 1072 1586 coniuncti
1094 1547 1203 1586 sumus
1216 1533 1254 1584 ut

147 1632 231 1671 unus
256 1610 347 1670 alteri
375 1610 437 1670 tale
462 1607 612 1688 praebeat
636 1605 788 1667 solatium
817 1615 848 1667 et
878 1608 1073 1670 adiutorium
1094 1619 1253 1688 quatenus

147 1693 335 1772 ubicunque
359 1711 488 1752 necesse
510 1689 620 1764 fuerit,
642 1689 756 1748 amodo
783 1697 815 1748 et
840 1689 1013 1772 deinceps,
1046 1692 1130 1752 sicut
1157 1711 1252 1771 prae-

145 1776 300 1849 misimus,
315 1774 537 1854 unusquisque
551 1792 687 1854 regnum
701 1771 762 1832 sibi
776 1770 930 1833 divinitus
941 1778 1142 1836 commissum
1157 1772 1254 1852 quie-

146 1867 178 1919 te
199 1857 345 1916 obtinere
368 1855 478 1939 possit.
500 1857 540 1914 Et
563 1854 588 1914 si
609 1853 727 1935 aliquis
748 1853 817 1936 pari
840 1876 897 1915 suo
918 1867 1077 1937 superstes
1097 1853 1252 1930 extiterit,

144 1940 212 2022 ipse
232 1940 287 2020 qui
309 1938 509 2012 remanserit,
532 1945 664 2016 nepotes
683 1959 757 1998 suos
779 1959 842 1996 una
867 1957 941 1998 cum
958 1959 1058 2020 regno
1078 1939 1174 2020 patris
1192 1935 1253 1996 sub

145 2023 283 2084 tuitione
309 2031 339 2082 et
361 2021 550 2082 defensioue
574 2019 705 2090 lrabeat;
728 2030 765 2080 ut
782 2028 893 2080 contra
918 2020 1155 2082 adversantium
1183 2041 1252 2078 me-

146 2105 370 2181 chinationcs,
399 2103 574 2162 auxiliante
605 2104 693 2180 Deo,
728 2101 771 2160 ita
799 2102 916 2163 muniti
943 2103 1083 2165 existant
1110 2103 1254 2187 qualiter

145 2188 257 2272 quieto
282 2189 395 2248 ordine
420 2207 556 2267 regnum
575 2184 673 2264 patris
696 2185 841 2245 obtinere
859 2185 997 2251 valeant.

229 2270 287 2332 111.
331 2269 514 2332 Certissime
538 2268 635 2349 igitur
656 2266 860 2328 devotionem
885 2277 1023 2330 vestram
1049 2267 1132 2330 scire
1162 2266 1250 2348 cupi-

143 2375 226 2427 mus,
249 2353 325 2434 quia
350 2352 509 2414 veraciter
530 2372 587 2410 nos
607 2351 865 2433 recognoscimus
892 2351 925 2410 in
945 2349 1053 2412 multis
1074 2354 1180 2412 Deum
1198 2351 1248 2410 of-

141 2437 303 2510 fendisse,
334 2434 521 2515 animosque
543 2443 661 2493 vestros
696 2434 899 2515 negligenter
922 2436 1115 2498 molestasse.
1157 2436 1248 2510 Quae

143 2520 300 2583 videlicet
322 2528 437 2579 cuncta
469 2519 510 2578 ita
536 2517 667 2576 favente
694 2515 822 2576 Christo
847 2537 905 2598 pro
933 2517 1055 2578 viribus
1076 2519 1248 2576 emendare
1307 2553 1311 2558 -

143 2603 213 2666 voti
237 2602 407 2678 habemus,
431 2609 511 2660 utet
532 2600 636 2658 Deum
656 2598 783 2678 placare
809 2608 840 2659 et
859 2609 981 2660 vestrae
1011 2599 1176 2660 devotioni
1204 2619 1250 2659 su·

143 2687 291 2748 tislacere
313 2685 479 2765 possimus.
520 2685 568 2743 De
590 2681 709 2761 quibus
735 2681 882 2742 omnibus
912 2683 1065 2744 certiores
1092 2704 1146 2742 vos
1172 2681 1250 2741 red-

144 2771 222 2832 dere
253 2767 435 2828 curabimus
465 2786 537 2826 cum
567 2763 727 2844 pluriores
756 2765 856 2824 nostri
881 2763 993 2826 fideles
1024 2764 1253 2839 convenerint,

143 2861 199 2913 aut
225 2873 300 2912 cum
325 2853 484 2931 praefatus
510 2851 609 2908 frater
631 2857 748 2922 noster,
771 2856 807 2905 ut
830 2847 860 2906 ei
883 2848 1120 2921 mandavimus,
1149 2867 1251 2907 vene-

143 2935 198 3010 rit,
221 2934 247 2994 si
267 2943 373 2994 tamen
392 2932 502 2992 venire
538 2928 698 3002 voluerit,
727 2929 1019 3009 quomodocunque
1047 2929 1137 2990 vobis
1162 2951 1250 2988 ama-

143 3017 243 3079 bilius
267 3015 343 3084 erit;
367 3019 410 3073 ita
435 3023 471 3074 ut
499 3011 657 3072 ueraciter
683 3011 881 3092 cognoscatis
905 3011 1150 3091 promissionem
1180 3032 1252 3070 nos·

144 3109 226 3160 tram
267 3096 459 3158 omnimodis
491 3093 666 3154 adtendere
698 3101 730 3152 et
757 3093 943 3175 plenissime
984 3116 1042 3156 nos
1080 3094 1248 3156 observare

145 3181 244 3246 velle.

228 3261 286 3327 lV.
328 3257 416 3320 lllud
444 3266 608 3340 praeterea
636 3258 669 3316 in
707 3280 876 3319 commuue
906 3269 1011 3320 vestra
1042 3268 1075 3320 et
1105 3256 1250 3319 omnium

144 3346 321 3426 comperiat
341 3342 469 3403 solertia
502 3340 578 3421 quia
600 3339 780 3402 ideovobis
806 3341 839 3400 in
865 3340 925 3402 hoc
955 3364 1044 3403 sacro
1073 3341 1145 3401 loco
1168 3340 1250 3402 haec

144 3428 283 3492 sollicite
308 3424 499 3486 denuntiare
523 3424 689 3499 volumus,
720 3434 755 3484 ut
777 3425 932 3486 noveritis
952 3434 1068 3485 cuncta
1091 3443 1174 3504 quae
1197 3422 1250 3482 di-

145 3513 258 3588 cimus,
277 3509 418 3570 Domiuo
437 3508 584 3581 favente,
606 3506 795 3589 Sanctisque
819 3506 887 3567 eius
916 3506 1182 3590 suffragantibus,
1214 3505 1248 3562 in

144 3616 282 3680 quorum
301 3591 481 3675 praesentia
502 3589 747 3668 denuntiantur,
765 3589 999 3651 inviolabiliter
1027 3590 1251 3652 observaturos

145 3699 204 3738 nos
225 3698 302 3736 esse.
903 3684 907 3698 ·

164 3792 237 3854 Hoc
259 3803 305 3850 est
327 3801 556 3849 sacramentum
578 3788 667 3867 quod
691 3789 772 3864 (sibi
796 3801 858 3848 tres
883 3789 1014 3849 Fratres
1033 3787 1230 3851 Francorum

450 3872 547 3950 Reges
569 3871 598 3948 l)
622 3884 727 3930 mutuo
752 3872 941 3936 iuraverunt,

224 3980 274 4042 Ab
291 3978 448 4040 hodierna
463 3979 526 4050 die
546 3988 578 4039 et
600 3977 761 4060 deinceps,
784 3977 810 4039 si
826 3975 1047 4038 Hludouvicus
1059 3976 1158 4037 srater
1174 3998 1251 4038 nos-

142 4074 194 4126 ter
211 4063 294 4124 illud
317 4071 550 4124 sacramentum
567 4060 656 4144 quod
676 4070 788 4124 contra
817 4083 874 4124 nos
899 4061 1038 4126 iuratum
1061 4058 1176 4141 habet,
1197 4061 1250 4120 in-

143 4205 458 4226 mm

181 4263 207 4334 l)
228 4262 336 4314 Desunt
353 4259 382 4310 ln
398 4258 432 4310 al·
453 4255 540 4314 Codd.
