2658 4978
192 277 321 333 uena.
431 273 553 328 rinnon
589 271 806 331 raassonuu
910 275 971 333 sos.
1081 263 1150 336 tol

70 441 127 482 cnm
136 414 295 499 Episcopis
310 413 575 474 etComitibnsac
592 412 687 474 vassis
702 413 835 491 nostris,
859 416 916 498 qni
936 427 1033 500 super
1056 445 1152 504 aquas

69 507 258 574 commanent,
271 509 414 578 perqnas
430 493 577 555 infideles
587 494 687 554 nostri
698 493 737 556 ad
746 516 882 578 regnum
891 507 1035 572 nostrum
1052 514 1153 566 trans.

68 592 139 658 eunt,
159 577 313 640 ordinent
331 575 474 660 qualiter
494 575 570 636 illae
595 595 692 637 naves
715 577 951 658 custodiantur,
973 605 1014 646 ne
1034 585 1154 648 infide.

66 668 103 725 les
123 660 219 722 nostri
239 658 281 720 ad
300 679 438 742 regnum
457 664 600 718 nostrum
620 656 850 721 devastandum
870 662 1007 727 transire
1021 667 1155 750 possint.

65 748 98 808 Et
114 765 167 828 per
194 741 492 822 cuius'negleetum
517 738 603 820 ipsae
626 759 721 800 naves
743 751 854 822 postea
871 744 956 806 bene
977 749 1154 814 custoditae

66 849 117 890 non
140 817 285 902 fuerint,
302 823 395 884 nobis
420 819 646 897 renuntietur,
675 831 712 881 nt
739 843 797 884 nos
821 823 1049 894 dcrcernamos
1073 853 1156 914 quc.

65 911 126 970 liter
151 907 189 968 de
220 907 280 968 illo
307 913 528 986 contemptore
548 902 713 986 praecepti
742 906 864 986 nostri,
896 909 988 993 quasi
1011 912 1052 976 de
1075 935 1154 998 pcc.

66 992 153 1051 ditare
173 989 307 1071 patriae,
335 987 385 1070 agi
407 987 531 1050 debeat.
1148 1029 1151 1034 .

131 1070 208 1137 XV.
244 1073 289 1130 Ut
307 1070 335 1130 si
355 1069 446 1132 Missi
470 1067 572 1129 nostri
592 1068 689 1128 talem
708 1090 835 1132 causam
857 1072 889 1133 in
910 1075 966 1137 illa
991 1085 1077 1140 terra
1101 1077 1155 1140 in.

64 1153 195 1216 venerint
210 1173 309 1234 qnam
330 1152 372 1214 ad
395 1151 541 1214 debitum
563 1149 661 1210 linem
682 1172 742 1211 nec
757 1174 818 1234 per
838 1154 896 1216 ista
915 1160 1074 1243 Capitula,
1094 1179 1156 1222 nec

63 1255 111 1319 per
138 1235 285 1318 Capitula
309 1233 555 1317 progenitorum
581 1244 781 1311 nostrorum,
817 1258 922 1320 neque
953 1264 1013 1323 pcc
1037 1242 1156 1324 legalia

64 1316 195 1398 Capitula
214 1317 395 1400 perducere
419 1315 553 1400 possint,
574 1314 666 1378 nobis
690 1315 924 1382 rationabiliter
943 1333 976 1384 et
995 1326 1156 1392 veracitet·

64 1400 233 1462 remandare
261 1407 451 1482 procurent,
474 1408 509 1458 nt
530 1419 588 1458 nos
612 1395 677 1458 illis
697 1401 920 1486 remandemus
943 1406 1084 1487 qnaIIter
1103 1406 1156 1468 in-

66 1483 97 1544 de
116 1501 204 1560 agere
223 1481 387 1544 debcant.
620 1529 622 1534 ,

130 1564 216 1625 XVI.
259 1567 305 1625 Ut
331 1561 470 1626 ministri
502 1561 664 1623 Comitum
699 1561 730 1620 in
768 1584 967 1648 unoquoque
1002 1567 1157 1633 comitatu

64 1647 225 1730 dispensam
245 1646 418 1708 Missornm
435 1654 627 1720 nostrornm,
650 1667 667 1702 a
689 1643 937 1728 quibuscunque
957 1650 1024 1712 dari
1049 1652 1156 1734 debet,

63 1730 212 1812 recipiant,
241 1729 328 1794 sicut
349 1727 383 1788 in
407 1725 556 1788 tractoria
585 1737 693 1786 nostra
721 1728 924 1801 continetur3
957 1740 989 1796 et
1009 1731 1072 1828 ipsi
1094 1737 1156 1796 mi-

65 1805 268 1874 nisterialibus
290 1809 462 1872 Missurum
484 1817 672 1868 nostrorum
695 1830 766 1870 cam
792 1810 939 1880 reddant.
987 1815 1076 1877 Missi
1098 1839 1157 1879 an.

65 1905 117 1954 tem
141 1894 240 1954 nostri
269 1892 464 1974 provideant
491 1911 533 1952 ue
561 1910 620 1971 pro
644 1890 703 1951 bac
725 1892 892 1953 occasione
916 1894 992 1956 inde
1014 1885 1156 1960 ministri

66 1975 208 2036 Comitum
236 1974 394 2056 arnplius,
424 1971 485 2035 uisi
514 1973 725 2054 quantumin
748 1969 898 2037 tractoria
921 1987 1027 2042 nostra
1049 1981 1163 2042 conti.'

68 2066 156 2136 netur,
178 2057 257 2118 inde
279 2057 421 2140 exigant.

66 2240 164 2314 Anno
201 2241 487 2312 Iocnrnatiouis
520 2236 746 2312 Dominieae
781 2236 1056 2334 DCCCLXV,
1100 2269 1155 2326 11.

65 2341 211 2410 Kalend.
234 2337 375 2412 Martii
397 2339 490 2410 haec
518 2361 613 2432 quae
630 2342 1103 2430 sequunturHlndouvicus
1117 2359 1157 2418 et

64 2440 214 2510 Korolns
250 2435 374 2532 Reges
411 2439 453 2512 in
487 2431 650 2508 Turiaso
673 2437 764 2508 villa
791 2442 932 2535 populo
958 2445 1166 2517 adsumtae

534 2547 676 2608 verum.

198 2673 266 2742 (or
296 2685 489 2728 rurrrone
521 2684 742 2764 accursus
774 2687 819 2728 ιτ
848 2674 999 2746 oscus).

62 2787 151 2901 Sicut
165 2861 222 2902 cos
241 2849 275 2902 et
299 2835 410 2922 plnres
432 2833 511 2898 alios
529 2835 654 2899 audisse
675 2833 853 2914 credimus,
876 2839 938 2899 iam
959 2844 1103 2907 secundo
1122 2857 1154 2909 et

61 2923 142 2982 [ectio
162 2921 195 2982 ic
222 2923 286 2984 isto
313 2931 455 3004 tempore
478 2917 654 2982 convenire
680 2918 810 2980 insimul
834 2925 1076 3004 proposuimus;
1097 2931 1155 2990 sed

61 3004 144 3066 variis
161 3001 427 3084 occupationibus
452 3000 755 3086 praepedientibus,
777 3002 840 3064 hoc
862 3010 1077 3084 usquemodo
1098 3011 1155 3072 im·

60 3083 137 3164 plcre
155 3080 372 3168 nequivimus.
392 3085 486 3146 Nunc
508 3083 595 3166 qnia,
615 3085 685 3144 Deo
704 3083 828 3164 gratias,
850 3083 980 3150 insimul
1001 3095 1156 3155 conveni·

60 3186 135 3244 mus,
156 3170 308 3229 volumus
335 3189 392 3230 vos
416 3165 498 3228 scire
525 3165 686 3247 quoniam·
711 3166 751 3226 ad
781 3167 903 3229 nullius
928 3171 1153 3256 deceptionem

59 3247 103 3307 rel
125 3247 445 3326 condemnationem,
481 3268 588 3330 nequo
615 3267 673 3330 pro
698 3248 765 3308 ulla
792 3249 934 3312 indebita
964 3257 1151 3340 cupiditate,

60 3329 176 3391 insimul
208 3331 430 3394 convenimus,
483 3331 621 3413 Propter
641 3349 722 3412 qnae
744 3339 860 3408 autem,
883 3348 1018 3420 excepto
1043 3341 1177 3408 debito

60 3432 89 3470 ac
111 3415 253 3476 fraterno
277 3411 496 3475 desideriunt
523 3429 580 3474 nos
608 3411 748 3473 invicem
775 3412 950 3477 dilectione
972 3431 1083 3482 mutua
1107 3425 1153 3485 vi·
1185 3417 1187 3420 ¹

60 3493 210 3575 daremus,
234 3506 344 3557 noster
369 3504 549 3557 conventus
573 3493 690 3570 fuerit,
718 3493 808 3555 robis
833 3503 907 3554 nota
931 3499 1038 3564 facere
1061 3504 1152 3566 volu·

60 3595 129 3654 mos,
149 3588 180 3639 ot
200 3600 285 3660 quae
307 3576 380 3640 Deo‘
398 3576 534 3660 placitu,
557 3586 589 3638 et
608 3575 700 3637 nobis
726 3598 763 3637 ac
785 3577 934 3640 fidelibus
959 3585 1075 3646 nostris
1098 3597 1153 3646 sa-'

61 3654 153 3720 lubria
175 3671 208 3722 et
226 3661 370 3744 proficua
391 3668 485 3736 sunt,
518 3681 582 3718 una
606 3679 679 3718 cnm
703 3658 765 3720 Dei
789 3657 966 3741 adiutorio,
988 3675 1021 3726 et
1044 3675 1150 3730 vestro

62 3761 91 3800 ac
112 3753 309 3804 caeterorum
334 3741 553 3802 communium
579 3739 726 3801 fidelium
747 3747 930 3802 nostrornm
956 3747 1092 3811 consilio
1118 3758 1187 3812 et*

63 3821 179 3902 auxilio,
199 3835 312 3888 tenere
334 3823 576 3886 immutabiliter
602 3831 635 3884 et
655 3843 774 3905 angere
794 3822 920 3887 utiliter
939 3830 1096 3894 volumus.

128 3939 154 4004 I.
193 3940 304 4006 Primo
322 3949 445 4002 nostras
462 3945 496 4002 et
513 3945 640 4010 sanctae
653 3937 715 3998 Dei
731 3937 906 4020 Ecclesiae,
926 3946 1075 4029 aepregui
1092 3968 1153 4010 no·-

62 4016 102 4080 bis
123 4023 281 4086 commissi
309 4021 523 4100 necessitates,
542 4019 683 4084 fraterne
704 4029 737 4082 et
761 4021 892 4094 sincera
912 4035 1021 4090 mente
1042 4027 1083 4092 ad
1104 4029 1155 4114 ing
1206 4051 1211 4063 ¹

64 4101 153 4166 ricem
173 4106 387 4190 exposuimus.

132 4185 173 4254 ll.
216 4189 276 4252 llls
303 4210 386 4274 quae
412 4204 517 4273 nuper
543 4189 617 4266 dum
644 4182 789 4248 fidelium
814 4193 1156 4284 nostrorumveoosttio„

728 4287 959 4378 ²11·
