2746 4992
235 289 377 366 acas.
493 286 917 348 auuuurauucoauu·
1007 295 1068 362 877.
1138 277 1213 350 207

118 431 204 492 lbbas
224 429 262 490 de
288 450 348 490 sua
386 427 587 490 solummodo
610 427 759 504 Abbatia,
792 429 823 486 in
857 430 1089 514 cuiuscumque
1115 433 1211 518 Epis·

117 515 174 597 copi
200 511 263 574 siut
290 512 470 592 parochia,
509 511 667 592 accipiant
694 533 767 570 cum
792 511 888 573 Misso
913 515 1065 597 Episcopi
1096 516 1130 576 in
1156 541 1211 578 cu·

116 599 154 658 ius
174 594 341 678 parrochia
366 607 453 672 sunt,
477 595 516 654 de
533 593 731 676 Presbyteris
751 595 930 655 secundum
953 598 1209 679 possibilitatem,

114 679 240 760 quinque
261 676 402 756 solidos,
432 679 484 740 vel
500 686 649 758 quatuor,
673 676 726 736 vel
749 685 822 752 tres,
848 680 901 738 vel
922 679 1013 759 duos,
1035 681 1087 742 vel
1108 703 1211 741 unum

113 761 244 825 solidum.
286 761 316 820 A
336 783 407 842 quo
428 760 615 844 plurimum,
635 758 781 841 quinque
811 760 950 834 solidos;
979 786 997 822 a
1027 785 1093 845 quo
1114 763 1213 822 mini-

113 866 194 920 mum,
215 853 362 924 quatuor
385 835 544 904 denarios.
586 846 634 902 Dc
662 841 816 901 Ecclesiis
844 865 922 904 vero
951 846 1154 928 Imperatoris
1179 858 1213 906 et

37 961 38 994 i
112 925 312 1006 Imperatricis
333 936 370 986 et
394 927 554 986 Comitum
570 947 605 985 ac
620 924 827 986 vassallorum
843 921 1068 1008 imperialium,
1091 935 1155 988 ta'm
1171 929 1215 991 de

112 1009 164 1068 illis
184 1009 240 1088 qui
268 1031 348 1070 cum
380 1011 573 1092 Imperatore
590 1014 736 1088 pergent,
758 1027 852 1086 quam
872 1017 903 1068 et
926 1009 992 1070 illis
1012 1011 1069 1092 qui
1088 1032 1211 1071 reman-

113 1091 210 1166 seriut,
240 1093 430 1174 Episcopus
461 1091 491 1148 iu
524 1091 614 1150 cuias
642 1088 792 1172 parochia
819 1091 1000 1153 consistunt
1031 1094 1211 1154 secundum

111 1173 294 1254 praedictum
317 1173 454 1234 modum
478 1173 659 1233 comestum
686 1169 830 1252 accipiat.
878 1175 928 1234 Dc
958 1176 1212 1258 negotiatoribus

113 1265 210 1332 autem,
232 1257 286 1317 vel
313 1257 375 1337 qui
403 1257 437 1314 iu
462 1253 643 1315 civitatibus
668 1263 888 1330 commanent,
910 1255 1000 1318 iuxta
1021 1258 1212 1342 possibilita-

113 1347 178 1416 tem,
202 1341 392 1404 secundum
419 1337 507 1419 quod
531 1335 704 1399 habuerint
726 1337 764 1398 de
788 1337 1016 1418 facultatibus,
1046 1342 1210 1404 coniectus

114 1420 248 1504 exigatur.

357 1601 784 1666 TITULU'S
849 1602 957 1670 L11.

160 1713 346 1790 Kinonr
382 1717 687 1780 Iurensronrs
721 1723 833 1778 arun
869 1737 1143 1784 carisiacum
1219 1727 1220 1734 ’

295 1835 373 1904 (De
404 1832 568 1895 Ecclesiae
602 1840 634 1892 ot
664 1830 795 1914 Imperii
830 1830 1013 1914 regimine).
1086 1847 1089 1854 ’

118 1946 205 2040 Haeo
238 1949 425 2047 Capitula
465 1951 664 2020 constituto
689 1959 774 2018 suut
801 1974 827 2020 a
859 1949 1016 2018 Domno
1043 1953 1207 2047 Karou,

113 2047 257 2131 glorioso
300 2055 565 2142 Imperatore,
593 2073 676 2118 crim
701 2073 882 2119 consensu
905 2050 1091 2120 Fideliom
1122 2077 1210 2122 suo-

114 2169 181 2212 rnm
212 2153 322 2242 opud
359 2149 595 2219 Curisiacum
628 2172 728 2218 cinno
762 2149 1045 2219 Incarnationis
1073 2152 1232 2222 Domissv

112 2245 204 2314 tricae
235 2247 581 2320 *DCCCLXXVIL
620 2248 727 2338 regni
761 2272 848 2318 vero
887 2250 1006 2339 ipsius
1041 2269 1207 2330 XXXVII.

111 2339 243 2434 imperii
281 2361 411 2420 autem
448 2347 634 2434 secundo,
679 2365 804 2415 xum.
844 2347 1024 2419 kalendas
1057 2347 1210 2439 Iulias,

111 2439 309 2517 Indictione
347 2448 504 2515 decimo.
555 2445 617 2512 De
647 2443 778 2538 quibus
807 2447 991 2536 quaedam
1022 2447 1102 2538 ipse
1139 2451 1209 2516 de-

105 2537 215 2626 finivit
249 2558 286 2616 et
326 2547 373 2616 de
408 2543 629 2641 quibusdam
667 2570 691 2613 a
719 2545 797 2612 suis
830 2543 1021 2614 Fidelibus
1054 2570 1208 2642 respon·

541 2644 623 2714 deri
660 2645 775 2712 iussit.

180 2830 206 2894 l.
234 2777 307 2898 De
328 2831 454 2896 honore
475 2843 509 2895 et
532 2834 624 2894 cultu
644 2833 705 2894 Dei
727 2837 822 2914 atque
843 2840 1025 2892 sanctarum
1042 2829 1206 2895 Ecclesia·

111 2928 171 2970 rum
196 2937 279 2998 qnae
307 2928 438 2979 auctore
467 2919 537 2977 Deo
566 2918 625 2978 sub
652 2916 774 2976 ditione
806 2923 839 2975 et
871 2915 1009 2975 tuitione
1038 2915 1205 2998 regiminis

112 2997 203 3056 nostri
223 3001 426 3078 consistunt,
448 2997 589 3060 Domino
609 2999 796 3076 mediante,
834 2995 1037 3060 decernimus
1063 3008 1100 3059 ut
1124 3000 1210 3062 sient

113 3081 241 3159 tempore
265 3085 381 3145 beatae
403 3081 634 3145 recordationis
657 3082 776 3141 Domni
799 3089 831 3140 et
852 3080 1015 3141 Genitoris
1037 3083 1136 3144 nostri
1155 3105 1211 3145 ex·

113 3157 207 3223 cultae
230 3177 263 3228 et
288 3167 464 3228 honoratae
486 3173 582 3246 atque
603 3164 698 3225 rebus
723 3163 889 3244 ampliatae
914 3164 1050 3223 fuerunt
1071 3174 1102 3225 ct
1123 3185 1207 3246 quae

115 3253 247 3308 anostra
273 3249 466 3311 liberalitate
489 3245 664 3306 honoratae
686 3257 782 3328 atque
809 3245 925 3305 ditatae
948 3255 1044 3324 sunt,
1067 3247 1106 3308 de
1133 3270 1211 3309 cae-

112 3328 173 3383 tero
193 3332 250 3392 sub
277 3331 460 3414 integritate
482 3329 533 3390 sui
559 3339 742 3398 servantum
772 3337 805 3388 et
833 3327 1022 3388 Sacerdotes
1053 3351 1089 3390 ac
1121 3332 1208 3393 servi

113 3403 167 3464 Dei
188 3413 331 3496 vigorem
353 3411 603 3474 ecclesiasticum
621 3422 653 3472 et
675 3412 780 3471 dehita
806 3408 978 3492 privilegia
1005 3409 1093 3471 iuxta
1110 3434 1211 3476 reve·

114 3490 235 3556 modom
258 3497 482 3558 auctoritatem
507 3495 695 3564 obtineaat;
732 3503 764 3554 et
788 3493 909 3553 eisdem
936 3491 1125 3574 principalis
1150 3517 1207 3578 po-

115 3575 197 3636 testas
219 3589 251 3641 et
270 3580 454 3640 inlustrium
473 3577 615 3640 virorum
640 3576 821 3650 strenuitas,
843 3596 900 3635 sen
924 3574 1122 3656 reipublicae
1147 3579 1208 3640 ad-

117 3647 344 3738 ministratores,
372 3673 407 3721 ut
428 3683 521 3722 suum
545 3659 757 3720 ministerium
781 3665 1002 3738 competenter
1020 3657 1209 3740 exequira-

116 3729 210 3816 leant,
248 3745 282 3804 iu
311 3745 459 3805 omnibus
486 3743 719 3804 rationabiliter
746 3751 778 3800 et
805 3741 887 3801 iuste
919 3750 1125 3810 concurrant.
1164 3744 1208 3806 Et

118 3813 192 3883 filius
211 3837 320 3889 noster
345 3827 426 3888 haec
448 3826 662 3910 suprascripta
691 3825 839 3886 similiter
867 3823 937 3885 Deo
965 3821 1096 3886 iuvante
1125 3845 1206 3887 con·

118 3915 219 3976 servet.

137 4059 143 4074 ,
188 3989 249 4058 RP.
287 3991 432 4054 Primum
458 3990 662 4074 Capitulum,
690 3991 772 4052 sicut
793 3991 863 4051 Deo
887 3984 1064 4068 inspirante
1092 3989 1207 4054 decre·

118 4065 204 4151 nstis,
230 4081 341 4138 omues
365 4075 593 4136 conlaudamus
613 4084 644 4134 et
672 4094 862 4135 conservare
883 4070 1042 4137 volumus.

188 4155 230 4219 ll.
271 4160 314 4219 Ut
339 4156 570 4220 Monasterium
605 4176 623 4216 a
653 4156 744 4215 nobis
776 4152 976 4240 Compendio
1010 4151 1045 4213 in
1082 4151 1204 4221 honore

121 4246 229 4305 sanetae
248 4241 311 4306 Dei
335 4237 499 4326 genitricis·
520 4239 639 4307 Mariae
663 4246 893 4320 constructum,
913 4255 931 4298 a
954 4233 1024 4300 filio
1045 4247 1154 4304 nostro
1176 4252 1208 4304 et
