2786 4980
262 341 296 396 a
316 337 395 396 cna.
509 335 634 393 arcun
651 331 868 391 amucoauu
972 334 1033 391 sss.
1175 319 1223 396 47

108 477 352 557 venerabilem,
373 475 494 560 partim
512 475 655 537 indebita
668 477 750 538 forte
766 475 907 560 pietate,
927 476 1046 557 partim
1067 499 1223 540 reveren·

108 563 154 624 tia
169 561 345 637 seniorali,
367 560 551 622 secundum
578 560 741 620 moduma
763 559 855 620 nobis
881 560 1091 624 constitutum
1112 574 1224 622 custo*

110 644 180 707 dire
195 654 254 703 aut
272 643 375 705 vellet
390 653 447 702 aut
460 650 580 724 posset,
603 641 731 702 consilii
749 641 900 702 consultu
921 641 1014 704 illum
1032 646 1148 704 hortati
1167 668 1221 705 su-

108 749 180 787 mus
201 737 241 786 ut
259 747 335 786 cum
351 728 480 785 Domno
500 724 678 786 Wenilone
697 723 957 802 praenominato,
979 729 1103 788 scilicet
1125 750 1221 788 pepp.

108 809 300 870 rentissimo
322 809 481 869 confratre
508 815 618 866 nostro
638 817 669 867 et
693 805 944 887 Archiepiscopo
966 833 1042 884 suo,
1065 821 1219 888 nianeret,

112 893 240 972 illeque
264 891 294 950 ei
309 890 505 951 conveniens
522 888 665 948 studium
680 888 840 970 impertiri
859 903 996 964 curaret,
1008 904 1039 953 et
1055 893 1218 952 Ecclesiae

113 975 316 1036 Nivernensi
340 995 377 1034 ea
393 971 506 1053 quibus
522 970 684 1052 indigeret
703 970 881 1032 visitatorio
896 971 999 1032 ollicio
1018 974 1220 1056 impenderet

121 1067 156 1118 et
172 1057 358 1133 ordinaret,
381 1074 544 1135 quousque
563 1054 718 1113 aestivum
751 1063 894 1134 tempus,
921 1057 1007 1136 quod
1034 1058 1217 1118 lminsmodi

122 1137 321 1213 infirmitati,
345 1157 426 1220 quae
441 1135 583 1218 impediri
604 1136 788 1210 dicebatur,
813 1136 904 1196 valde
926 1141 1122 1198 eontrarium
1150 1151 1215 1215 est,

123 1220 350 1304 pertransiret,
373 1227 405 1279 et
423 1218 597 1300 saepefatus
615 1218 840 1278 dilectissimus
855 1240 890 1278 ac
908 1223 1102 1280 venerabilis
1121 1225 1218 1282 l'rater

124 1311 248 1379 noster,
271 1313 305 1362 ut
322 1299 557 1384 praediximus,
580 1301 669 1360 asoa
697 1300 881 1360 infirmitate
909 1304 1153 1378 melioraretur,
1186 1315 1218 1364 ct

120 1405 194 1446 suae
216 1386 367 1465 potestati
390 1403 530 1464 suaeque
562 1382 661 1465 ipsius
695 1384 875 1458 custodiae,
911 1406 1027 1445 suaeve
1055 1387 1218 1446 Ecclesiae

118 1466 334 1548 dispositioni,
355 1473 390 1525 ut
410 1475 457 1526 est
474 1465 636 1541 debitum,
659 1466 890 1526 restitueretur.
933 1469 1023 1542 Quae
1053 1471 1218 1548 quoniam,

114 1549 227 1631 gratias
244 1549 336 1624 Deo,
359 1547 401 1608 ad
416 1557 527 1608 votum
544 1549 629 1607 iuxta
645 1548 788 1610 divinam
813 1548 1067 1622 ordinationem,
1091 1561 1125 1610 ut
1146 1554 1217 1610 l'ne-

111 1640 185 1692 rant
214 1631 391 1712 disposita,
424 1639 497 1690 sunt
531 1651 660 1710 quoque
692 1631 867 1712 perducta,
891 1640 922 1692 ct
943 1633 1097 1693 canonica
1127 1633 1216 1693 iubet

113 1713 285 1774 auctoritas
308 1723 344 1772 ut
365 1712 403 1772 ab
423 1733 489 1772 uno
506 1713 643 1792 quilibet
656 1713 973 1794 reiectusEpiscopo,
991 1737 1054 1774 non
1070 1717 1211 1777 dicamus

115 1795 246 1854 btantis
260 1817 318 1875 pro
332 1803 476 1876 tempore
490 1806 522 1854 et
542 1795 580 1854 ad
598 1804 721 1876 tempus
746 1805 888 1856 remotus
907 1798 1083 1857 secundnm
1107 1821 1215 1880 quen·

118 1877 190 1936 darn
212 1877 340 1936 modum
358 1877 542 1958 Episcopis,
572 1898 636 1936 non
661 1877 836 1959 recipiatur
863 1877 932 1937 sine
959 1881 1134 1940 testimonii
1159 1891 1214 1942 aut

116 1959 296 2018 litterarum
316 1959 554 2020 evidentissimo
572 1960 779 2034 documento,
802 1980 862 2040 per
874 1959 933 2019 bos
948 1973 1073 2022 nostrae
1100 1965 1213 2023 huma-

116 2041 226 2101 nitatis
244 2042 344 2123 apices
353 2042 544 2122 pleramque
559 2042 680 2102 dictum
694 2042 912 2102 venerabilem
927 2043 1056 2103 fratrem
1069 2057 1212 2106 nostrum

112 2145 188 2184 suae
219 2124 334 2184 ditioni
364 2133 397 2183 et
413 2124 579 2205 potestati,
602 2134 698 2204 atque
716 2125 887 2206 episcopali
914 2128 1094 2203 custodiae,
1117 2151 1211 2189 suac-

109 2227 175 2287 que
194 2207 358 2267 Ecclesiae
383 2207 608 2285 gubernationi
633 2206 740 2266 debite
761 2207 973 2285 restituimus,
1002 2219 1033 2268 et
1057 2233 1114 2272 uos
1138 2234 1211 2272 eum

107 2311 175 2350 non
197 2310 324 2349 morum
340 2286 444 2366 vitiis,
467 2297 522 2347 aut
540 2288 678 2370 peccatis
697 2289 854 2368 publicis,
877 2311 958 2370 quae
973 2313 1108 2353 censura
1128 2297 1212 2354 dam-

108 2380 164 2431 u'at
184 2371 425 2448 ecclesiastica,
448 2371 538 2432 dsua
557 2371 650 2430 illum
677 2373 820 2432 Ecclesia
845 2373 1082 2454 aliquantulum
1104 2399 1209 2437 remo·

107 2453 208 2528 risse,
231 2453 320 2533 quod
341 2453 410 2512 sine
428 2462 537 2535 aperta
558 2452 759 2514 convictione
775 2455 827 2516 vel
843 2455 1009 2514 manifesta
1034 2461 1212 2520 consessio-

110 2534 314 2596 nelierinou
333 2534 429 2612 licet,
452 2557 515 2615 qua
543 2536 582 2596 de
607 2556 641 2594 re
669 2545 701 2594 et
730 2557 794 2596 non
827 2535 926 2610 libet,
961 2537 1017 2596 sed
1039 2559 1212 2620 corporeae

109 2639 183 2678 suae
203 2617 400 2694 infirmitati,
424 2629 456 2678 et
469 2617 631 2678 Ecclesiae
656 2618 717 2678 sibi
735 2618 919 2678 commissae
938 2621 1120 2679 necessitati
1140 2624 1212 2699 pie-

110 2699 229 2776 tative,
262 2700 460 2762 cousuluisse
491 2701 753 2760 manifestissime
776 2701 1035 2760 demonstramus.
1058 2704 1154 2778 Quod
1178 2715 1213 2764 ut

108 2783 331 2864 praesentibus
347 2783 472 2842 scilicet
490 2790 521 2841 et
542 2783 659 2844 futuris
681 2779 892 2864 temporibus
907 2781 1106 2844 enucleatius
1135 2809 1214 2868 cog-

109 2872 278 2942 noscatur,
300 2864 352 2925 his
381 2865 475 2948 gestis
497 2865 642 2926 manibus
671 2863 810 2948 propriis
835 2863 1072 2926 subterfirmare
1098 2859 1213 2930 decre-

105 2968 221 3008 vimus.
471 2959 476 2970 '

105 3080 349 3164 (Monasterium
370 3078 530 3156 chraira,
553 3079 641 3162 quod
656 3080 735 3138 iuris
757 3091 823 3139 erut
845 3079 878 3139 S.
900 3080 1066 3158 Dionysii,
1091 3082 1213 3144 Conra-

307 3165 313 3178 '
391 3161 432 3223 do
450 3164 483 3221 in
499 3164 675 3244 precariam
690 3161 763 3220 dari
785 3164 932 3241 vetitum.)

191 3265 238 3328 II.
280 3267 317 3326 In
337 3267 467 3326 nomine
482 3265 605 3339 Patris,
630 3274 660 3326 et
678 3265 776 3336 Filii,
800 3277 830 3326 et
852 3267 988 3347 Spiritus
1011 3271 1122 3338 sancti.
1165 3276 1211 3335 Ε.

103 3348 232 3430 piscopi
252 3351 308 3428 qui
326 3349 413 3408 iussu
436 3348 567 3430 gloriosi
580 3347 740 3428 Principis
764 3349 882 3407 Domni
909 3351 1008 3409 nostri
1037 3355 1144 3414 Karoli
1172 3359 1212 3417 ad

106 3431 277 3512 Synodum
297 3431 329 3488 in
354 3431 552 3491 Vermeriam
571 3430 725 3509 palatium
743 3431 972 3506 convenimus,
995 3433 1112 3512 idest,
1136 3442 1213 3498 We·

106 3513 176 3571 uilo
191 3511 482 3594 Archiepiscopus,
505 3514 623 3590 Paulus
646 3511 931 3593 archiepiscopus,
954 3513 1132 3577 Amalricus
1149 3520 1212 3576 Ar-

106 3593 343 3675 chiepiscopus,
368 3596 557 3654 Hiucmarus
589 3593 880 3673 Archiepiscopus,
903 3595 1211 3680 TeutholdusEpis-

106 3697 226 3757 copus,
249 3675 458 3757 Anseg'audus
474 3677 675 3757 Episcopus,
706 3676 866 3736 Pardulns
894 3675 1096 3758 Episcopus,
1128 3684 1192 3742 Hro

105 3758 223 3818 thadus
242 3759 430 3840 Episcopus,
454 3760 762 3840 lmmoEpiseopus,
785 3756 1003 3836 Yrrniul'ridus
1021 3763 1209 3843 Episcopus,

106 3840 270 3922 Erpoinus
285 3842 480 3922 Episcopus,
501 3841 704 3902 Hilmeradus
731 3841 927 3921 Episcopus,
953 3839 1049 3922 Agius
1075 3845 1211 3922 Episco-

106 3943 182 4002 pus,
205 3923 358 3983 Erloinus
372 3925 566 4006 Episcopus,
589 3923 764 3982 Baltlridus
790 3923 987 4003 Episcopus,
1011 3927 1210 3988 Guntliertus

106 4004 305 4086 Episcopus,
336 4006 486 4066 Eitardus
513 4006 709 4086 Episcopus,
740 4005 979 4063 Hildebrannus
1013 4007 1209 4090 Episcopus,

106 4087 199 4146 lonas
216 4088 415 4169 Episcopus,
443 4087 642 4148 Godelsadus
667 4088 861 4166 Episcopus,
894 4086 1085 4168 Braidiugus
1114 4092 1210 4174 Epis.

107 4189 225 4249 copus,
249 4170 444 4230 Chuonrado
465 4170 587 4252 inclyto
607 4178 637 4228 et
660 4168 858 4228 nobilissimo
875 4169 946 4228 viro
966 4183 1166 4249 praesentem
1178 4190 1206 4240 et

107 4261 267 4313 aeternam
289 4262 433 4337 optamus
455 4253 490 4312 in
513 4252 658 4318 omnium
677 4253 834 4324 ‚salvatore
857 4251 1001 4312 salutem.
1025 4254 1105 4317 Cum
1124 4257 1210 4322 inter
