2658 4978
176 318 319 378 nean.
427 313 560 372 accan
598 314 832 370 raancoaun
937 317 996 385 ⁸⁶9·
1102 299 1171 371 173

154 457 208 524 Ν,
250 461 291 522 Et
308 449 454 520 volamus
474 465 510 516 ut
530 454 635 517 sciatis
653 457 729 538 quia
745 453 1004 517 commendamus
1025 463 1060 516 ut
1076 476 1173 516 unus-

88 545 206 632 quisque
226 543 266 604 de
284 563 341 602 sua
356 561 454 623 opera
472 539 535 600 tale
555 546 713 600 certamen
733 538 849 598 habeat
866 535 950 597 sieut
965 536 1026 598 scit
1041 558 1172 600 necesse

87 651 141 692 csse
161 629 198 688 ad
220 622 442 690 defensionem
460 619 550 682 istius
567 631 694 682 sanctae
711 621 772 681 Dei
788 617 973 696 Ecclesiae,
995 619 1173 682 seeundum

82 723 207 772 nostram
224 703 545 775 commendationem.
586 703 710 762 Gratias
735 701 826 762 vohis
848 701 971 782 agimus
992 702 1068 784 quia
1092 701 1175 762 fide-

83 795 148 854 liter
163 789 339 853 secundum
356 796 493 848 nostram
510 783 820 846 commendationem
841 783 874 842 iu
904 790 1015 843 nostro
1040 785 1175 846 venistis

84 863 210 937 servitio.
251 872 294 931 Et
313 869 357 930 ite
375 891 449 929 cum
465 867 525 930 Dei
541 867 639 949 gratia
658 865 726 926 sani
747 875 779 926 ct
794 865 893 941 salvi,
916 875 948 926 et
969 867 1059 928 Deus
1082 867 1174 926 nohis

84 957 226 1018 concedat
248 952 413 1016 utiterum
438 972 512 1011 cum
529 948 663 1010 sanitate
682 957 714 1010 et
735 947 850 1029 grundio
871 947 912 1008 ad
942 967 1030 1009 suam
1059 951 1175 1011 volun-

83 1035 466 1116 tatcmreccniun'gamur.
564 1112 566 1116 Ι

317 1211 917 1282 TITULUSXLI.

118 1322 250 1403 Quirino
280 1321 431 1386 Kreones
462 1323 527 1384 Rex
545 1343 652 1466 Hnmn
690 1341 871 1382 concarrus
899 1341 955 1382 mr
983 1341 1015 1383 ιιι
1035 1341 1134 1384 necno

575 1425 732 1466 torcian.

84 1519 187 1596 Anno
209 1523 500 1594 Incarnationis
529 1521 759 1590 Dominicae
783 1520 1078 1610 DCCOLXIX,
1113 1518 1178 1591 in·

83 1623 236 1693 dictione
260 1623 446 1702 secundo,
477 1620 522 1692 V.
546 1623 638 1688 Idus
663 1621 909 1712 Septembri-r,
937 1621 1066 1690 Mettis
1086 1621 1179 1692 civi·

84 1733 150 1792 tote
182 1723 222 1792 in
256 1721 432 1792 Ecclesia
461 1721 584 1790 sancti
612 1719 795 1811 Stephani
835 1721 1038 1812 rnartyris,
1083 1719 1179 1790 haee

83 1831 184 1912 quae
199 1832 404 1911 sequuntur
434 1818 609 1912 Capitale
628 1821 862 1908 Adventius,
890 1820 1105 1912 Episcopus
1126 1819 1181 1912 ip·

86 1920 360 2006 nescivimus,
392 1942 522 1988 coram
552 1919 655 2006 Rege
677 1929 711 1986 et
730 1917 935 2012 Episcopis
950 1919 1013 2011 qui
1042 1919 1181 2009 adfue-

140 2031 252 2104 rant,
273 2019 416 2112 populo
442 2029 476 2088 et
500 2020 641 2112 scripto
672 2027 707 2088 et
731 2013 853 2088 verbis
870 2017 1114 2090 deriuatiavit.

161 2178 186 2240 Ῑ·
225 2143 319 2264 Vos
337 2201 442 2276 scitis,
464 2210 497 2262 et
512 2200 622 2261 multis
642 2201 675 2260 in
703 2199 851 2282 plurimis
869 2200 978 2284 regnis
1000 2207 1050 2262 est
1069 2203 1182 2284 cogni·-

85 2289 169 2364 tum,
201 2295 340 2370 quantos
360 2295 392 2345 ct
411 2283 523 2365 quales
545 2293 683 2345 eventus
709 2293 853 2364 tempore
880 2283 1024 2345 Senioris
1059 2285 1184 2362 nostri,

89 2391 178 2451 quem
196 2369 356 2430 hactenus
370 2365 539 2426 habuimus
554 2411 562 2440 ,
584 2389 642 2446 pro
660 2365 762 2427 causis
777 2365 949 2427 notissimis
969 2367 1186 2428 communiter

89 2452 309 2528 sustinuimus,
342 2459 375 2511 et
395 2457 516 2530 quanto
531 2448 642 2510 dolore
657 2457 841 2530 quantaque
862 2448 1009 2529 angustia
1035 2449 1074 2510 de
1095 2449 1185 2510 illias

89 2527 220 2596 infausta
236 2539 339 2595 morte
355 2553 459 2614 nuper
482 2530 633 2592 cordibus
663 2531 803 2613 perculsi
823 2551 941 2594 sumus.
989 2530 1083 2590 Unde
1108 2532 1186 2591 uni-

90 2639 159 2678 cam
184 2617 350 2699 refugium
374 2625 407 2675 ct
426 2612 634 2696 singulariter
657 2613 784 2674 salubre
809 2612 1001 2690 eonsilium,
1033 2612 1120 2695 Rege
1156 2621 1188 2674 ct

86 2697 238 2782 Principe
252 2705 362 2760 nostro
377 2696 520 2757 destituti
536 2716 573 2756 ec
590 2694 735 2772 desolati,
757 2694 849 2755 nobis
866 2693 1014 2755 omnihus
1030 2715 1098 2757 esse
1113 2717 1188 2756 cou-

91 2783 299 2844 sideravimus
318 2787 356 2839 ut
369 2778 499 2840 ieiuniis
520 2787 553 2839 et
573 2777 771 2838 orationibus
789 2778 827 2836 ad
850 2798 924 2837 eum
957 2797 1017 2838 nos
1048 2798 1188 2840 conver-

90 2865 226 2926 teremus
247 2863 305 2946 qui
328 2869 376 2922 est
389 2861 516 2922 adiutor
534 2860 568 2919 in
594 2859 896 2942 opportunitatibus,
911 2860 946 2919 in
967 2859 1189 2938 tribulatione,

92 2957 122 3008 et
139 2947 233 3008 cuius
250 2955 300 3007 est
314 2943 507 3022 consiliu-m,
529 2963 566 3002 ac
584 2943 677 3002 cuias
691 2952 738 3004 est
754 2964 909 3026 reguum,
932 2951 965 3002 et
982 2951 1018 3004 ut
1035 2942 1190 3027 scriptam

93 3038 154 3106 est,
177 3029 232 3090 eui
250 3025 391 3090 voluerit
408 3025 492 3085 dabit
517 3024 622 3100 illud,
644 3035 677 3086 et
695 3025 727 3085 iu
753 3027 845 3087 caius
869 3047 967 3084 mauu
994 3025 1092 3087 corda
1115 3036 1191 3088 sunt

92 3107 226 3192 Regum,
250 3110 373 3172 etfacit
387 3108 554 3170 unanimes
569 3105 713 3168 hahitare
729 3109 761 3169 in
781 3109 885 3184 domo,
904 3109 1031 3170 solvens
1047 3109 1190 3171 medium

92 3195 264 3276 parietem,
288 3201 320 3254 ct
331 3191 451 3252 faciens
472 3201 607 3268 utraque
620 3210 738 3260 unum;
762 3190 972 3272 deprecantes
985 3189 1085 3273 ipsius
1101 3193 1192 3256 mise·

91 3275 263 3338 ricordiam
278 3284 315 3335 ut
337 3275 427 3334 daret
439 3273 532 3334 nobis
550 3273 669 3352 Regem
685 3295 721 3334 ac
734 3272 919 3354 Principem
935 3269 1114 3336 secundum
1136 3299 1192 3338 cor

94 3379 202 3436 suum,
226 3357 283 3439 qui
304 3356 338 3416 in
356 3355 476 3417 iudicio
499 3365 530 3418 et
551 3353 746 3416 iustitia-nes
765 3354 903 3414 inomni
923 3356 1037 3416 ordine
1061 3379 1098 3418 ac
1117 3381 1194 3443 pro·

87 3440 233 3502 *sessione
248 3447 395 3521 regeret,
417 3439 571 3510 salvaret,
594 3446 689 3518 atque
717 3438 909 3517 defenderet
931 3435 1021 3496 iuxta
1041 3441 1195 3502 volunta·

89 3532 159 3582 ,tem
178 3523 272 3598 eius,
307 3522 448 3584 etcorda
470 3520 615 3581 omnium
637 3529 819 3580 nostrorum
835 3517 1035 3580 unanimiter
1063 3522 1097 3582 in
1120 3544 1196 3592 eum

95 3603 268 3666 inclinaret
282 3613 377 3685 atque
399 3602 529 3682 uniret,
549 3622 648 3684 quem
665 3601 732 3684 ipse
749 3601 940 3663 adsalutem
958 3610 990 3661 et
1012 3605 1195 3684 profectum
1250 3603 1255 3612 ’

92 3697 239 3748 nostram
256 3685 450 3770 praescitum
467 3695 499 3748 et
520 3686 661 3746 electum
680 3693 776 3766 'atque
799 3682 1073 3768 praedestinatum
1094 3687 1195 3759 halae·-

95 3768 147 3830 bat
160 3771 342 3846 secundam
359 3768 612 3832 misericordiam
632 3789 731 3829 suam.
1005 3803 1007 3808 ,

176 3852 223 3918 ll.
264 3853 349 3930 Quia
379 3851 519 3935 denique
543 3849 710 3913 voluntate
736 3849 821 3927 Dei,
852 3849 910 3933 qui
931 3853 1132 3917 voluntatem
1153 3858 1201 3922 ti.

94 3935 255 3998 mentium
269 3955 302 3994 se
323 3936 420 4011 facit,
442 3944 473 3994 et
492 3932 733 4016 deprecationes
754 3935 1037 4014 eorumvexaudit,
1059 3936 1094 4006 in
1119 3961 1199 4003 oon.

99 4018 189 4078 cordi
206 4017 415 4078 unanimitate
431 4027 540 4096 nostra
558 4015 703 4078 videmus
723 4016 811 4076 hune
825 4017 917 4098 regni
934 4017 1031 4080 huius
1043 4018 1199 4097 heredem

99 4120 165 4162 esse
185 4098 386 4183 legitimum,
409 4099 462 4158 cui
484 4121 542 4161 nos
557 4106 671 4182 sponte
699 4097 930 4178 commisimus,
958 4101 1122 4164 Domuum
1146 4107 1198 4168 vi.

93 4180 220 4264 ‚delicet
235 4191 438 4266 praesentem
454 4182 575 4264 Regem
588 4201 624 4241 ac
637 4181 823 4264 Principem
849 4191 994 4245 nostrum
1019 4184 1198 4269 Karmana,

103 4271 139 4324 ut
157 4259 247 4328 ncbis
261 4257 380 4352 praesit
395 4273 429 4329 et
444 4263 563 4351 prosit,-
585 4261 715 4331 videtur
733 4261 824 4328 nobis
834 4309 846 4349 ,
865 4263 892 4329 si
907 4263 995 4332 vobis
1017 4267 1141 4355 placet,
1164 4286 1201 4337 ut
