2786 4980
260 337 292 390 s.
311 333 387 386 can.
492 329 621 384 aucun
655 325 880 380 rasacoauu.
990 321 1051 382 8³16.
1196 309 1243 378 23

218 474 262 538 X.
303 474 346 535 Ut
367 470 495 536 Clerici
513 491 600 532 arms
617 467 768 530 militaria
793 487 860 528 nou
880 462 1083 550 contingant.
1204 525 1210 536 ,

218 557 280 621 XI.
321 558 365 617 Ut
384 554 478 616 Missi
496 551 750 635 diuigauturqni
780 545 948 630 inquirant
976 547 1003 608 si
1022 557 1192 633 praecepta
1226 553 1243 614 I

136 643 230 705 nobis
252 640 292 701 de
307 638 404 700 rebus
420 635 640 699 Ecclesiamm
659 633 700 694 ad
716 631 884 714 proprium
899 629 964 690 sint
987 630 1080 700 lacta,

219 722 300 785 Xll.
341 722 392 782 De
410 717 537 780 haeresi
559 716 747 778 simoniaca.

129 805 132 810 ⁴
219 803 319 868 XllI.
363 803 405 864 Ut
426 803 445 862 a
470 800 561 859 nullo
578 799 669 860 sedes
684 796 893 881 episcopalis,
914 791 1045 879 proprio
1061 797 1247 860 infirmante

135 890 322 973 Episcopo,
344 893 527 965 usurpetur.

223 968 320 1031 thl.
362 969 406 1026 Ut
429 961 584 1027 Canonici
605 961 689 1021 infra
715 958 937 1021 dormitorium
957 959 1126 1026 donniant.

228 1049 306 1120 XV.
346 1051 390 1109 Ut
405 1046 553 1109 atonachi
575 1045 614 1106 ad
629 1042 785 1124 palatium
804 1063 870 1102 nou
899 1041 1048 1124 veniant,
1071 1045 1133 1108 uisi
1150 1065 1245 1108 canu

146 1133 367 1208 obedientiae,
390 1128 533 1210 exceptis
545 1125 731 1190 Abbatibus.

229 1215 322 1278 XVI.
364 1215 406 1273 Ut
422 1210 497 1272 laici
516 1209 653 1270 decimas
671 1207 711 1268 de
726 1207 884 1270 Ecclesiis
902 1227 968 1268 uon
986 1210 1187 1292 contingunt.

225 1295 333 1360 XVII.
373 1297 421 1356 De
433 1289 741 1354 sanctimonialibus
758 1301 870 1353 contra
888 1291 1110 1355 auctoritatem
1126 1293 1245 1378 nuptis.

220 1377 348 1442 XVIII.
389 1377 438 1436 De
454 1373 580 1455 sponsis
598 1373 745 1437 aliorum.

217 1460 311 1526 XIX.
353 1460 402 1519 De
420 1456 598 1541 sepulturis
617 1455 701 1516 infra
715 1454 905 1518 Ecclesiam.

132 1575 310 1641 Plenitudo
332 1586 435 1636 autem
447 1571 665 1658 Cupitulorum
682 1592 761 1655 quoe
777 1573 812 1632 in
831 1571 1029 1656 plenitudine
1048 1573 1247 1654 synodalium

136 1663 296 1723 actionum
323 1657 497 1734 habentur,
537 1653 621 1716 unde
655 1655 713 1714 liae
739 1656 1047 1718 commemorationes
1076 1671 1245 1744 excerptae

390 1751 484 1811 sunt,
513 1739 560 1796 ito
578 1757 638 1820 per
657 1735 729 1798 loca
748 1739 958 1798 continentur.

225 1846 490 1909 Commemoratis
513 1845 636 1928 prima,
659 1844 699 1904 de
720 1842 845 1906 honore
865 1843 1017 1907 videlicet
1030 1855 1062 1905 et
1075 1847 1167 1908 cultu
1178 1848 1244 1908 Ec·

144 1929 335 2006 elesiarum,
356 1929 437 1990 sicut
461 1950 557 2011 supra
584 1925 738 2008 scriptum
756 1926 895 1987 habetur
915 1927 949 1986 in
977 1927 1056 1989 villa
1087 1929 1244 2008 Colonia,

143 2011 377 2093 subscriptione
397 2010 492 2092 Regis
506 2020 538 2070 et
555 2008 746 2092 Principum
767 2008 963 2076 roboratum.
1034 2033 1042 2050 ·

224 2093 491 2154 Commemoratio
507 2090 664 2167 secunda,
687 2091 726 2152 de
748 2091 872 2152 honore
887 2091 1122 2178 Episcoporum
1137 2103 1169 2154 et
1190 2115 1242 2156 ve·

137 2175 309 2238 ueratione
327 2195 493 2236 servorum
506 2174 585 2250 Dei,
607 2173 764 2234 similiter.

224 2258 492 2320 Commemoratio
505 2257 619 2332 tertia,
641 2257 681 2318 de
698 2255 844 2334 iustitiis,
865 2254 1023 2320 similiter.

223 2340 492 2403 Commemoratio
518 2339 648 2420 quinta,
670 2339 710 2400 de
725 2337 774 2400 his
791 2339 848 2420 qui
868 2348 979 2412 contra
993 2342 1114 2424 regiam
1131 2352 1240 2426 potet-

134 2431 235 2486 tatem
256 2433 460 2484 contumaces
476 2443 545 2483 csse
568 2421 764 2498 moliuntur,
785 2421 943 2484 similiter.

219 2504 490 2568 commemoratio
511 2513 610 2570 sexta.

221 2619 370 2680 Caeteros
392 2631 495 2679 autem
516 2620 850 2690 commemorationes,
873 2637 952 2698 quae
974 2633 1162 2699 sequuntur,
1195 2621 1240 2682 ita

138 2705 172 2762 in
189 2701 338 2786 praefata
355 2700 552 2785 plenitudine
573 2722 642 2763 cum
663 2702 727 2760 suis
751 2700 902 2784 Capitulis
922 2703 1130 2766 continentur.

136 2831 195 2908 (Ut
207 2832 303 2892 Missi
322 2830 522 2911 dirigantur,
545 2832 600 2913 qui
619 2831 780 2913 inquirant
801 2828 841 2890 de
862 2832 902 2888 iis
922 2849 1000 2913 quae
1023 2828 1067 2890 ad
1080 2831 1193 2910 Regem
1210 2847 1240 2894 et

475 2912 708 2997 Rempublicam
724 2915 902 2998 pertinent.)

217 3019 291 3082 XX.
332 3023 375 3084 Et
392 3044 433 3084 ne
448 3021 717 3104 magnificentiam
738 3029 874 3082 vestram
893 3019 974 3082 illuc
990 3030 1112 3083 vestrae
1130 3020 1238 3104 digni-

132 3102 193 3164 tati
210 3104 364 3167 indecens
385 3116 417 3167 et
437 3105 607 3165 inhonesta
623 3103 767 3185 impellat
786 3105 954 3166 necessitas
973 3126 1039 3186 quo
1054 3127 1119 3166 iton
1141 3106 1238 3166 trahit

134 3187 306 3265 voluntas,
329 3198 362 3249 et
376 3187 491 3271 partim
510 3186 725 3264 necessitate,
747 3186 861 3268 purtim
888 3188 982 3247 etiarn
1008 3187 1236 3270 subreptione,

134 3269 214 3351 qnia
242 3269 336 3331 aliter
357 3292 452 3353 quam
472 3292 506 3332 se
523 3271 571 3331 rei
593 3269 708 3330 veritas
724 3268 940 3332 habeatvobis
958 3270 1081 3332 dictum
1097 3272 1149 3331 vel
1166 3293 1237 3356 pos·

132 3352 274 3412 tulatum
295 3353 375 3430 fuit,
397 3353 534 3413 maxime
555 3352 643 3434 quod
661 3352 702 3412 ad
721 3374 790 3413 rem
805 3352 967 3433 publicam
984 3352 1159 3434 pertinuit,
1182 3364 1237 3414 ant

155 3435 360 3514 raeseptioue
389 3435 422 3494 in
445 3435 652 3496 beneficiario
677 3435 748 3494 iure
777 3442 833 3492 aut
853 3435 885 3494 in
915 3435 1009 3494 alode
1034 3435 1236 3517 adsumptum

131 3455 292 3594 liabetur,
325 3518 455 3580 videtur
482 3518 573 3578 uobis
605 3517 684 3578 utile
711 3525 743 3576 et
766 3517 980 3578 necessarium
1003 3526 1040 3576 ut
1069 3518 1180 3578 fideles
1204 3529 1237 3578 et

132 3609 283 3660 strenuos
304 3602 416 3664 Missos
432 3622 472 3662 ex
493 3609 630 3682 utroque
654 3599 769 3661 ordine
798 3618 857 3678 per
888 3598 1032 3678 singulos
1058 3599 1235 3661 Comitatus

131 3681 342 3762 regnivestri
362 3682 512 3761 mittans,
535 3685 590 3764 qni
611 3683 719 3744 omnia
747 3680 923 3761 diligenter
942 3679 1128 3741 inbrevient
1152 3703 1234 3761 quae

129 3767 276 3844 tempore
297 3766 346 3826 avi
368 3787 405 3826 ac
426 3767 525 3848 patris
543 3766 652 3842 vestri,
670 3766 725 3827 vel
738 3764 771 3826 iu
788 3763 877 3844 regio
895 3763 1079 3845 specialiter
1091 3764 1234 3840 servitio,

130 3847 186 3905 vel
209 3846 242 3905 in’
261 3849 467 3909 vassallorum
488 3850 722 3911 dominicorum
736 3847 901 3908 beneficiis
922 3847 1057 3906 fuerunt
1068 3891 1077 3922 ,
1103 3846 1235 3930 etquid

129 3929 185 3987 vel
204 3931 346 4009 qualiter
359 3941 413 3991 ant
431 3943 588 4014 quantum
602 3932 718 3993 exinde
735 3929 872 4014 quisque
901 3929 996 3989 modo
1019 3929 1174 4004 retineat,
1203 3937 1237 3988 et

129 4013 310 4072 secundum
326 4015 507 4092 veritatem,
528 4015 735 4076 renuntietur
750 4013 849 4077 vobis.
890 4012 933 4071 Et
959 4011 1013 4073 ubi
1041 4009 1234 4072 inveneritis

128 4095 206 4174 quia
244 4097 384 4156 ratioet
416 4096 555 4172 utilitas,
599 4119 635 4156 ac
665 4097 745 4157 ordo
770 4117 829 4156 seu
860 4094 977 4156 veritas
1020 4091 1052 4150 in
1088 4093 1237 4178 absump-

128 4177 170 4236 tis
207 4178 260 4239 vel
305 4175 554 4256 ¹donationibus,
584 4179 780 4256 habeantur,
823 4177 857 4236 In
893 4184 975 4238 satu
1013 4189 1231 4257 permaneant.

130 4259 191 4318 Ubi
231 4271 336 4322 sutem
389 4263 655 4331 inrationabilitas
681 4263 747 4324 ¹rel
796 4261 902 4346 potins
947 4260 1034 4321 frans
1080 4260 1232 4326 iuventae
