2712 4992
169 321 173 332 '
230 326 305 402 300
550 337 733 394 usneusrr
769 339 1012 395 renuntiaris

230 482 341 559 silvis,
362 475 503 574 eampis,
524 478 646 560 pratis,
677 476 787 562 aquis,
817 499 1010 562 aquarumve
1041 479 1226 559 decursibus,
1250 486 1287 544 sal

231 563 369 648 reliquis
384 560 633 656 quibuscunque
646 561 829 642 beneficiis,
850 563 939 658 quod
952 582 1011 646 per
1025 562 1204 624 relationem
1220 585 1288 647 supra

231 647 426 732 scriptorum
442 662 587 704 virorum
603 644 837 726 cognovimus,
858 653 941 706 suste
962 654 993 706 et
1016 643 1233 706 rationabiliter
1244 669 1289 708 *ns-

231 751 297 814 que
312 747 401 790 nunc
418 723 606 807 ubicunque
625 725 658 786 in
674 747 775 809 regno
797 735 905 788 nostro
918 726 1080 808 possidere
1100 725 1225 804 videtur,
1239 727 1290 788 dun

234 815 304 874 eius
322 811 534 872 instrumenta
555 817 694 869 cremata
714 829 782 870 esse
799 810 1026 891 cognovimns,
1047 805 1202 891 perhanc
1225 831 1290 890 prae·

233 903 363 978 ceptum
382 887 512 976 plenius
533 887 567 948 in
589 889 650 952 Dei
677 890 807 952 uomina
829 890 915 952 circa
942 913 1015 953 eum
1040 889 1198 952 suffultum
1225 901 1289 972 atqua

233 975 456 1040 confirmatum
477 971 596 1052 absque
617 971 717 1034 ullius
734 967 960 1055 inquietudine
989 972 1044 1034 vel
1058 970 1250 1055 refragatione
1264 986 1290 1034 te·

233 1068 310 1122 neat
330 1065 364 1120 et
382 1053 562 1140 possideat,
585 1061 617 1114 et
640 1053 705 1115 suis
729 1053 867 1136 posteris
893 1064 948 1116 aut
977 1055 1031 1117 cui
1052 1054 1188 1118 voluerit
1211 1053 1238 1112 in
1252 1057 1290 1115 Dei

234 1139 366 1202 uomina
392 1137 432 1198 ad
455 1134 685 1232 possidendam
704 1137 878 1219 relinquat.
918 1139 1026 1216 Quam
1053 1157 1131 1198 vero
1161 1137 1289 1198 auetorita-

234 1233 301 1287 tens
318 1242 377 1306 per
400 1229 483 1282 etms
502 1215 700 1301 temporibus
717 1219 887 1282 valituram
908 1221 1040 1305 propria
1056 1241 1152 1280 manu
1165 1218 1253 1280 subter
1261 1241 1289 1278 ro·

234 1306 349 1370 borare
374 1243 584 1366 decrevimus.
647 1303 662 1362 '.

448 1429 570 1490 Relatio
589 1431 773 1512 pagensium
794 1429 840 1490 ud
857 1432 969 1512 Regem
989 1431 1123 1494 directa.

319 1541 481 1610 XXXIV.
523 1543 732 1626 suggerendo
748 1543 891 1627 piissimo
916 1555 1011 1628 atque
1032 1544 1288 1628 praecellentissimo

236 1627 376 1692 Domino
398 1627 455 1688 illo
481 1626 584 1707 Regi,
606 1636 638 1687 et
656 1627 811 1686 Maiorem
830 1628 941 1688 domus
958 1629 1040 1704 illo,
1064 1630 1083 1688 is
1104 1628 1198 1688 servis
1217 1629 1289 1686 vestris

236 1709 428 1794 pagensibus
444 1708 521 1784 illis,
544 1728 683 1788 quorum
702 1707 914 1790 subscription
922 1711 990 1770 ibus
1007 1710 1059 1771 vel
1081 1709 1229 1792 signacula
1243 1709 1289 1768 sul·

214 1803 288 1855 -tus
322 1798 476 1852 tenentur
505 1790 633 1855 inserta.
681 1790 932 1872 Principalitatis
955 1803 1080 1853 vestrae
1112 1795 1289 1871 circumspecta

237 1875 409 1938 elementia
429 1872 521 1934 novit
541 1872 623 1932 iusta
649 1873 833 1954 petentibus
862 1874 1033 1957 dignanter
1056 1896 1194 1934 annuere
1214 1883 1239 1932 et
1256 1893 1289 1930 ns·

233 1957 414 2020 cessitatem
433 1954 628 2037 patientibus
649 1956 822 2016 subvenire
847 1956 1033 2017 olensenter.
1077 1959 1162 2017 Pene
1187 1955 1288 2016 omnibu

235 2048 326 2123 patet
349 2038 512 2118 regionem
542 2046 680 2098 nostram
706 2036 745 2096 ab
771 2037 913 2099 hostibus
946 2039 1170 2120 depopulatam
1193 2057 1259 2109 esse,
1274 2046 1289 2093 et

238 2122 351 2182 domus
372 2118 546 2180 multorum
562 2120 638 2202 igne
654 2129 825 2195 crematas,
848 2122 901 2182 vel
918 2142 969 2182 res
991 2122 1127 2192 ablatam
1149 2120 1223 2180 inter
1239 2138 1288 2198 qnos

237 2223 350 2268 servus
364 2211 470 2262 vester
482 2200 538 2260 ille
552 2221 618 2260 nou
639 2200 802 2278 modicum
813 2201 933 2264 ibidem
945 2207 1115 2285 perpessus
1126 2211 1171 2264 est
1184 2203 1289 2264 damnum

234 2293 272 2346 et
286 2285 325 2348 de
344 2284 439 2346 rebus
454 2283 519 2345 suis
536 2282 756 2364 dispendium,
779 2285 832 2346 vel
849 2286 955 2345 omnia
973 2285 1183 2346 instrumenta
1202 2283 1285 2344 charta·

238 2387 329 2438 rum,
352 2366 440 2447 quod
454 2365 521 2447 ipse
542 2365 594 2427 vel
611 2376 759 2448 parentes
774 2369 823 2428 sui
849 2367 1056 2447 habuerunt,
1098 2377 1160 2427 tam
1185 2365 1290 2448 quodsi

238 2448 594 2528 munificentiaRegum
615 2449 775 2529 possedit,
810 2473 905 2532 quam
929 2451 1018 2531 quod
1042 2472 1103 2532 par
1124 2444 1288 2515 venditionis,

177 2550 182 2558 ·
238 2531 411 2608 cessionis,
434 2529 633 2606 donationis,
657 2534 975 2616 commutationisque
990 2533 1122 2594 titulum
1135 2529 1238 2601 babuit,
1250 2545 1288 2583 nnn

239 2635 315 2681 eram
332 2614 426 2676 domo
447 2634 503 2675 sua
517 2611 672 2673 incendio
697 2625 898 2675 concremata
924 2637 992 2675 esse
1015 2625 1196 2677 noscuntur.
1230 2605 1288 2667 Unde

240 2707 380 2774 ausuum
403 2694 589 2776 parvitatem
609 2695 716 2775 petiit,
738 2698 826 2776 quod
852 2698 1011 2759 veraciter
1037 2697 1154 2760 exinde
1179 2687 1287 2774 cognovi·

147 2847 151 2855 ,
238 2801 329 2855 mus,
351 2798 410 2860 per
428 2776 512 2836 bunc
528 2775 673 2836 notitiam
688 2779 900 2862 suggestionis
911 2789 1034 2842 vestrae
1056 2784 1236 2841 innotescere
1251 2770 1288 2827 cle·

240 2860 389 2924 mantiae.
449 2859 546 2936 Quod
576 2867 607 2918 et
630 2859 735 2920 facere
760 2862 845 2920 servi
859 2864 956 2924 vestri
974 2865 1160 2925 curavimus.
1213 2856 1287 2918 Vestra

240 2945 342 3027 piatas
363 2941 472 3000 iubeat
488 2940 577 3022 qnod
595 2963 696 3022 nsque
712 2942 806 3002 modo
821 2944 854 3002 iu
874 2966 975 3026 regno
996 2956 1101 3006 vestro
1116 2941 1227 3026 quietus
1246 2952 1288 3014 pos-

242 3025 344 3100 sedit,
367 3024 452 3084 cirea
473 3022 586 3083 eodem
601 3043 660 3105 per
674 3033 780 3084 vestro
800 3025 939 3087 'munere
958 3037 1162 3110 praeceptum
1180 3031 1210 3081 ut
1227 3018 1288 3076 insn-

242 3117 294 3168 tea
307 3107 433 3184 valeat,
456 3103 534 3164 dum
546 3127 602 3166 sua
615 3106 758 3187 perdidit
776 3107 1004 3188 instrumenta,
1027 3107 1184 3192 possidere
1200 3099 1286 3182 quietus

243 3199 275 3250 et
295 3209 438 3256 securus.
478 3188 542 3248 Nos
571 3187 654 3248 servi
680 3189 778 3249 vestri
802 3191 891 3270 quod
915 3193 1033 3254 exinde
1058 3190 1194 3254 veracius
1210 3181 1286 3244 scitlus

241 3270 444 3332 innotescere
462 3269 739 3353 praesumpsimus.
780 3273 930 3336 Vestrum
959 3283 1007 3335 est
1035 3272 1233 3336 necessitatem
1251 3280 1285 3343 pl·

240 3352 394 3414 tientibns
418 3351 599 3413 subvenire.

232 3477 234 3484 ’
327 3480 534 3568 Confirmatio
561 3479 600 3540 de
623 3484 710 3542 omni
725 3503 857 3567 corpore
867 3481 1035 3565 facultatis
1051 3477 1228 3544 Monnsterii.

322 3594 461 3660 XXXV.
503 3594 563 3654 llle
587 3595 656 3656 Rex
679 3594 737 3654 illo
762 3597 902 3660 Patricio
919 3608 1015 3677 atque
1038 3597 1179 3657 omuibus
1193 3579 1284 3668 Agelli·

239 3684 309 3746 bus.
328 3682 464 3742 Rectum
486 3698 553 3738 esse
566 3698 732 3738 censemus
752 3687 789 3738 ut
801 3679 1011 3761 petitionibus
1032 3679 1283 3746 sacerdotumque

241 3767 281 3826 ad
313 3763 494 3846 profectum
529 3759 695 3842 pertinent
727 3759 873 3824 locorum
903 3763 1094 3822 Sanctorum
1116 3759 1153 3819 ad
1182 3751 1284 3840 effetlflffl

241 3846 369 3908 Christo
385 3841 551 3925 praesule,
578 3843 799 3924 perducamus.
840 3843 943 3925 Igitur
971 3843 1159 3906 venerabilis
1179 3829 1281 3924 vindit-

240 3925 330 3988 illius
352 3924 453 3988 sancti
477 3924 663 3984 ltlonasterii
682 3924 803 4004 Abbas,
827 3927 949 4007 gloriae
963 3927 1055 4008 regni
1074 3923 1165 3988 nostri
1182 3914 1282 4000 penna

240 4011 317 4072 dum
335 4010 402 4092 ipse
422 4016 549 4068 sauctus
568 4007 778 4068 monasterius
798 4007 838 4068 de
858 4009 1041 4070 conlatione
1071 4012 1218 4092 parentum
1235 4010 1281 4078 nes:

238 4104 381 4167 trorum,
401 4093 472 4150 Deo
493 4089 661 4166 adiutore,
686 4089 896 4152 videturesse
913 4101 1148 4164 constructum,
1166 4103 1213 4146 nos
1225 4090 1280 4164 ont.l

239 4195 374 4257 corpore
389 4171 548 4234 facultatis
568 4171 657 4246 aius,
678 4181 742 4232 tam
765 4173 852 4254 quod
873 4182 1088 4237 antecessores
1112 4169 1225 4233 Abbates
1244 4154 1281 4248 tlt·

237 4260 314 4320 dem
334 4256 578 4333 laboraverunt,
600 4254 654 4318 rel
669 4252 725 4315 ille
743 4256 885 4318 Domana
902 4255 1018 4338 Abbas,
1040 4256 1096 4340 qui
1108 4242 1278 4316 ibidemlusse
