2786 4980
167 316 217 392 82
368 333 399 388 l.
431 331 516 392 cun.
622 307 864 390 animumne
966 330 1028 388 sn.

167 473 394 542 miserabiliter
419 472 460 534 ad
479 474 568 536 illam
591 475 704 534 horam
722 472 859 555 venient
875 470 981 534 exitus
1007 470 1079 548 sni,
1106 470 1190 532 sicut
1210 492 1272 532 re-

165 567 288 628 nerunt
307 565 338 617 et
368 555 418 615 illi
444 557 502 636 qni
526 557 719 618 defecerunt
740 578 759 614 a
785 565 875 636 patre
897 563 953 614 tuo
979 575 1052 614 cum
1080 554 1179 614 fratre
1201 563 1270 614 tuo.

162 643 245 706 Nam
265 649 301 700 ut
320 637 369 698 illi
394 637 581 700 ordinantes
594 637 769 700 seditiones
791 639 830 714 in
850 647 1015 719 paternam
1035 636 1270 712 reverentiam,

164 724 258 787 sicet
282 721 336 784 isti
354 742 411 782 vos
429 721 605 782 excitantes
630 720 663 778 in
694 717 867 780 fraternam
891 719 1117 795 dilectionem,
1148 739 1269 778 nomen

163 807 252 890 pacis
274 814 306 865 et
327 812 441 864 statum
457 803 620 866 Ecclesiae
638 811 670 862 et
684 802 819 862 salntem
838 823 874 863 ac
898 801 1054 862 unitatem
1076 800 1190 884 populi
1210 799 1271 860 oh-

161 889 299 952 tendere
329 886 545 954 studucrunt;
583 893 614 946 et
642 885 760 944 latebat
795 885 854 945 sub
886 884 983 946 melle
1012 905 1186 947 venenum.
1227 881 1273 942 Et

164 971 359 1053 completum
373 978 420 1028 cst
440 969 474 1026 in
492 968 576 1043 illis,
597 966 842 1046 completurque
856 967 889 1026 in
908 966 975 1030 istis
992 965 1178 1028 Psalmistae
1196 964 1271 1026 dic·

165 1063 251 1115 turn:
275 1052 338 1130 Qui
358 1050 529 1133 quuitntm·
545 1071 654 1132 pacem
677 1070 745 1108 cum
773 1052 925 1131 promimo
949 1071 1029 1124 sito,
1061 1049 1145 1108 mala
1165 1059 1271 1106 autem

163 1137 197 1198 in
218 1133 366 1197 cordibus
390 1152 515 1190 eorum:
537 1140 568 1190 et
595 1131 720 1211 reliqua
743 1153 825 1210 quae
842 1143 1032 1212 sequuntur.
1073 1132 1116 1190 Et
1134 1149 1273 1211 recepe-

163 1227 242 1280 runt
262 1215 311 1274 illi
335 1214 368 1272 in
384 1215 494 1274 seculo
513 1213 571 1276 isto
586 1235 668 1293 quae
688 1223 760 1272 nota
780 1221 875 1290 sunt,
899 1223 931 1274 et
947 1222 1144 1294 receperunt
1165 1212 1197 1271 in
1222 1231 1274 1272 se·

164 1301 240 1362 culo
259 1299 359 1356 altero
378 1318 459 1377 quae
478 1296 511 1354 in
533 1296 656 1358 iudicio
681 1296 811 1376 plenius
836 1305 1080 1378 cognoscentnr.
1122 1297 1274 1372 Quorum

161 1383 221 1446 isti
236 1381 399 1440 intuentes
420 1378 554 1454 exitum,
562 1378 675 1440 timere
699 1377 877 1440 debuerant
892 1379 1068 1442 actionem:
1091 1387 1123 1438 et
1136 1376 1272 1453 facient,

161 1465 189 1529 si
210 1464 285 1524 illos
306 1461 487 1542 respexerit
499 1461 676 1536 Dominus,
699 1460 756 1540 qui
772 1462 906 1542 respicit
928 1461 1086 1536 humiles,
1111 1468 1143 1521 et
1168 1467 1274 1520 custo·

164 1547 213 1610 dit
230 1543 390 1628 parvulos.
431 1544 474 1603 Et
501 1543 546 1606 sie
575 1543 742 1628 pestilente
761 1539 949 1624 flagellato,
971 1553 1009 1608 ut
1026 1543 1181 1625 scripturn
1201 1549 1272 1618 est,

164 1627 339 1724 sapientior
361 1626 602 1709 eritparuulus;
624 1635 656 1686 et
672 1624 819 1705 sapient,
842 1627 918 1707 qnia
941 1647 1006 1688 non
1037 1624 1176 1708 repellet
1201 1625 1273 1683 Do·

163 1731 273 1772 minus
301 1707 431 1790 plebem
462 1729 569 1784 snam,
592 1729 652 1770 nec
679 1707 889 1768 obliviscetur
911 1709 944 1767 in
970 1709 1088 1784 finem,
1117 1703 1273 1788 quoniam

162 1805 296 1878 propter
318 1791 477 1849 miseriam
498 1793 626 1873 inopum
648 1803 678 1849 et
698 1791 845 1868 gemitum
862 1812 1037 1876 pauperum
1057 1810 1138 1850 nnnc
1170 1807 1265 1850 exur-

161 1896 232 1956 gam
245 1918 258 1946 ,
283 1870 362 1932 dicit
381 1871 547 1933 Dominus.
589 1872 721 1951 Alioqui
738 1871 822 1932 sicut
842 1883 922 1932 tunc
950 1872 1032 1932 dixit
1055 1872 1143 1948 illis,
1171 1871 1215 1930 ita
1233 1876 1274 1946 ¹et

162 1977 252 2018 nune
272 1953 351 2016 dicit
368 1954 526 2016 Dominus
546 1954 629 2014 istis:
662 1955 776 2028 Tacui,
810 1953 964 2034 numquid
992 1975 1116 2037 semper
1141 1952 1273 2013 tacebo?

163 2039 254 2123 quasi
264 2037 445 2120 parturiens
470 2038 618 2097 elamabo.
640 2037 791 2096 Nondum
804 2037 895 2098 venit
910 2035 989 2096 hora
1008 2057 1089 2112 mea,
1111 2035 1168 2096 sed
1182 2053 1273 2094 nuuc

164 2130 212 2184 est
230 2119 310 2178 hora
334 2127 454 2194 vestra,
477 2129 660 2201 etpotestas
683 2117 900 2180 tenebrarum.
947 2120 990 2180 Et
1010 2117 1142 2199 quidem
1159 2117 1193 2176 in
1209 2115 1273 2176 hac

163 2204 217 2266 die
238 2211 293 2260 tua
315 2221 397 2280 quoe
414 2202 454 2261 ad
471 2223 582 2283 pacem
602 2199 678 2262 tihi!
702 2222 790 2261 nunc
804 2212 912 2263 antem
927 2200 1112 2262 abscondita
1128 2209 1204 2260 sunt
1230 2198 1273 2258 ab

165 2284 270 2346 oculis
295 2284 377 2359 tuis,
400 2284 477 2364 quia
493 2283 628 2344 venient
646 2283 715 2344 dies
733 2284 824 2350 inte.
864 2285 952 2366 Roga
972 2282 1043 2356 tihi,
1065 2301 1273 2362 quaesumus,

163 2368 197 2428 in
217 2365 274 2426 tali
299 2365 372 2425 loco
388 2366 444 2425 uhi
461 2366 544 2426 hene
564 2365 665 2446 possis
686 2365 856 2428 intendere
870 2366 1045 2428 homeliam
1068 2365 1168 2425 sancti
1193 2365 1274 2424 Gre-

163 2448 245 2533 gorii
267 2447 373 2529 legere
398 2448 431 2508 in
452 2447 594 2508 lectione
612 2448 798 2530 Evangelii:
830 2447 952 2509 Videas
978 2453 1065 2508 Iesus
1088 2448 1270 2516 ciuitatem,

160 2531 250 2614 fleuit
265 2551 360 2614 super
378 2530 475 2593 illam.
516 2531 692 2590 Precamur
711 2553 784 2608 vos,
804 2532 960 2607 Domine,
983 2538 1020 2589 ut
1038 2538 1070 2589 et
1087 2529 1173 2589 diem
1195 2536 1272 2587 ente

164 2614 282 2676 mentis
304 2614 413 2673 oculos
430 2611 574 2672 habeatis
594 2613 725 2694 quando
738 2635 812 2674 cum
832 2613 981 2674 omnihus
1000 2610 1184 2672 hominihus
1203 2608 1274 2668 ani·

163 2721 215 2762 mu
230 2705 334 2757 vestra
354 2694 521 2776 proprium
541 2715 657 2778 corpus
670 2695 817 2778 recipiet,
837 2706 870 2758 et
886 2694 1025 2758 venietis
1058 2704 1133 2754 ante
1155 2691 1273 2752 faciem

164 2777 288 2840 aeterni
299 2776 417 2838 Iudicis
432 2777 466 2836 in
481 2787 656 2856 conspectu
670 2779 815 2838 omnium
833 2777 1023 2861 angelorum
1039 2787 1071 2838 et
1085 2775 1193 2836 homin
1200 2796 1272 2834 um:

165 2862 198 2922 in
219 2881 283 2942 qua
302 2858 375 2936 dic,
397 2859 480 2920 sicut
510 2859 590 2920 dicit
616 2871 744 2922 sanctus
772 2861 910 2939 Paulus,
934 2860 1090 2924 iudicabit
1111 2856 1272 2918 Dominus

165 2963 450 3022 unumquemque,
486 2963 551 3002 non
586 2965 645 3022 per
663 2943 806 3004 alienum
823 2943 1053 3019 testimonium,
1069 2941 1126 3002 sed
1142 2939 1273 3000 occulta

165 3025 424 3105 uniuscuiusque
440 3044 498 3103 per
513 3024 725 3104 cogitationes
741 3034 946 3103 accusantes,
969 3035 1023 3085 aut
1041 3023 1135 3084 etiam
1153 3021 1273 3082 defen-

165 3109 295 3182 dentcS,
317 3106 447 3187 quando
469 3106 606 3186 recipiet
620 3107 846 3189 unnsquisque
867 3107 997 3189 propria
1013 3104 1156 3185 corporis
1174 3112 1274 3184 prout

166 3189 278 3272 gessit,
299 3188 367 3248 sive
383 3187 522 3262 honum,
542 3189 610 3251 sive
632 3190 761 3254 malurn.
802 3191 845 3250 Et
865 3211 930 3248 non
951 3189 1171 3270 despicientur
1193 3195 1273 3244 tunc

166 3280 275 3332 nostra
292 3270 389 3331 rerba
403 3291 483 3351 quae
500 3270 702 3350 scripsimus,
725 3273 829 3335 abeis
849 3271 907 3352 qui
931 3293 1018 3331 nuno
1043 3271 1099 3330 illa
1130 3278 1274 3330 contem-

168 3362 267 3424 nunt,
290 3352 420 3434 quando
437 3351 505 3412 sine
525 3353 623 3413 dubio
639 3353 793 3433 replicata
809 3361 906 3414 erunt
932 3353 966 3412 in
994 3352 1213 3414 testimonium
1237 3349 1272 3408 in

165 3437 235 3518 ipso
251 3433 417 3494 tremendo
435 3434 577 3510 iudicio,
600 3445 631 3495 et
654 3436 764 3496 nullus
778 3435 909 3498 illorum
928 3444 960 3495 te
984 3445 1061 3496 tunc
1087 3430 1273 3508 adiuvabit,

167 3518 223 3601 qui
247 3539 308 3577 nec
331 3515 469 3596 seipsum
491 3516 644 3578 adiuvare
668 3517 819 3595 sufficiet,
842 3519 972 3600 qnando
1000 3517 1093 3576 ihunt
1116 3515 1173 3596 qui
1197 3513 1275 3574 talia

167 3609 267 3684 agunt
283 3598 392 3680 qualia
408 3599 553 3665 audimus
572 3607 605 3660 et
620 3601 775 3662 sentimus
798 3611 892 3682 atque
912 3601 1073 3675 dolemus,
1095 3597 1122 3659 si
1147 3597 1180 3656 in
1204 3596 1276 3655 tali-

167 3683 228 3744 bus
247 3680 543 3765 perseveraverint,
567 3681 725 3763 inignem
744 3691 929 3755 aeternum,
953 3692 985 3744 et
999 3681 1076 3744 iusti
1093 3679 1151 3762 qni
1174 3677 1274 3738 inius-

169 3774 202 3826 ta
216 3765 410 3849 patiuntur,
432 3762 467 3822 in
488 3763 587 3826 vitam
610 3775 783 3830 aeternam.
1228 3785 1231 3792 ’

174 3895 242 3974 (De
259 3895 299 3956 iis
315 3913 393 3978 quae
412 3891 584 3955 crudeliter
609 3907 639 3953 et
659 3896 773 3978 impie,
795 3916 857 3978 qua
885 3897 1058 3969 transibat,
1070 3889 1219 3978 fiebant,
1241 3878 1287 3953 ut¹

489 3997 526 4036 ea
536 3977 703 4061 prohibeat
723 3990 753 4037 et
770 3983 964 4063 compescat.)

212 4088 254 4160 V.
277 4091 362 4172 Quia
374 4101 464 4154 tanta
479 4101 514 4154 et
528 4091 602 4151 talia
622 4091 818 4164 crudelialet
833 4093 1043 4154 abominanda
1057 4091 1129 4152 fieri
1149 4112 1209 4173 per
1217 4111 1279 4173 pa-

163 4175 381 4257 ,rochiasquas
392 4173 594 4256 pertransitis
603 4175 793 4253 andivimus,
803 4176 999 4257 etquaedam
1009 4175 1171 4249 sentimus,
1181 4193 1280 4254 quae-

170 4258 243 4336 dam
259 4257 382 4330 sentim
389 4257 549 4336 amamus,
564 4265 598 4320 et
610 4255 675 4320 illis
693 4257 751 4340 qui
762 4267 932 4322 senserunt
944 4267 977 4322 et
992 4257 1138 4320 sentiunt
1158 4255 1280 4318 condo·
