2746 4992
198 343 270 416 210
407 358 536 414 scae.
642 309 881 428 classariam
982 363 1038 428 ⁸77·

163 493 166 498 ¹
195 506 302 568 beant.
345 496 442 578 Quod
454 497 550 559 etiam
563 495 714 580 parvulae
733 505 859 558 nostrae
880 489 963 557 filiae
985 497 1089 558 datum
1112 457 1263 577 habemus,

196 595 253 648 ant
267 584 419 664 deinceps
432 579 637 656 dederimus,
658 599 732 640 cum
754 579 843 660 quali
855 579 1026 640 securitate
1045 587 1152 655 tenere
1173 582 1265 660 possit,

194 668 274 732 Etsi
291 670 379 728 Deus
401 683 470 725 eam
489 661 530 723 ad
547 661 720 744 perfectam
741 657 877 722 aetatem
899 661 1011 724 venire
1036 661 1209 740 donaverit,
1236 663 1265 723 in

196 748 392 812 matrissuae
409 745 451 807 sit
467 751 633 828 potestate,
651 754 684 806 et
705 744 723 802 a
745 743 837 804 nullo
854 750 966 804 contra
978 741 1077 824 ipsius
1090 745 1268 808 voluntatem

196 834 249 898 rel
266 833 379 892 marito
393 828 573 903 tribuatur,
596 825 649 886 vel
668 847 792 886 sacrum
806 824 836 886 ei
860 825 1004 887 velamen
1026 825 1207 907 imponatur.

278 917 342 980 ΒΡ.
383 909 540 972 Similiter
551 916 583 968 et
599 907 638 969 de
656 907 780 968 filiabus
803 907 934 985 vestris,
958 915 991 968 et
1004 908 1098 968 etiam
1116 909 1154 970 de
1169 929 1267 990 parvu-

196 1000 226 1059 la
244 997 309 1057 filia
326 1003 449 1071 vestra,
471 992 554 1054 sicut
572 990 606 1050 in
633 990 782 1072 Capitulo
796 998 902 1051 vestro
924 988 1127 1067 continetur,
1148 1001 1177 1051 et
1196 991 1267 1053 filim

167 1089 301 1156 ‚vester
330 1087 457 1160 paratus
481 1081 528 1135 est
552 1093 760 1150 conservare,
792 1081 824 1133 et
852 1070 893 1131 ad
925 1071 990 1132 boc
1017 1073 1267 1152 conservandum„

195 1169 352 1246 quantum
371 1157 535 1219 scierimus
550 1162 582 1215 et
595 1155 810 1236 potuerimus,
839 1153 1035 1215 adiutorium
1049 1155 1268 1237 praestabimus.

279 1243 357 1306 Vll.
398 1243 446 1301 De
465 1236 653 1299 ordinandis
680 1235 792 1315 sacris,
822 1236 901 1296 etsi
932 1247 1066 1318 nepotes
1095 1237 1203 1314 nostri,
1228 1239 1269 1300 sui

194 1327 292 1410 patris
307 1325 465 1384 imitantes
485 1317 637 1400 vestigia,
659 1329 770 1380 contra
798 1338 856 1378 uos
879 1327 936 1379 aut
960 1320 1097 1399 itinere,
1125 1328 1175 1380 aut
1196 1331 1269 1401 post·

195 1432 291 1490 qnam
307 1407 347 1467 ad
363 1403 551 1487 dispositum
564 1402 672 1462 locum
690 1403 760 1462 Deo
783 1400 865 1463 duce
879 1402 1075 1479 venerimus,
1097 1401 1211 1483 aliquid
1225 1424 1269 1461 no-

91 1531 100 1552 .-
193 1494 242 1552 bis
262 1490 335 1551 mali
352 1498 407 1552 ant
419 1499 520 1567 regno
540 1493 648 1544 nostro
669 1483 846 1544 machinari
864 1473 1050 1561 r’olu'erint,
1074 1485 1223 1566 quomodo
1240 1485 1271 1563 il·¹

195 1575 258 1649 lis,
281 1571 512 1643 Deoiuvante,
533 1566 717 1648 plenissime
741 1566 911 1630 resistatur,
922 1586 929 1602 ··
1025 1602 1032 1612 .
1115 1605 1135 1642 ,·

224 1671 227 1676 .
275 1658 338 1720 ΒΡ,
379 1655 428 1714 De
446 1648 543 1712 scaris
562 1646 764 1724 ordinandis,
788 1654 821 1708 et
846 1647 885 1708 de
906 1648 1091 1727 adiutorio,
1122 1650 1147 1711 si
1171 1649 1268 1731 aliquis

195 1739 234 1800 de
251 1736 421 1818 nepotibus
438 1731 553 1800 ‚vestris
570 1739 623 1788 aut
639 1731 800 1810 intervias
817 1739 872 1789 aut
894 1730 927 1790 in
944 1731 1037 1792 ltalia
1053 1732 1141 1794 vobis
1157 1732 1268 1812 aliquod

195 1820 456 1900 impedimentum
482 1815 595 1890 facere
618 1812 772 1888 voluerit,
805 1811 837 1870 in
865 1823 969 1874 vestra
994 1813 1197 1895 dispositione
1219 1815 1268 1874 erit

194 1905 248 1984 qui
272 1903 304 1960 in
325 1902 383 1960 isto
408 1917 508 1978 regno
527 1903 735 1971 remaneant,
755 1894 807 1956 vel
829 1893 884 1975 qui
911 1904 983 1977 post
1012 1918 1069 1958 vos
1093 1898 1126 1957 in
1149 1906 1268 1960 testeum

194 1983 386 2059 adiutorium
401 1975 542 2062 pergant,

274 2065 368 2130 Vlll.
410 2062 444 2122 Si
461 2067 631 2139 antequam
655 2057 838 2133 redeamus,
868 2058 969 2138 aliqui
998 2059 1138 2121 honores
1159 2058 1267 2121 interim
1301 2093 1303 2100 ι

190 2151 293 2232 aperti
312 2147 450 2219 fuerint,
472 2139 740 2202 considerandum
757 2141 836 2222 quid
855 2133 1122 2223 exinde·agatur,'

274 2233 336 2291 RP:
379 2229 411 2289 Si
433 2236 624 2304 antequam,
648 2222 776 2294 iuvante
798 2223 953 2298 Domino,
975 2223 1198 2298 revertamini,
1219 2222 1267 2281 ati.

192 2316 264 2396 quis
282 2310 549 2391 Archiepiscopus
569 2304 739 2365 defunctus
756 2304 877 2380 suerit,
898 2304 1024 2368 vicinus
1044 2297 1212 2386 Episcopus
1227 2306 1266 2386 ip.

191 2399 256 2459 sius
274 2391 444 2455 dioceseos
459 2409 531 2450 cum
547 2386 669 2447 Comite
696 2387 795 2468 ipsam
822 2387 937 2446 sedem·
956 2389 1165 2470 praevideant
1182 2407 1265 2466 usque

192 2481 268 2540 dum
284 2477 389 2544 obitus
406 2471 502 2555 ipsius
517 2467 759 2550 Arclriepiscopi
788 2466 828 2527 ad
846 2477 984 2530 vestram
1003 2471 1149 2530 notitiam
1169 2471 1266 2551 perve-

192 2563 269 2622 niat.
312 2558 346 2623 Si
377 2555 491 2637 aliquis
510 2552 686 2632 Episcopus
705 2550 833 2610 interim
857 2549 973 2611 obierit
982 2579 998 2628 ,ι
1021 2553 1266 2632 Archicpiscopus

191 2645 251 2725 ipsi
268 2641 335 2704 sedi
350 2639 546 2699 visitatorem
562 2633 739 2705 secuudum
756 2653 859 2692 sacros
873 2627 1021 2694 Canones
1050 2635 1196 2716 deputet,
1215 2630 1265 2712 ,qui

191 2749 255 2802 una
277 2745 350 2785 cum
368 2719 491 2782 Comite
512 2718 610 2796 ipsam
627 2715 822 2790 Ecclesiam,
855 2736 894 2774 ne
917 2717 1111 2798 praedetur,
1133 2715 1266 2776 custodiat
1346 2725 1347 2744 ¹

192 2829 292 2890 usque
314 2807 389 2866 dum
406 2801 506 2882 ipsius
520 2797 672 2881 Episcopi
690 2797 795 2858 obitus
816 2797 854 2856 ad
884 2807 1020 2859 vestram
1051 2799 1190 2860 notitiam
1210 2815 1265 2877 per.

189 2892 307 2950 veniat.
349 2886 382 2946 Si
403 2884 507 2944 Abbas
523 2880 581 2950 vel,
597 2881 763 2942 Abbatissa
784 2878 915 2957 obierit,
939 2881 1116 2961 Episcopus
1137 2881 1167 2940 in
1192 2877 1264 2939 cuins

188 2970 340 3054 parocbia
360 2965 587 3026 monasterium
604 2962 687 3022 illud
704 2972 771 3038 est,
794 2983 858 3021 nna
884 2983 956 3023 cum
979 2964 1103 3023 Comite
1119 2961 1197 3023 illud
1210 2979 1265 3018 mo·

191 3054 363 3114 casterium
385 3046 543 3109 custodiat
575 3065 677 3124 usque
711 3045 787 3104 dum
811 3054 915 3104 vestra
945 3045 1045 3104 iussio
1068 3045 1141 3107 inde
1161 3044 1215 3108 fiat.

272 3134 329 3194 lx.
375 3132 408 3191 Si
430 3132 543 3190 Comes
560 3123 693 3203 obierit,
716 3126 814 3186 cuius·
831 3126 916 3191 filius
936 3127 1104 3188 nobiscum
1121 3127 1176 3204 sit,
1195 3122 1263 3182 fitius

189 3226 298 3277 noster
314 3237 386 3275 eum
407 3210 541 3274 caeteris
555 3208 701 3269 fidelibus
720 3207 835 3268 nostris
855 3208 983 3269 ordinet
1001 3210 1041 3271 de
1070 3211 1120 3270 his
1148 3207 1199 3290 qui
1224 3201 1263 3264 illi

188 3301 261 3382 plus
276 3296 447 3358 familiares
464 3302 496 3353 et
514 3291 761 3373 propinquiores
782 3289 915 3368 fuerint,
933 3292 989 3371 qui
1004 3313 1080 3353 cum
1093 3287 1263 3351 ministeria.

189 3383 273 3440 libus
287 3380 386 3462 ipsius
403 3377 569 3438 comitatus
583 3372 780 3453 etEpiscopo
799 3369 900 3453 ipsius
910 3373 1095 3436 comitatum
1106 3370 1262 3456 praevideat

188 3486 289 3544 usque
307 3464 383 3522 dum
400 3459 491 3532 nobis
506 3457 719 3516 renuntietur.
742 3454 775 3515 Si
790 3463 896 3514 autem
915 3456 1017 3516 filium
1042 3456 1204 3540 parvulum
1215 3451 1260 3509 ha.

187 3545 505 3620 buerit,isde1n,cum
519 3536 781 3618 ministerialibus
794 3537 893 3620 ipsius
907 3539 1073 3602 comitatus
1087 3550 1118 3601 et
1126 3537 1259 3619 Episcopo

188 3629 220 3689 in
242 3629 332 3690 cuius
345 3623 494 3709 parrochia
515 3618 812 3680 consistiteundem
833 3620 1017 3682 comitatum
1028 3614 1259 3705 praevideatdo.

188 3733 248 3774 nec
262 3712 301 3780 ad
313 3718 451 3770 nostram
466 3702 610 3764 notitiam
621 3700 836 3783 perveniat&
846 3721 921 3762 vero
934 3703 1037 3764 lilium
1049 3695 1258 3767 non-habuerit,

187 3795 272 3854 filius
286 3802 393 3862 noster
409 3803 481 3850 cum
495 3784 628 3846 caeteris
639 3783 786 3844 fidelibus
803 3785 918 3846 nostris
938 3786 1067 3847 ordinet
1075 3788 1130 3868 qui
1140 3804 1205 3846 cum
1214 3777 1258 3837 mi·

187 3876 405 3936 nistcrialibus
432 3869 531 3952 ipsius
555 3867 722 3928 comitatus
741 3873 771 3927 et
790 3865 949 3948 Episcopo
972 3867 1076 3950 ipsum
1098 3868 1256 3928 comitatum

187 3958 368 4041 praevideat
382 3955 484 4014 donec
499 3951 596 4012 iussio
611 3958 716 4010 nostra
728 3948 804 4008 inde
815 3947 876 4008 fiat.
894 3951 935 4010 Et
946 3971 1005 4030 pro
1016 3951 1077 4013 hoc
1092 3951 1192 4011 nullus
1200 3945 1256 4003 iras·

130 4036 133 4044 ’
181 4053 292 4116 ωηατ,
315 4040 339 4098 si
361 4036 499 4096 eundem
518 4034 702 4093 comitatum
727 4029 819 4090 alteri
835 4032 887 4091 cui
905 4033 997 4094 nobis
1013 4033 1163 4116 placuerit
1182 4026 1256 4089 dede·

163 4129 170 4156 ²
186 4124 285 4184 rimus
305 4141 400 4201 qnam
418 4117 468 4176 illi
487 4117 629 4196 quicum
643 4113 798 4175 hactenus
814 4114 981 4195 praevidit.
1022 4115 1171 4178 Similiter
1188 4118 1214 4170 et
1225 4105 1253 4164 de

184 4204 326 4264 vassallis
345 4201 459 4261 nostris
482 4199 739 4260 faciendumest.
780 4197 821 4255 Et
849 4197 994 4260 volumus
1021 4209 1114 4280 atque
1132 4203 1253 4276 expresse

67 4317 70 4323 ·
95 4334 97 4338 .
185 4288 330 4347 iubentus
355 4294 390 4342 ut
411 4293 473 4342 tam
494 4279 644 4365 Episcopi
673 4273 768 4360 quam
793 4277 945 4357 Abbates,
973 4290 1004 4342 et
1037 4280 1183 4355 Comites,
1209 4285 1252 4332 seu
