<?xml version="1.0" encoding="UTF-8"?>
<!DOCTYPE html PUBLIC "-//W3C//DTD XHTML 1.0 Transitional//EN"
    "http://www.w3.org/TR/xhtml1/DTD/xhtml1-transitional.dtd">
<html xmlns="http://www.w3.org/1999/xhtml" xml:lang="en" lang="en">
 <head>
  <title>
</title>
<meta http-equiv="Content-Type" content="text/html;charset=utf-8" />
  <meta name='ocr-system' content='tesseract 3.04.00' />
  <meta name='ocr-capabilities' content='ocr_page ocr_carea ocr_par ocr_line ocrx_word'/>
</head>
<body>
  <div class='ocr_page' id='page_1' title='image "./corpusiurisgerm01visigoog_0137.png"; bbox 0 0 2658 4978; ppageno 0'>
   <div class='ocr_carea' id='block_1_1' title="bbox 182 343 1035 422">
    <p class='ocr_par' dir='ltr' id='par_1_1' title="bbox 182 343 1035 422">
     <span class='ocr_line' id='line_1_1' title="bbox 182 343 1035 422; baseline 0.004 -7"><span class='ocrx_word' id='word_1_1' title='bbox 182 343 250 416; x_wconf 81' lang='lat'><strong>126</strong></span> <span class='ocrx_word' id='word_1_2' title='bbox 386 363 418 420; x_wconf 84' lang='lat' dir='ltr'><strong>a.</strong></span> <span class='ocrx_word' id='word_1_3' title='bbox 437 359 520 420; x_wconf 85' lang='lat' dir='ltr'><strong>cua.</strong></span> <span class='ocrx_word' id='word_1_4' title='bbox 624 361 866 420; x_wconf 79' lang='lat' dir='ltr'><strong>cararuman</strong></span> <span class='ocrx_word' id='word_1_5' title='bbox 977 363 1035 422; x_wconf 69' lang='lat' dir='ltr'><strong>sta.</strong></span> 
     </span>
    </p>
   </div>
   <div class='ocr_carea' id='block_1_2' title="bbox 176 499 1273 1816">
    <p class='ocr_par' dir='ltr' id='par_1_2' title="bbox 176 499 1273 1322">
     <span class='ocr_line' id='line_1_2' title="bbox 179 499 1271 585; baseline 0.002 -20"><span class='ocrx_word' id='word_1_6' title='bbox 179 513 235 567; x_wconf 90' lang='lat' dir='ltr'><strong>cut</strong></span> <span class='ocrx_word' id='word_1_7' title='bbox 249 503 336 564; x_wconf 88' lang='lat' dir='ltr'><strong>canis</strong></span> <span class='ocrx_word' id='word_1_8' title='bbox 356 501 412 585; x_wconf 92' lang='lat' dir='ltr'><strong>qui</strong></span> <span class='ocrx_word' id='word_1_9' title='bbox 429 499 636 562; x_wconf 76' lang='lat' dir='ltr'><strong>remanducat</strong></span> <span class='ocrx_word' id='word_1_10' title='bbox 664 504 819 565; x_wconf 79' lang='lat' dir='ltr'><strong>vomitum</strong></span> <span class='ocrx_word' id='word_1_11' title='bbox 840 525 955 576; x_wconf 75' lang='lat' dir='ltr'><strong>suum3</strong></span> <span class='ocrx_word' id='word_1_12' title='bbox 986 514 1016 566; x_wconf 88' lang='lat' dir='ltr'><strong>et</strong></span> <span class='ocrx_word' id='word_1_13' title='bbox 1040 503 1158 566; x_wconf 86' lang='lat' dir='ltr'><strong>timere</strong></span> <span class='ocrx_word' id='word_1_14' title='bbox 1185 501 1271 567; x_wconf 87' lang='lat' dir='ltr'><strong>debet</strong></span> 
     </span>
     <span class='ocr_line' id='line_1_3' title="bbox 180 583 1273 668; baseline 0 -22"><span class='ocrx_word' id='word_1_15' title='bbox 180 607 220 646; x_wconf 90' lang='lat' dir='ltr'><strong>ne</strong></span> <span class='ocrx_word' id='word_1_16' title='bbox 238 587 318 668; x_wconf 89' lang='lat' dir='ltr'><strong>ipsas</strong></span> <span class='ocrx_word' id='word_1_17' title='bbox 334 587 487 666; x_wconf 85' lang='lat' dir='ltr'><strong>lacrymas</strong></span> <span class='ocrx_word' id='word_1_18' title='bbox 512 583 543 642; x_wconf 91' lang='lat' dir='ltr'><strong>in</strong></span> <span class='ocrx_word' id='word_1_19' title='bbox 572 596 744 666; x_wconf 89' lang='lat' dir='ltr'><strong>conspectu</strong></span> <span class='ocrx_word' id='word_1_20' title='bbox 773 588 832 648; x_wconf 91' lang='lat' dir='ltr'><strong>Dei</strong></span> <span class='ocrx_word' id='word_1_21' title='bbox 858 587 970 648; x_wconf 88' lang='lat' dir='ltr'><strong>reddat</strong></span> <span class='ocrx_word' id='word_1_22' title='bbox 1000 587 1200 662; x_wconf 85' lang='lat' dir='ltr'><strong>immundas,</strong></span> <span class='ocrx_word' id='word_1_23' title='bbox 1220 611 1273 668; x_wconf 88' lang='lat' dir='ltr'><strong>per</strong></span> 
     </span>
     <span class='ocr_line' id='line_1_4' title="bbox 178 667 1270 750; baseline 0 -22"><span class='ocrx_word' id='word_1_24' title='bbox 178 691 256 750; x_wconf 89' lang='lat' dir='ltr'><strong>quas</strong></span> <span class='ocrx_word' id='word_1_25' title='bbox 276 668 421 728; x_wconf 76' lang='lat' dir='ltr'><strong>iurandari</strong></span> <span class='ocrx_word' id='word_1_26' title='bbox 443 667 589 747; x_wconf 73' lang='lat' dir='ltr'><strong>potuita</strong></span> <span class='ocrx_word' id='word_1_27' title='bbox 621 669 768 747; x_wconf 87' lang='lat' dir='ltr'><strong>peccatis.</strong></span> <span class='ocrx_word' id='word_1_28' title='bbox 811 671 899 744; x_wconf 89' lang='lat' dir='ltr'><strong>Quae</strong></span> <span class='ocrx_word' id='word_1_29' title='bbox 929 691 993 729; x_wconf 91' lang='lat' dir='ltr'><strong>non</strong></span> <span class='ocrx_word' id='word_1_30' title='bbox 1024 669 1167 730; x_wconf 83' lang='lat' dir='ltr'><strong>dicimus</strong></span> <span class='ocrx_word' id='word_1_31' title='bbox 1188 677 1222 726; x_wconf 89' lang='lat' dir='ltr'><strong>at</strong></span> <span class='ocrx_word' id='word_1_32' title='bbox 1248 669 1270 728; x_wconf 93' lang='lat' dir='ltr'><strong>si</strong></span> 
     </span>
     <span class='ocr_line' id='line_1_5' title="bbox 179 748 1271 832; baseline 0.001 -22"><span class='ocrx_word' id='word_1_33' title='bbox 179 753 294 811; x_wconf 87' lang='lat' dir='ltr'><strong>iterum</strong></span> <span class='ocrx_word' id='word_1_34' title='bbox 310 751 424 832; x_wconf 91' lang='lat' dir='ltr'><strong>aliquis</strong></span> <span class='ocrx_word' id='word_1_35' title='bbox 443 748 595 808; x_wconf 84' lang='lat' dir='ltr'><strong>ceciderit</strong></span> <span class='ocrx_word' id='word_1_36' title='bbox 611 759 681 829; x_wconf 88' lang='lat' dir='ltr'><strong>post</strong></span> <span class='ocrx_word' id='word_1_37' title='bbox 702 751 935 810; x_wconf 87' lang='lat' dir='ltr'><strong>confessionem</strong></span> <span class='ocrx_word' id='word_1_38' title='bbox 965 751 997 812; x_wconf 91' lang='lat' dir='ltr'><strong>in</strong></span> <span class='ocrx_word' id='word_1_39' title='bbox 1024 760 1213 832; x_wconf 88' lang='lat' dir='ltr'><strong>peccatum,</strong></span> <span class='ocrx_word' id='word_1_40' title='bbox 1241 762 1271 811; x_wconf 92' lang='lat' dir='ltr'><strong>at</strong></span> 
     </span>
     <span class='ocr_line' id='line_1_6' title="bbox 178 831 1271 916; baseline -0.004 -23"><span class='ocrx_word' id='word_1_41' title='bbox 178 835 211 894; x_wconf 93' lang='lat' dir='ltr'><strong>in</strong></span> <span class='ocrx_word' id='word_1_42' title='bbox 230 834 366 914; x_wconf 86' lang='lat' dir='ltr'><strong>peccatis</strong></span> <span class='ocrx_word' id='word_1_43' title='bbox 391 831 479 913; x_wconf 88' lang='lat' dir='ltr'><strong>qnasi</strong></span> <span class='ocrx_word' id='word_1_44' title='bbox 496 831 678 912; x_wconf 90' lang='lat' dir='ltr'><strong>desperatus</strong></span> <span class='ocrx_word' id='word_1_45' title='bbox 696 833 813 904; x_wconf 90' lang='lat' dir='ltr'><strong>iaceat,</strong></span> <span class='ocrx_word' id='word_1_46' title='bbox 836 833 891 893; x_wconf 91' lang='lat' dir='ltr'><strong>scd</strong></span> <span class='ocrx_word' id='word_1_47' title='bbox 911 835 988 893; x_wconf 67' lang='lat' dir='ltr'><strong>att</strong></span> <span class='ocrx_word' id='word_1_48' title='bbox 1015 833 1161 916; x_wconf 88' lang='lat' dir='ltr'><strong>peccatis</strong></span> <span class='ocrx_word' id='word_1_49' title='bbox 1181 854 1271 912; x_wconf 90' lang='lat' dir='ltr'><strong>qaan-</strong></span> 
     </span>
     <span class='ocr_line' id='line_1_7' title="bbox 178 914 1270 996; baseline -0.004 -20"><span class='ocrx_word' id='word_1_50' title='bbox 178 927 246 976; x_wconf 90' lang='lat' dir='ltr'><strong>tum</strong></span> <span class='ocrx_word' id='word_1_51' title='bbox 265 926 365 996; x_wconf 89' lang='lat' dir='ltr'><strong>potest</strong></span> <span class='ocrx_word' id='word_1_52' title='bbox 384 936 415 975; x_wconf 89' lang='lat' dir='ltr'><strong>se</strong></span> <span class='ocrx_word' id='word_1_53' title='bbox 433 921 553 972; x_wconf 78' lang='lat' dir='ltr'>caveat.</span> <span class='ocrx_word' id='word_1_54' title='bbox 595 915 636 972; x_wconf 89' lang='lat' dir='ltr'><strong>Et</strong></span> <span class='ocrx_word' id='word_1_55' title='bbox 657 914 682 973; x_wconf 90' lang='lat' dir='ltr'><strong>si</strong></span> <span class='ocrx_word' id='word_1_56' title='bbox 705 915 875 996; x_wconf 81' lang='lat' dir='ltr'><strong>fragilitate</strong></span> <span class='ocrx_word' id='word_1_57' title='bbox 902 915 1069 991; x_wconf 88' lang='lat' dir='ltr'><strong>ceciderit,</strong></span> <span class='ocrx_word' id='word_1_58' title='bbox 1091 914 1170 995; x_wconf 90' lang='lat' dir='ltr'><strong>quia</strong></span> <span class='ocrx_word' id='word_1_59' title='bbox 1184 915 1270 996; x_wconf 89' lang='lat' dir='ltr'><strong>scrip-</strong></span> 
     </span>
     <span class='ocr_line' id='line_1_8' title="bbox 179 993 1268 1077; baseline -0.004 -19"><span class='ocrx_word' id='word_1_60' title='bbox 179 1009 246 1058; x_wconf 91' lang='lat' dir='ltr'><strong>tum</strong></span> <span class='ocrx_word' id='word_1_61' title='bbox 263 1008 326 1072; x_wconf 88' lang='lat' dir='ltr'><strong>est,</strong></span> <span class='ocrx_word' id='word_1_62' title='bbox 351 993 513 1076; x_wconf 80' lang='lat' dir='ltr'><strong>Numquid</strong></span> <span class='ocrx_word' id='word_1_63' title='bbox 525 997 580 1074; x_wconf 86' lang='lat' dir='ltr'><strong>qui</strong></span> <span class='ocrx_word' id='word_1_64' title='bbox 591 996 676 1054; x_wconf 83' lang='lat' dir='ltr'><strong>cadit</strong></span> <span class='ocrx_word' id='word_1_65' title='bbox 692 1019 753 1056; x_wconf 85' lang='lat' dir='ltr'><strong>non</strong></span> <span class='ocrx_word' id='word_1_66' title='bbox 767 997 897 1056; x_wconf 82' lang='lat' dir='ltr'><strong>adiiciet</strong></span> <span class='ocrx_word' id='word_1_67' title='bbox 923 1010 957 1056; x_wconf 89' lang='lat' dir='ltr'><strong>ut</strong></span> <span class='ocrx_word' id='word_1_68' title='bbox 985 998 1153 1077; x_wconf 81' lang='lat' dir='ltr'><strong>resurgat?</strong></span> <span class='ocrx_word' id='word_1_69' title='bbox 1175 995 1268 1066; x_wconf 90' lang='lat' dir='ltr'><strong>dicat,</strong></span> 
     </span>
     <span class='ocr_line' id='line_1_9' title="bbox 177 1077 1270 1160; baseline -0.005 -18"><span class='ocrx_word' id='word_1_70' title='bbox 177 1083 267 1142; x_wconf 85' lang='lat' dir='ltr'><strong>Nunc</strong></span> <span class='ocrx_word' id='word_1_71' title='bbox 287 1082 394 1158; x_wconf 84' lang='lat' dir='ltr'><strong>coepi,</strong></span> <span class='ocrx_word' id='word_1_72' title='bbox 419 1088 450 1137; x_wconf 90' lang='lat' dir='ltr'><strong>et</strong></span> <span class='ocrx_word' id='word_1_73' title='bbox 468 1098 526 1156; x_wconf 89' lang='lat' dir='ltr'><strong>per</strong></span> <span class='ocrx_word' id='word_1_74' title='bbox 545 1077 797 1139; x_wconf 74' lang='lat' dir='ltr'><strong>immutationem</strong></span> <span class='ocrx_word' id='word_1_75' title='bbox 822 1079 974 1139; x_wconf 76' lang='lat' dir='ltr'>dexterae</span> <span class='ocrx_word' id='word_1_76' title='bbox 1000 1079 1137 1140; x_wconf 80' lang='lat' dir='ltr'><strong>Excelsi</strong></span> <span class='ocrx_word' id='word_1_77' title='bbox 1156 1099 1270 1160; x_wconf 85' lang='lat' dir='ltr'><strong>semper</strong></span> 
     </span>
     <span class='ocr_line' id='line_1_10' title="bbox 176 1155 1268 1246; baseline -0.002 -24"><span class='ocrx_word' id='word_1_78' title='bbox 176 1185 235 1246; x_wconf 90' lang='lat' dir='ltr'><strong>per</strong></span> <span class='ocrx_word' id='word_1_79' title='bbox 253 1160 483 1242; x_wconf 87' lang='lat' dir='ltr'><strong>poenitentiam</strong></span> <span class='ocrx_word' id='word_1_80' title='bbox 498 1169 659 1240; x_wconf 79' lang='lat' dir='ltr'><strong>resurgat,</strong></span> <span class='ocrx_word' id='word_1_81' title='bbox 682 1182 721 1220; x_wconf 91' lang='lat' dir='ltr'><strong>ne</strong></span> <span class='ocrx_word' id='word_1_82' title='bbox 738 1161 831 1220; x_wconf 90' lang='lat' dir='ltr'><strong>illum</strong></span> <span class='ocrx_word' id='word_1_83' title='bbox 846 1161 976 1222; x_wconf 91' lang='lat' dir='ltr'><strong>ultimus</strong></span> <span class='ocrx_word' id='word_1_84' title='bbox 992 1161 1063 1222; x_wconf 88' lang='lat' dir='ltr'><strong>dies</strong></span> <span class='ocrx_word' id='word_1_85' title='bbox 1080 1160 1116 1220; x_wconf 88' lang='lat' dir='ltr'><strong>in</strong></span> <span class='ocrx_word' id='word_1_86' title='bbox 1141 1155 1268 1243; x_wconf 86' lang='lat' dir='ltr'><strong>peccatis</strong></span> 
     </span>
     <span class='ocr_line' id='line_1_11' title="bbox 178 1241 807 1322; baseline -0.003 -17"><span class='ocrx_word' id='word_1_87' title='bbox 178 1245 343 1320; x_wconf 86' lang='lat' dir='ltr'><strong>inveniat,</strong></span> <span class='ocrx_word' id='word_1_88' title='bbox 368 1253 400 1301; x_wconf 91' lang='lat' dir='ltr'><strong>et</strong></span> <span class='ocrx_word' id='word_1_89' title='bbox 414 1243 482 1301; x_wconf 91' lang='lat' dir='ltr'><strong>sine</strong></span> <span class='ocrx_word' id='word_1_90' title='bbox 503 1241 566 1300; x_wconf 84' lang='lat' dir='ltr'><strong>fine</strong></span> <span class='ocrx_word' id='word_1_91' title='bbox 585 1244 729 1322; x_wconf 88' lang='lat' dir='ltr'><strong>perditus</strong></span> <span class='ocrx_word' id='word_1_92' title='bbox 745 1243 807 1303; x_wconf 86' lang='lat' dir='ltr'><strong>liat.</strong></span> 
     </span>
    </p>

    <p class='ocr_par' dir='ltr' id='par_1_3' title="bbox 178 1323 1267 1816">
     <span class='ocr_line' id='line_1_12' title="bbox 260 1323 1267 1408; baseline -0.002 -24"><span class='ocrx_word' id='word_1_93' title='bbox 260 1327 300 1387; x_wconf 91' lang='lat' dir='ltr'><strong>ll.</strong></span> <span class='ocrx_word' id='word_1_94' title='bbox 343 1325 434 1384; x_wconf 88' lang='lat' dir='ltr'><strong>Unde</strong></span> <span class='ocrx_word' id='word_1_95' title='bbox 456 1323 531 1405; x_wconf 89' lang='lat' dir='ltr'><strong>quia</strong></span> <span class='ocrx_word' id='word_1_96' title='bbox 555 1325 660 1383; x_wconf 88' lang='lat' dir='ltr'><strong>solent</strong></span> <span class='ocrx_word' id='word_1_97' title='bbox 681 1326 815 1402; x_wconf 90' lang='lat' dir='ltr'><strong>medici,</strong></span> <span class='ocrx_word' id='word_1_98' title='bbox 847 1325 977 1406; x_wconf 86' lang='lat' dir='ltr'><strong>quando</strong></span> <span class='ocrx_word' id='word_1_99' title='bbox 1002 1324 1165 1408; x_wconf 83' lang='lat' dir='ltr'><strong>generalis</strong></span> <span class='ocrx_word' id='word_1_100' title='bbox 1192 1323 1267 1382; x_wconf 86' lang='lat' dir='ltr'><strong>infir-</strong></span> 
     </span>
     <span class='ocr_line' id='line_1_13' title="bbox 178 1406 1267 1490; baseline -0.006 -20"><span class='ocrx_word' id='word_1_101' title='bbox 178 1410 269 1470; x_wconf 91' lang='lat' dir='ltr'><strong>mitas</strong></span> <span class='ocrx_word' id='word_1_102' title='bbox 294 1408 344 1468; x_wconf 87' lang='lat' dir='ltr'><strong>vel</strong></span> <span class='ocrx_word' id='word_1_103' title='bbox 371 1407 498 1466; x_wconf 88' lang='lat' dir='ltr'><strong>morbus</strong></span> <span class='ocrx_word' id='word_1_104' title='bbox 529 1406 559 1463; x_wconf 92' lang='lat' dir='ltr'><strong>in</strong></span> <span class='ocrx_word' id='word_1_105' title='bbox 584 1415 701 1466; x_wconf 88' lang='lat' dir='ltr'><strong>terram</strong></span> <span class='ocrx_word' id='word_1_106' title='bbox 732 1408 840 1482; x_wconf 84' lang='lat' dir='ltr'><strong>venit,</strong></span> <span class='ocrx_word' id='word_1_107' title='bbox 872 1409 1056 1490; x_wconf 77' lang='lat' dir='ltr'><strong>generalem</strong></span> <span class='ocrx_word' id='word_1_108' title='bbox 1086 1407 1267 1467; x_wconf 84' lang='lat' dir='ltr'><strong>medicinam</strong></span> 
     </span>
     <span class='ocr_line' id='line_1_14' title="bbox 179 1489 1267 1568; baseline -0.006 -14"><span class='ocrx_word' id='word_1_109' title='bbox 179 1492 357 1566; x_wconf 82' lang='lat' dir='ltr'><strong>conficere,</strong></span> <span class='ocrx_word' id='word_1_110' title='bbox 381 1489 466 1547; x_wconf 92' lang='lat' dir='ltr'><strong>unde</strong></span> <span class='ocrx_word' id='word_1_111' title='bbox 491 1510 600 1548; x_wconf 90' lang='lat' dir='ltr'><strong>omncs</strong></span> <span class='ocrx_word' id='word_1_112' title='bbox 621 1489 742 1568; x_wconf 86' lang='lat' dir='ltr'><strong>possint</strong></span> <span class='ocrx_word' id='word_1_113' title='bbox 760 1490 881 1566; x_wconf 88' lang='lat' dir='ltr'><strong>sanari,</strong></span> <span class='ocrx_word' id='word_1_114' title='bbox 918 1490 959 1549; x_wconf 90' lang='lat' dir='ltr'><strong>ita</strong></span> <span class='ocrx_word' id='word_1_115' title='bbox 987 1512 1078 1550; x_wconf 91' lang='lat' dir='ltr'><strong>nnnc</strong></span> <span class='ocrx_word' id='word_1_116' title='bbox 1103 1489 1267 1550; x_wconf 90' lang='lat' dir='ltr'><strong>commuui-</strong></span> 
     </span>
     <span class='ocr_line' id='line_1_15' title="bbox 178 1570 1266 1651; baseline -0.006 -16"><span class='ocrx_word' id='word_1_117' title='bbox 178 1575 325 1635; x_wconf 81' lang='lat' dir='ltr'><strong>terliano</strong></span> <span class='ocrx_word' id='word_1_118' title='bbox 343 1571 552 1644; x_wconf 85' lang='lat' dir='ltr'><strong>medicinam,</strong></span> <span class='ocrx_word' id='word_1_119' title='bbox 574 1582 763 1651; x_wconf 84' lang='lat' dir='ltr'><strong>cooperante</strong></span> <span class='ocrx_word' id='word_1_120' title='bbox 786 1583 818 1631; x_wconf 91' lang='lat' dir='ltr'><strong>et</strong></span> <span class='ocrx_word' id='word_1_121' title='bbox 839 1573 997 1633; x_wconf 88' lang='lat' dir='ltr'><strong>mediante</strong></span> <span class='ocrx_word' id='word_1_122' title='bbox 1007 1573 1152 1634; x_wconf 90' lang='lat' dir='ltr'><strong>Domino</strong></span> <span class='ocrx_word' id='word_1_123' title='bbox 1172 1570 1266 1632; x_wconf 88' lang='lat' dir='ltr'><strong>statui·</strong></span> 
     </span>
     <span class='ocr_line' id='line_1_16' title="bbox 178 1654 1265 1732; baseline -0.006 -15"><span class='ocrx_word' id='word_1_124' title='bbox 178 1678 248 1717; x_wconf 89' lang='lat' dir='ltr'><strong>mus</strong></span> <span class='ocrx_word' id='word_1_125' title='bbox 267 1655 306 1714; x_wconf 90' lang='lat' dir='ltr'><strong>ad</strong></span> <span class='ocrx_word' id='word_1_126' title='bbox 324 1654 573 1732; x_wconf 85' lang='lat' dir='ltr'><strong>recuperandam</strong></span> <span class='ocrx_word' id='word_1_127' title='bbox 596 1661 627 1711; x_wconf 91' lang='lat' dir='ltr'><strong>et</strong></span> <span class='ocrx_word' id='word_1_128' title='bbox 642 1655 891 1713; x_wconf 90' lang='lat' dir='ltr'><strong>conservandam</strong></span> <span class='ocrx_word' id='word_1_129' title='bbox 918 1656 1090 1716; x_wconf 89' lang='lat' dir='ltr'><strong>sanitatem</strong></span> <span class='ocrx_word' id='word_1_130' title='bbox 1115 1664 1265 1728; x_wconf 87' lang='lat' dir='ltr'><strong>nostram,</strong></span> 
     </span>
     <span class='ocr_line' id='line_1_17' title="bbox 179 1735 1263 1816; baseline -0.005 -19"><span class='ocrx_word' id='word_1_131' title='bbox 179 1760 220 1797; x_wconf 91' lang='lat' dir='ltr'><strong>ne</strong></span> <span class='ocrx_word' id='word_1_132' title='bbox 239 1746 269 1796; x_wconf 91' lang='lat' dir='ltr'><strong>ct</strong></span> <span class='ocrx_word' id='word_1_133' title='bbox 295 1737 326 1794; x_wconf 91' lang='lat' dir='ltr'><strong>in</strong></span> <span class='ocrx_word' id='word_1_134' title='bbox 347 1737 406 1794; x_wconf 86' lang='lat' dir='ltr'><strong>isto</strong></span> <span class='ocrx_word' id='word_1_135' title='bbox 422 1735 530 1793; x_wconf 88' lang='lat' dir='ltr'><strong>seculo</strong></span> <span class='ocrx_word' id='word_1_136' title='bbox 546 1735 671 1815; x_wconf 84' lang='lat' dir='ltr'><strong>gravius</strong></span> <span class='ocrx_word' id='word_1_137' title='bbox 691 1735 886 1816; x_wconf 80' lang='lat' dir='ltr'><strong>al&#39;lligamnr,</strong></span> <span class='ocrx_word' id='word_1_138' title='bbox 909 1747 940 1796; x_wconf 89' lang='lat' dir='ltr'><strong>et</strong></span> <span class='ocrx_word' id='word_1_139' title='bbox 959 1738 990 1796; x_wconf 94' lang='lat' dir='ltr'><strong>in</strong></span> <span class='ocrx_word' id='word_1_140' title='bbox 1012 1739 1127 1798; x_wconf 86' lang='lat' dir='ltr'><strong>futuro</strong></span> <span class='ocrx_word' id='word_1_141' title='bbox 1145 1735 1263 1808; x_wconf 90' lang='lat' dir='ltr'><strong>seculo,</strong></span> 
     </span>
    </p>
   </div>
   <div class='ocr_carea' id='block_1_3' title="bbox 179 1817 1314 1901">
    <p class='ocr_par' dir='ltr' id='par_1_4' title="bbox 179 1817 1314 1901">
     <span class='ocr_line' id='line_1_18' title="bbox 179 1817 1314 1901; baseline -0.001 -24"><span class='ocrx_word' id='word_1_142' title='bbox 179 1819 307 1901; x_wconf 90' lang='lat' dir='ltr'><strong>quando</strong></span> <span class='ocrx_word' id='word_1_143' title='bbox 322 1818 360 1877; x_wconf 91' lang='lat' dir='ltr'><strong>de</strong></span> <span class='ocrx_word' id='word_1_144' title='bbox 375 1818 434 1876; x_wconf 83' lang='lat' dir='ltr'><strong>isto</strong></span> <span class='ocrx_word' id='word_1_145' title='bbox 453 1838 585 1896; x_wconf 90' lang='lat' dir='ltr'><strong>corpore</strong></span> <span class='ocrx_word' id='word_1_146' title='bbox 608 1817 796 1892; x_wconf 80' lang='lat' dir='ltr'><strong>exierimus,</strong></span> <span class='ocrx_word' id='word_1_147' title='bbox 819 1820 955 1879; x_wconf 90' lang='lat' dir='ltr'><strong>aeternis</strong></span> <span class='ocrx_word' id='word_1_148' title='bbox 970 1820 1141 1880; x_wconf 86' lang='lat' dir='ltr'><strong>tormentis</strong></span> <span class='ocrx_word' id='word_1_149' title='bbox 1158 1817 1264 1878; x_wconf 89' lang='lat' dir='ltr'><strong>crucie-</strong></span> <span class='ocrx_word' id='word_1_150' title='bbox 1313 1817 1314 1882; x_wconf 66' lang='lat' dir='ltr'><strong>l</strong></span> 
     </span>
    </p>
   </div>
   <div class='ocr_carea' id='block_1_4' title="bbox 101 1899 1264 3617">
    <p class='ocr_par' dir='ltr' id='par_1_5' title="bbox 101 1899 1264 3617">
     <span class='ocr_line' id='line_1_19' title="bbox 179 1899 1264 1983; baseline -0.006 -22"><span class='ocrx_word' id='word_1_151' title='bbox 179 1923 260 1964; x_wconf 88' lang='lat' dir='ltr'><strong>mur.</strong></span> <span class='ocrx_word' id='word_1_152' title='bbox 304 1900 339 1958; x_wconf 93' lang='lat' dir='ltr'><strong>ld</strong></span> <span class='ocrx_word' id='word_1_153' title='bbox 361 1909 425 1973; x_wconf 88' lang='lat' dir='ltr'><strong>est,</strong></span> <span class='ocrx_word' id='word_1_154' title='bbox 450 1909 483 1957; x_wconf 92' lang='lat' dir='ltr'><strong>ut</strong></span> <span class='ocrx_word' id='word_1_155' title='bbox 500 1900 720 1979; x_wconf 89' lang='lat' dir='ltr'><strong>unusquisque</strong></span> <span class='ocrx_word' id='word_1_156' title='bbox 736 1900 961 1980; x_wconf 71' lang='lat' dir='ltr'><strong>Episcopus‘in</strong></span> <span class='ocrx_word' id='word_1_157' title='bbox 983 1924 1038 1962; x_wconf 92' lang='lat' dir='ltr'><strong>sua</strong></span> <span class='ocrx_word' id='word_1_158' title='bbox 1058 1899 1222 1983; x_wconf 88' lang='lat' dir='ltr'><strong>parochia,</strong></span> <span class='ocrx_word' id='word_1_159' title='bbox 1237 1905 1264 1956; x_wconf 89' lang='lat' dir='ltr'><strong>et</strong></span> 
     </span>
     <span class='ocr_line' id='line_1_20' title="bbox 179 1979 1262 2054; baseline -0.008 -9"><span class='ocrx_word' id='word_1_160' title='bbox 179 1982 267 2045; x_wconf 86' lang='lat' dir='ltr'><strong>Missi</strong></span> <span class='ocrx_word' id='word_1_161' title='bbox 290 1982 321 2040; x_wconf 91' lang='lat' dir='ltr'><strong>in</strong></span> <span class='ocrx_word' id='word_1_162' title='bbox 340 1982 469 2039; x_wconf 90' lang='lat' dir='ltr'><strong>illoram</strong></span> <span class='ocrx_word' id='word_1_163' title='bbox 482 1981 667 2054; x_wconf 84' lang='lat' dir='ltr'><strong>missaticis,</strong></span> <span class='ocrx_word' id='word_1_164' title='bbox 691 1991 722 2040; x_wconf 87' lang='lat' dir='ltr'><strong>et</strong></span> <span class='ocrx_word' id='word_1_165' title='bbox 739 1983 877 2042; x_wconf 89' lang='lat' dir='ltr'><strong>Comites</strong></span> <span class='ocrx_word' id='word_1_166' title='bbox 896 1983 929 2040; x_wconf 92' lang='lat' dir='ltr'><strong>in</strong></span> <span class='ocrx_word' id='word_1_167' title='bbox 957 1984 1090 2044; x_wconf 89' lang='lat' dir='ltr'><strong>illorum</strong></span> <span class='ocrx_word' id='word_1_168' title='bbox 1116 1979 1262 2043; x_wconf 87' lang='lat' dir='ltr'><strong>comitati-</strong></span> 
     </span>
     <span class='ocr_line' id='line_1_21' title="bbox 178 2063 1261 2145; baseline -0.007 -19"><span class='ocrx_word' id='word_1_169' title='bbox 178 2067 254 2140; x_wconf 86' lang='lat' dir='ltr'><strong>bus,</strong></span> <span class='ocrx_word' id='word_1_170' title='bbox 277 2086 349 2122; x_wconf 91' lang='lat' dir='ltr'><strong>cum</strong></span> <span class='ocrx_word' id='word_1_171' title='bbox 370 2065 505 2122; x_wconf 81' lang='lat' dir='ltr'><strong>maximo</strong></span> <span class='ocrx_word' id='word_1_172' title='bbox 522 2063 815 2122; x_wconf 86' lang='lat' dir='ltr'><strong>studio-etsumma</strong></span> <span class='ocrx_word' id='word_1_173' title='bbox 843 2065 1011 2145; x_wconf 78' lang='lat' dir='ltr'><strong>diligentia</strong></span> <span class='ocrx_word' id='word_1_174' title='bbox 1038 2087 1152 2127; x_wconf 86' lang='lat' dir='ltr'><strong>curam</strong></span> <span class='ocrx_word' id='word_1_175' title='bbox 1176 2063 1261 2124; x_wconf 81' lang='lat' dir='ltr'><strong>lrabe-</strong></span> 
     </span>
     <span class='ocr_line' id='line_1_22' title="bbox 101 2144 1260 2227; baseline -0.006 -20"><span class='ocrx_word' id='word_1_176' title='bbox 101 2179 107 2194; x_wconf 42' lang='grc' dir='ltr'>κ</span> <span class='ocrx_word' id='word_1_177' title='bbox 180 2156 282 2208; x_wconf 90' lang='lat' dir='ltr'><strong>antut</strong></span> <span class='ocrx_word' id='word_1_178' title='bbox 300 2145 485 2226; x_wconf 87' lang='lat' dir='ltr'><strong>quicunque</strong></span> <span class='ocrx_word' id='word_1_179' title='bbox 501 2154 642 2226; x_wconf 86' lang='lat' dir='ltr'><strong>raptores</strong></span> <span class='ocrx_word' id='word_1_180' title='bbox 659 2155 690 2205; x_wconf 91' lang='lat' dir='ltr'><strong>et</strong></span> <span class='ocrx_word' id='word_1_181' title='bbox 719 2146 961 2227; x_wconf 85' lang='lat' dir='ltr'><strong>depraedatores</strong></span> <span class='ocrx_word' id='word_1_182' title='bbox 982 2149 1025 2208; x_wconf 91' lang='lat' dir='ltr'><strong>ibi</strong></span> <span class='ocrx_word' id='word_1_183' title='bbox 1049 2159 1144 2224; x_wconf 91' lang='lat' dir='ltr'><strong>sant,</strong></span> <span class='ocrx_word' id='word_1_184' title='bbox 1166 2144 1260 2206; x_wconf 89' lang='lat' dir='ltr'><strong>cuius-</strong></span> 
     </span>
     <span class='ocr_line' id='line_1_23' title="bbox 181 2227 1260 2310; baseline -0.006 -20"><span class='ocrx_word' id='word_1_185' title='bbox 181 2251 308 2310; x_wconf 89' lang='lat' dir='ltr'><strong>cunque</strong></span> <span class='ocrx_word' id='word_1_186' title='bbox 326 2228 468 2287; x_wconf 82' lang='lat' dir='ltr'><strong>linmincs</strong></span> <span class='ocrx_word' id='word_1_187' title='bbox 484 2227 565 2301; x_wconf 89' lang='lat' dir='ltr'><strong>sint,</strong></span> <span class='ocrx_word' id='word_1_188' title='bbox 588 2227 628 2285; x_wconf 92' lang='lat' dir='ltr'><strong>ad</strong></span> <span class='ocrx_word' id='word_1_189' title='bbox 646 2228 801 2287; x_wconf 89' lang='lat' dir='ltr'><strong>rationem</strong></span> <span class='ocrx_word' id='word_1_190' title='bbox 819 2229 1028 2308; x_wconf 87' lang='lat' dir='ltr'><strong>deducantur,</strong></span> <span class='ocrx_word' id='word_1_191' title='bbox 1044 2241 1081 2292; x_wconf 89' lang='lat' dir='ltr'><strong>ut</strong></span> <span class='ocrx_word' id='word_1_192' title='bbox 1098 2227 1260 2290; x_wconf 84' lang='lat' dir='ltr'><strong>seeundum</strong></span> 
     </span>
     <span class='ocr_line' id='line_1_24' title="bbox 180 2308 1258 2392; baseline -0.004 -20"><span class='ocrx_word' id='word_1_193' title='bbox 180 2313 283 2392; x_wconf 86' lang='lat' dir='ltr'><strong>legem</strong></span> <span class='ocrx_word' id='word_1_194' title='bbox 299 2331 380 2390; x_wconf 90' lang='lat' dir='ltr'><strong>qaae</strong></span> <span class='ocrx_word' id='word_1_195' title='bbox 397 2310 438 2368; x_wconf 82' lang='lat' dir='ltr'><strong>ibi</strong></span> <span class='ocrx_word' id='word_1_196' title='bbox 454 2310 535 2368; x_wconf 89' lang='lat' dir='ltr'><strong>male</strong></span> <span class='ocrx_word' id='word_1_197' title='bbox 553 2311 634 2368; x_wconf 88' lang='lat' dir='ltr'><strong>l&#39;acta</strong></span> <span class='ocrx_word' id='word_1_198' title='bbox 652 2308 782 2385; x_wconf 88' lang='lat' dir='ltr'><strong>hahent,</strong></span> <span class='ocrx_word' id='word_1_199' title='bbox 805 2311 988 2389; x_wconf 88' lang='lat' dir='ltr'><strong>emcndeut,</strong></span> <span class='ocrx_word' id='word_1_200' title='bbox 1005 2323 1060 2372; x_wconf 88' lang='lat' dir='ltr'><strong>aut</strong></span> <span class='ocrx_word' id='word_1_201' title='bbox 1082 2312 1204 2374; x_wconf 87' lang='lat' dir='ltr'><strong>solvant</strong></span> <span class='ocrx_word' id='word_1_202' title='bbox 1221 2325 1258 2368; x_wconf 78' lang='lat' dir='ltr'><strong>se.-</strong></span> 
     </span>
     <span class='ocr_line' id='line_1_25' title="bbox 181 2391 1258 2474; baseline -0.01 -19"><span class='ocrx_word' id='word_1_203' title='bbox 181 2394 321 2455; x_wconf 92' lang='lat' dir='ltr'><strong>cundum</strong></span> <span class='ocrx_word' id='word_1_204' title='bbox 340 2393 440 2473; x_wconf 81' lang='lat' dir='ltr'><strong>legale</strong></span> <span class='ocrx_word' id='word_1_205' title='bbox 457 2391 618 2470; x_wconf 90' lang='lat' dir='ltr'><strong>placitum,</strong></span> <span class='ocrx_word' id='word_1_206' title='bbox 635 2400 689 2450; x_wconf 91' lang='lat' dir='ltr'><strong>aut</strong></span> <span class='ocrx_word' id='word_1_207' title='bbox 705 2414 761 2472; x_wconf 92' lang='lat' dir='ltr'><strong>per</strong></span> <span class='ocrx_word' id='word_1_208' title='bbox 778 2393 1009 2470; x_wconf 78' lang='lat' dir='ltr'><strong>indulgentiam</strong></span> <span class='ocrx_word' id='word_1_209' title='bbox 1021 2396 1083 2457; x_wconf 89' lang='lat' dir='ltr'><strong>sihi</strong></span> <span class='ocrx_word' id='word_1_210' title='bbox 1103 2395 1258 2474; x_wconf 89' lang='lat' dir='ltr'><strong>impetrent</strong></span> 
     </span>
     <span class='ocr_line' id='line_1_26' title="bbox 178 2473 1256 2560; baseline 0.001 -25"><span class='ocrx_word' id='word_1_211' title='bbox 178 2475 359 2560; x_wconf 86' lang='lat' dir='ltr'><strong>perdonari¹</strong></span> <span class='ocrx_word' id='word_1_212' title='bbox 383 2477 424 2534; x_wconf 89' lang='lat' dir='ltr'><strong>Et</strong></span> <span class='ocrx_word' id='word_1_213' title='bbox 436 2473 595 2553; x_wconf 80' lang='lat' dir='ltr'><strong>Episcopi,</strong></span> <span class='ocrx_word' id='word_1_214' title='bbox 612 2475 788 2534; x_wconf 86' lang='lat' dir='ltr'><strong>secandum</strong></span> <span class='ocrx_word' id='word_1_215' title='bbox 809 2475 994 2556; x_wconf 87' lang='lat' dir='ltr'><strong>qualitatem</strong></span> <span class='ocrx_word' id='word_1_216' title='bbox 1009 2489 1042 2538; x_wconf 90' lang='lat' dir='ltr'><strong>et</strong></span> <span class='ocrx_word' id='word_1_217' title='bbox 1061 2474 1256 2559; x_wconf 69' lang='lat' dir='ltr'><strong>quantitatem</strong></span> 
     </span>
     <span class='ocr_line' id='line_1_27' title="bbox 180 2551 1255 2642; baseline -0.004 -24"><span class='ocrx_word' id='word_1_218' title='bbox 180 2567 393 2641; x_wconf 87' lang='lat' dir='ltr'><strong>peccatorum,</strong></span> <span class='ocrx_word' id='word_1_219' title='bbox 410 2556 525 2635; x_wconf 88' lang='lat' dir='ltr'><strong>absque</strong></span> <span class='ocrx_word' id='word_1_220' title='bbox 544 2556 729 2634; x_wconf 90' lang='lat' dir='ltr'><strong>acceptione</strong></span> <span class='ocrx_word' id='word_1_221' title='bbox 746 2578 965 2637; x_wconf 84' lang='lat' dir='ltr'><strong>personarum,</strong></span> <span class='ocrx_word' id='word_1_222' title='bbox 983 2559 1150 2642; x_wconf 83' lang='lat' dir='ltr'><strong>rapacibus</strong></span> <span class='ocrx_word' id='word_1_223' title='bbox 1169 2551 1255 2634; x_wconf 80' lang='lat' dir='ltr'><strong>ethis</strong></span> 
     </span>
     <span class='ocr_line' id='line_1_28' title="bbox 180 2634 1258 2718; baseline -0.012 -16"><span class='ocrx_word' id='word_1_224' title='bbox 180 2639 336 2702; x_wconf 85' lang='lat' dir='ltr'><strong>similibus</strong></span> <span class='ocrx_word' id='word_1_225' title='bbox 360 2638 444 2697; x_wconf 88' lang='lat' dir='ltr'><strong>vitiis</strong></span> <span class='ocrx_word' id='word_1_226' title='bbox 468 2637 635 2696; x_wconf 90' lang='lat' dir='ltr'><strong>nominatis</strong></span> <span class='ocrx_word' id='word_1_227' title='bbox 658 2647 689 2697; x_wconf 89' lang='lat' dir='ltr'><strong>et</strong></span> <span class='ocrx_word' id='word_1_228' title='bbox 710 2638 865 2700; x_wconf 89' lang='lat' dir='ltr'><strong>convictis</strong></span> <span class='ocrx_word' id='word_1_229' title='bbox 886 2641 1105 2718; x_wconf 87' lang='lat' dir='ltr'><strong>poenitentiae</strong></span> <span class='ocrx_word' id='word_1_230' title='bbox 1129 2639 1209 2718; x_wconf 80' lang='lat' dir='ltr'><strong>leges</strong></span> <span class='ocrx_word' id='word_1_231' title='bbox 1219 2634 1258 2692; x_wconf 90' lang='lat' dir='ltr'><strong>in·</strong></span> 
     </span>
     <span class='ocr_line' id='line_1_29' title="bbox 180 2717 1256 2806; baseline -0.006 -23"><span class='ocrx_word' id='word_1_232' title='bbox 180 2724 331 2803; x_wconf 85' lang='lat' dir='ltr'><strong>iungant,</strong></span> <span class='ocrx_word' id='word_1_233' title='bbox 353 2720 494 2802; x_wconf 89' lang='lat' dir='ltr'><strong>inspecta</strong></span> <span class='ocrx_word' id='word_1_234' title='bbox 525 2719 715 2780; x_wconf 86' lang='lat' dir='ltr'><strong>discretione</strong></span> <span class='ocrx_word' id='word_1_235' title='bbox 749 2731 780 2782; x_wconf 87' lang='lat' dir='ltr'><strong>et</strong></span> <span class='ocrx_word' id='word_1_236' title='bbox 811 2721 989 2802; x_wconf 85' lang='lat' dir='ltr'><strong>qualitate,</strong></span> <span class='ocrx_word' id='word_1_237' title='bbox 1029 2731 1126 2806; x_wconf 87' lang='lat' dir='ltr'><strong>prout</strong></span> <span class='ocrx_word' id='word_1_238' title='bbox 1154 2717 1256 2796; x_wconf 82' lang='lat' dir='ltr'><strong>cuique</strong></span> 
     </span>
     <span class='ocr_line' id='line_1_30' title="bbox 181 2802 1257 2888; baseline -0.004 -24"><span class='ocrx_word' id='word_1_239' title='bbox 181 2805 221 2864; x_wconf 89' lang='lat' dir='ltr'><strong>ud</strong></span> <span class='ocrx_word' id='word_1_240' title='bbox 249 2803 382 2863; x_wconf 91' lang='lat' dir='ltr'><strong>salutem</strong></span> <span class='ocrx_word' id='word_1_241' title='bbox 412 2802 553 2861; x_wconf 87' lang='lat' dir='ltr'><strong>viderint</strong></span> <span class='ocrx_word' id='word_1_242' title='bbox 582 2802 743 2882; x_wconf 80' lang='lat' dir='ltr'><strong>expedire.</strong></span> <span class='ocrx_word' id='word_1_243' title='bbox 796 2803 846 2862; x_wconf 82' lang='lat' dir='ltr'><strong>Ad</strong></span> <span class='ocrx_word' id='word_1_244' title='bbox 877 2824 958 2884; x_wconf 90' lang='lat' dir='ltr'><strong>quae</strong></span> <span class='ocrx_word' id='word_1_245' title='bbox 989 2805 1170 2888; x_wconf 89' lang='lat' dir='ltr'><strong>specialiter</strong></span> <span class='ocrx_word' id='word_1_246' title='bbox 1198 2817 1257 2860; x_wconf 77' lang='lat' dir='ltr'><strong>exe·</strong></span> 
     </span>
     <span class='ocr_line' id='line_1_31' title="bbox 180 2882 1254 2969; baseline -0.001 -24"><span class='ocrx_word' id='word_1_247' title='bbox 180 2886 308 2969; x_wconf 89' lang='lat' dir='ltr'><strong>quenda</strong></span> <span class='ocrx_word' id='word_1_248' title='bbox 329 2883 484 2965; x_wconf 91' lang='lat' dir='ltr'><strong>quaedam</strong></span> <span class='ocrx_word' id='word_1_249' title='bbox 506 2885 545 2942; x_wconf 92' lang='lat' dir='ltr'><strong>de</strong></span> <span class='ocrx_word' id='word_1_250' title='bbox 567 2883 712 2962; x_wconf 91' lang='lat' dir='ltr'><strong>pluribus</strong></span> <span class='ocrx_word' id='word_1_251' title='bbox 733 2885 888 2966; x_wconf 87' lang='lat' dir='ltr'><strong>Capitulis</strong></span> <span class='ocrx_word' id='word_1_252' title='bbox 911 2889 1186 2968; x_wconf 88' lang='lat' dir='ltr'><strong>praedecessorum</strong></span> <span class='ocrx_word' id='word_1_253' title='bbox 1203 2882 1254 2940; x_wconf 77' lang='lat' dir='ltr'><strong>Re·</strong></span> 
     </span>
     <span class='ocr_line' id='line_1_32' title="bbox 181 2961 1256 3051; baseline -0.001 -25"><span class='ocrx_word' id='word_1_254' title='bbox 181 2990 267 3051; x_wconf 82' lang='lat' dir='ltr'><strong>gum,</strong></span> <span class='ocrx_word' id='word_1_255' title='bbox 289 2976 319 3026; x_wconf 91' lang='lat' dir='ltr'><strong>et</strong></span> <span class='ocrx_word' id='word_1_256' title='bbox 340 2966 540 3048; x_wconf 87' lang='lat' dir='ltr'><strong>synodalium</strong></span> <span class='ocrx_word' id='word_1_257' title='bbox 560 2964 613 3026; x_wconf 90' lang='lat' dir='ltr'><strong>hic</strong></span> <span class='ocrx_word' id='word_1_258' title='bbox 635 2987 753 3045; x_wconf 89' lang='lat' dir='ltr'><strong>ponere</strong></span> <span class='ocrx_word' id='word_1_259' title='bbox 777 2968 909 3044; x_wconf 78' lang='lat' dir='ltr'><strong>dignam</strong></span> <span class='ocrx_word' id='word_1_260' title='bbox 930 2981 963 3031; x_wconf 90' lang='lat' dir='ltr'><strong>et</strong></span> <span class='ocrx_word' id='word_1_261' title='bbox 983 2969 1193 3030; x_wconf 87' lang='lat' dir='ltr'><strong>necessarium</strong></span> <span class='ocrx_word' id='word_1_262' title='bbox 1210 2961 1256 3020; x_wconf 84' lang='lat' dir='ltr'><strong>du·</strong></span> 
     </span>
     <span class='ocr_line' id='line_1_33' title="bbox 180 3041 1254 3129; baseline -0.004 -19"><span class='ocrx_word' id='word_1_263' title='bbox 180 3050 300 3117; x_wconf 77' lang='lat' dir='ltr'><strong>ximus5</strong></span> <span class='ocrx_word' id='word_1_264' title='bbox 324 3057 559 3107; x_wconf 90' lang='lat' dir='ltr'><strong>commonentes</strong></span> <span class='ocrx_word' id='word_1_265' title='bbox 579 3048 771 3129; x_wconf 89' lang='lat' dir='ltr'><strong>Episcopos,</strong></span> <span class='ocrx_word' id='word_1_266' title='bbox 793 3049 924 3127; x_wconf 89' lang='lat' dir='ltr'><strong>Missos,</strong></span> <span class='ocrx_word' id='word_1_267' title='bbox 946 3061 978 3112; x_wconf 90' lang='lat' dir='ltr'><strong>et</strong></span> <span class='ocrx_word' id='word_1_268' title='bbox 999 3053 1140 3112; x_wconf 86' lang='lat' dir='ltr'><strong>Comites</strong></span> <span class='ocrx_word' id='word_1_269' title='bbox 1158 3056 1192 3108; x_wconf 92' lang='lat' dir='ltr'><strong>ut</strong></span> <span class='ocrx_word' id='word_1_270' title='bbox 1210 3041 1254 3101; x_wconf 75' lang='lat' dir='ltr'><strong>illa</strong></span> 
     </span>
     <span class='ocr_line' id='line_1_34' title="bbox 181 3127 1253 3210; baseline 0.001 -20"><span class='ocrx_word' id='word_1_271' title='bbox 181 3130 328 3210; x_wconf 87' lang='lat' dir='ltr'><strong>Capitala</strong></span> <span class='ocrx_word' id='word_1_272' title='bbox 350 3150 431 3208; x_wconf 89' lang='lat' dir='ltr'><strong>quae</strong></span> <span class='ocrx_word' id='word_1_273' title='bbox 453 3128 527 3188; x_wconf 90' lang='lat' dir='ltr'><strong>inde</strong></span> <span class='ocrx_word' id='word_1_274' title='bbox 550 3138 622 3188; x_wconf 87' lang='lat' dir='ltr'><strong>unte</strong></span> <span class='ocrx_word' id='word_1_275' title='bbox 643 3128 702 3189; x_wconf 90' lang='lat' dir='ltr'><strong>hos</strong></span> <span class='ocrx_word' id='word_1_276' title='bbox 724 3151 824 3190; x_wconf 90' lang='lat' dir='ltr'><strong>annos</strong></span> <span class='ocrx_word' id='word_1_277' title='bbox 847 3133 879 3190; x_wconf 92' lang='lat' dir='ltr'><strong>in</strong></span> <span class='ocrx_word' id='word_1_278' title='bbox 903 3155 1003 3194; x_wconf 79' lang='lat' dir='ltr'><strong>uniam</strong></span> <span class='ocrx_word' id='word_1_279' title='bbox 1030 3135 1165 3194; x_wconf 84' lang='lat' dir='ltr'><strong>collecta</strong></span> <span class='ocrx_word' id='word_1_280' title='bbox 1194 3127 1253 3186; x_wconf 73' lang='lat' dir='ltr'><strong>fue·</strong></span> 
     </span>
     <span class='ocr_line' id='line_1_35' title="bbox 180 3208 1254 3298; baseline -0.008 -27"><span class='ocrx_word' id='word_1_281' title='bbox 180 3220 276 3284; x_wconf 91' lang='lat' dir='ltr'><strong>raut,</strong></span> <span class='ocrx_word' id='word_1_282' title='bbox 301 3220 332 3270; x_wconf 87' lang='lat' dir='ltr'><strong>et</strong></span> <span class='ocrx_word' id='word_1_283' title='bbox 353 3211 385 3268; x_wconf 93' lang='lat' dir='ltr'><strong>in</strong></span> <span class='ocrx_word' id='word_1_284' title='bbox 401 3208 558 3269; x_wconf 87' lang='lat' dir='ltr'><strong>Carisiaco</strong></span> <span class='ocrx_word' id='word_1_285' title='bbox 579 3211 744 3292; x_wconf 88' lang='lat' dir='ltr'><strong>Episcopis</strong></span> <span class='ocrx_word' id='word_1_286' title='bbox 765 3213 906 3275; x_wconf 89' lang='lat' dir='ltr'><strong>etMissis</strong></span> <span class='ocrx_word' id='word_1_287' title='bbox 928 3216 1041 3277; x_wconf 92' lang='lat' dir='ltr'><strong>nostris</strong></span> <span class='ocrx_word' id='word_1_288' title='bbox 1061 3237 1120 3298; x_wconf 87' lang='lat' dir='ltr'><strong>per</strong></span> <span class='ocrx_word' id='word_1_289' title='bbox 1141 3209 1254 3274; x_wconf 86' lang='lat' dir='ltr'><strong>univer-</strong></span> 
     </span>
     <span class='ocr_line' id='line_1_36' title="bbox 181 3291 1253 3374; baseline 0.005 -24"><span class='ocrx_word' id='word_1_290' title='bbox 181 3315 251 3354; x_wconf 89' lang='lat' dir='ltr'><strong>sum</strong></span> <span class='ocrx_word' id='word_1_291' title='bbox 272 3313 406 3373; x_wconf 78' lang='lat' dir='ltr'><strong>regnum</strong></span> <span class='ocrx_word' id='word_1_292' title='bbox 429 3301 569 3351; x_wconf 90' lang='lat' dir='ltr'><strong>nostrum</strong></span> <span class='ocrx_word' id='word_1_293' title='bbox 591 3293 631 3351; x_wconf 89' lang='lat' dir='ltr'><strong>ad</strong></span> <span class='ocrx_word' id='word_1_294' title='bbox 661 3296 885 3374; x_wconf 87' lang='lat' dir='ltr'><strong>exequendum</strong></span> <span class='ocrx_word' id='word_1_295' title='bbox 919 3298 1125 3374; x_wconf 84' lang='lat' dir='ltr'><strong>donavimus,</strong></span> <span class='ocrx_word' id='word_1_296' title='bbox 1154 3291 1205 3356; x_wconf 87' lang='lat' dir='ltr'><strong>sed</strong></span> <span class='ocrx_word' id='word_1_297' title='bbox 1229 3292 1253 3343; x_wconf 65' lang='lat' dir='ltr'><strong>tl</strong></span> 
     </span>
     <span class='ocr_line' id='line_1_37' title="bbox 182 3375 1254 3456; baseline 0.004 -20"><span class='ocrx_word' id='word_1_298' title='bbox 182 3376 341 3454; x_wconf 80' lang='lat' dir='ltr'><strong>illa&#39;quae</strong></span> <span class='ocrx_word' id='word_1_299' title='bbox 363 3375 693 3434; x_wconf 89' lang='lat' dir='ltr'><strong>cousensnFidelinm</strong></span> <span class='ocrx_word' id='word_1_300' title='bbox 715 3387 896 3438; x_wconf 88' lang='lat' dir='ltr'><strong>nostrorum</strong></span> <span class='ocrx_word' id='word_1_301' title='bbox 917 3381 986 3440; x_wconf 81' lang='lat' dir='ltr'><strong>fieri</strong></span> <span class='ocrx_word' id='word_1_302' title='bbox 1009 3381 1152 3442; x_wconf 88' lang='lat' dir='ltr'><strong>iussimus</strong></span> <span class='ocrx_word' id='word_1_303' title='bbox 1172 3389 1254 3456; x_wconf 60' lang='lat' dir='ltr'><strong>quan·</strong></span> 
     </span>
     <span class='ocr_line' id='line_1_38' title="bbox 183 3447 1252 3545; baseline 0.004 -28"><span class='ocrx_word' id='word_1_304' title='bbox 183 3459 224 3518; x_wconf 90' lang='lat' dir='ltr'><strong>do</strong></span> <span class='ocrx_word' id='word_1_305' title='bbox 247 3479 318 3516; x_wconf 80' lang='lat' dir='ltr'><strong>curn</strong></span> <span class='ocrx_word' id='word_1_306' title='bbox 341 3459 436 3516; x_wconf 89' lang='lat' dir='ltr'><strong>fratre</strong></span> <span class='ocrx_word' id='word_1_307' title='bbox 460 3466 565 3515; x_wconf 85' lang='lat' dir='ltr'><strong>nostro</strong></span> <span class='ocrx_word' id='word_1_308' title='bbox 587 3456 766 3533; x_wconf 84' lang='lat' dir='ltr'><strong>illothario,</strong></span> <span class='ocrx_word' id='word_1_309' title='bbox 791 3460 929 3540; x_wconf 74' lang='lat' dir='ltr'><strong>glorioso</strong></span> <span class='ocrx_word' id='word_1_310' title='bbox 952 3463 1159 3545; x_wconf 87' lang='lat' dir='ltr'><strong>Imperatore,</strong></span> <span class='ocrx_word' id='word_1_311' title='bbox 1184 3447 1252 3536; x_wconf 74' lang='lat' dir='ltr'><strong>apud</strong></span> 
     </span>
     <span class='ocr_line' id='line_1_39' title="bbox 182 3538 1252 3617; baseline 0 -17"><span class='ocrx_word' id='word_1_312' title='bbox 182 3540 389 3600; x_wconf 83' lang='lat' dir='ltr'><strong>Valentianas</strong></span> <span class='ocrx_word' id='word_1_313' title='bbox 423 3538 549 3617; x_wconf 89' lang='lat' dir='ltr'><strong>loquuti</strong></span> <span class='ocrx_word' id='word_1_314' title='bbox 582 3538 717 3615; x_wconf 87' lang='lat' dir='ltr'><strong>fuimus,</strong></span> <span class='ocrx_word' id='word_1_315' title='bbox 749 3551 780 3600; x_wconf 94' lang='lat' dir='ltr'><strong>et</strong></span> <span class='ocrx_word' id='word_1_316' title='bbox 801 3542 968 3604; x_wconf 87' lang='lat' dir='ltr'><strong>Fidelihus</strong></span> <span class='ocrx_word' id='word_1_317' title='bbox 1003 3545 1117 3605; x_wconf 91' lang='lat' dir='ltr'><strong>nostris</strong></span> <span class='ocrx_word' id='word_1_318' title='bbox 1146 3543 1252 3602; x_wconf 78' lang='lat' dir='ltr'><strong>denuss·</strong></span> 
     </span>
    </p>
   </div>
   <div class='ocr_carea' id='block_1_5' title="bbox 183 3621 1315 3705">
    <p class='ocr_par' dir='ltr' id='par_1_6' title="bbox 183 3621 1315 3705">
     <span class='ocr_line' id='line_1_40' title="bbox 183 3621 1315 3705; baseline 0.001 -24"><span class='ocrx_word' id='word_1_319' title='bbox 183 3624 254 3681; x_wconf 90' lang='lat' dir='ltr'><strong>tiari</strong></span> <span class='ocrx_word' id='word_1_320' title='bbox 279 3632 310 3680; x_wconf 91' lang='lat' dir='ltr'><strong>et</strong></span> <span class='ocrx_word' id='word_1_321' title='bbox 331 3622 496 3680; x_wconf 85' lang='lat' dir='ltr'><strong>observare</strong></span> <span class='ocrx_word' id='word_1_322' title='bbox 520 3621 761 3700; x_wconf 87' lang='lat' dir='ltr'><strong>praecepimus,</strong></span> <span class='ocrx_word' id='word_1_323' title='bbox 790 3623 829 3682; x_wconf 91' lang='lat' dir='ltr'><strong>ad</strong></span> <span class='ocrx_word' id='word_1_324' title='bbox 860 3628 1070 3705; x_wconf 88' lang='lat' dir='ltr'><strong>praesentiam</strong></span> <span class='ocrx_word' id='word_1_325' title='bbox 1098 3622 1250 3686; x_wconf 68' lang='lat' dir='ltr'><strong>reducant,</strong></span> <span class='ocrx_word' id='word_1_326' title='bbox 1314 3657 1315 3696; x_wconf 65' lang='lat' dir='ltr'><strong>t</strong></span> 
     </span>
    </p>
   </div>
   <div class='ocr_carea' id='block_1_6' title="bbox 184 3694 1252 3866">
    <p class='ocr_par' dir='ltr' id='par_1_7' title="bbox 184 3694 1252 3866">
     <span class='ocr_line' id='line_1_41' title="bbox 184 3694 1251 3786; baseline -0.014 -22"><span class='ocrx_word' id='word_1_327' title='bbox 184 3714 216 3764; x_wconf 88' lang='lat' dir='ltr'><strong>ct</strong></span> <span class='ocrx_word' id='word_1_328' title='bbox 235 3705 289 3763; x_wconf 90' lang='lat' dir='ltr'><strong>illa</strong></span> <span class='ocrx_word' id='word_1_329' title='bbox 306 3705 459 3784; x_wconf 78' lang='lat' dir='ltr'><strong>relegant.</strong></span> <span class='ocrx_word' id='word_1_330' title='bbox 482 3703 522 3761; x_wconf 82' lang='lat' dir='ltr'><strong>Et</strong></span> <span class='ocrx_word' id='word_1_331' title='bbox 542 3702 615 3782; x_wconf 91' lang='lat' dir='ltr'><strong>quia</strong></span> <span class='ocrx_word' id='word_1_332' title='bbox 635 3703 713 3763; x_wconf 90' lang='lat' dir='ltr'><strong>haec</strong></span> <span class='ocrx_word' id='word_1_333' title='bbox 730 3727 830 3786; x_wconf 89' lang='lat' dir='ltr'><strong>pauca</strong></span> <span class='ocrx_word' id='word_1_334' title='bbox 847 3706 901 3768; x_wconf 86' lang='lat' dir='ltr'><strong>hic</strong></span> <span class='ocrx_word' id='word_1_335' title='bbox 920 3708 1083 3770; x_wconf 88' lang='lat' dir='ltr'><strong>brevitatis</strong></span> <span class='ocrx_word' id='word_1_336' title='bbox 1097 3728 1183 3768; x_wconf 86' lang='lat' dir='ltr'><strong>causa</strong></span> <span class='ocrx_word' id='word_1_337' title='bbox 1198 3694 1251 3758; x_wconf 81' lang='lat' dir='ltr'><strong>suli·</strong></span> 
     </span>
     <span class='ocr_line' id='line_1_42' title="bbox 184 3782 1252 3866; baseline -0.002 -20"><span class='ocrx_word' id='word_1_338' title='bbox 184 3786 378 3866; x_wconf 87' lang='lat' dir='ltr'><strong>scripsimus,</strong></span> <span class='ocrx_word' id='word_1_339' title='bbox 397 3785 428 3842; x_wconf 89' lang='lat' dir='ltr'><strong>in</strong></span> <span class='ocrx_word' id='word_1_340' title='bbox 452 3785 567 3844; x_wconf 85' lang='lat' dir='ltr'><strong>talibus</strong></span> <span class='ocrx_word' id='word_1_341' title='bbox 580 3783 672 3845; x_wconf 86' lang='lat' dir='ltr'><strong>rebus</strong></span> <span class='ocrx_word' id='word_1_342' title='bbox 688 3808 769 3866; x_wconf 91' lang='lat' dir='ltr'><strong>quae</strong></span> <span class='ocrx_word' id='word_1_343' title='bbox 783 3789 828 3849; x_wconf 88' lang='lat' dir='ltr'><strong>eis</strong></span> <span class='ocrx_word' id='word_1_344' title='bbox 847 3790 1038 3852; x_wconf 86' lang='lat' dir='ltr'><strong>advenerint</strong></span> <span class='ocrx_word' id='word_1_345' title='bbox 1051 3792 1089 3850; x_wconf 87' lang='lat' dir='ltr'><strong>acl</strong></span> <span class='ocrx_word' id='word_1_346' title='bbox 1106 3782 1252 3851; x_wconf 67' lang='lat' dir='ltr'><strong>emendat·</strong></span> 
     </span>
    </p>
   </div>
   <div class='ocr_carea' id='block_1_7' title="bbox 185 3851 1315 3954">
    <p class='ocr_par' dir='ltr' id='par_1_8' title="bbox 185 3851 1315 3954">
     <span class='ocr_line' id='line_1_43' title="bbox 185 3851 1315 3954; baseline 0.006 -26"><span class='ocrx_word' id='word_1_347' title='bbox 185 3870 271 3942; x_wconf 81' lang='lat' dir='ltr'><strong>dum,</strong></span> <span class='ocrx_word' id='word_1_348' title='bbox 295 3879 327 3928; x_wconf 89' lang='lat' dir='ltr'><strong>et</strong></span> <span class='ocrx_word' id='word_1_349' title='bbox 343 3868 396 3928; x_wconf 92' lang='lat' dir='ltr'><strong>hic</strong></span> <span class='ocrx_word' id='word_1_350' title='bbox 415 3867 488 3926; x_wconf 91' lang='lat' dir='ltr'><strong>inde</strong></span> <span class='ocrx_word' id='word_1_351' title='bbox 508 3866 653 3946; x_wconf 90' lang='lat' dir='ltr'><strong>Capitula</strong></span> <span class='ocrx_word' id='word_1_352' title='bbox 668 3890 731 3927; x_wconf 94' lang='lat' dir='ltr'><strong>non</strong></span> <span class='ocrx_word' id='word_1_353' title='bbox 750 3869 946 3949; x_wconf 84' lang='lat' dir='ltr'><strong>invenerint,</strong></span> <span class='ocrx_word' id='word_1_354' title='bbox 961 3895 1018 3954; x_wconf 88' lang='lat' dir='ltr'><strong>per</strong></span> <span class='ocrx_word' id='word_1_355' title='bbox 1034 3872 1091 3931; x_wconf 90' lang='lat' dir='ltr'><strong>illa</strong></span> <span class='ocrx_word' id='word_1_356' title='bbox 1108 3857 1252 3952; x_wconf 68' lang='lat' dir='ltr'><strong>etpcrflll&#39;l</strong></span> <span class='ocrx_word' id='word_1_357' title='bbox 1314 3851 1315 3894; x_wconf 83' lang='lat' dir='ltr'><strong>l</strong></span> 
     </span>
    </p>
   </div>
   <div class='ocr_carea' id='block_1_8' title="bbox 186 3949 1253 4034">
    <p class='ocr_par' dir='ltr' id='par_1_9' title="bbox 186 3949 1253 4034">
     <span class='ocr_line' id='line_1_44' title="bbox 186 3949 1253 4034; baseline 0.005 -24"><span class='ocrx_word' id='word_1_358' title='bbox 186 3951 330 4030; x_wconf 81' lang='lat' dir='ltr'><strong>Capitale</strong></span> <span class='ocrx_word' id='word_1_359' title='bbox 348 3949 444 4030; x_wconf 78' lang='lat' dir='ltr'><strong>Regia</strong></span> <span class='ocrx_word' id='word_1_360' title='bbox 462 3959 492 4007; x_wconf 94' lang='lat' dir='ltr'><strong>et</strong></span> <span class='ocrx_word' id='word_1_361' title='bbox 506 3949 690 4030; x_wconf 78' lang='lat' dir='ltr'><strong>Synodalia,</strong></span> <span class='ocrx_word' id='word_1_362' title='bbox 709 3973 790 4034; x_wconf 90' lang='lat' dir='ltr'><strong>qnae</strong></span> <span class='ocrx_word' id='word_1_363' title='bbox 809 3955 1005 4017; x_wconf 87' lang='lat' dir='ltr'><strong>emendanda</strong></span> <span class='ocrx_word' id='word_1_364' title='bbox 1025 3966 1099 4017; x_wconf 90' lang='lat' dir='ltr'><strong>sunt</strong></span> <span class='ocrx_word' id='word_1_365' title='bbox 1119 3964 1148 4014; x_wconf 88' lang='lat' dir='ltr'><strong>et</strong></span> <span class='ocrx_word' id='word_1_366' title='bbox 1168 3960 1253 4009; x_wconf 68' lang='lat' dir='ltr'><strong>efflflss‘</strong></span> 
     </span>
    </p>
   </div>
   <div class='ocr_carea' id='block_1_9' title="bbox 68 4029 1251 4114">
    <p class='ocr_par' dir='ltr' id='par_1_10' title="bbox 68 4029 1251 4114">
     <span class='ocr_line' id='line_1_45' title="bbox 68 4029 1251 4114; baseline -0.008 -22"><span class='ocrx_word' id='word_1_367' title='bbox 68 4029 71 4038; x_wconf 78' lang='lat'>&#39;</span> <span class='ocrx_word' id='word_1_368' title='bbox 101 4054 104 4063; x_wconf 73' lang='grc'><em>“</em></span> <span class='ocrx_word' id='word_1_369' title='bbox 185 4032 289 4092; x_wconf 75' lang='lat' dir='ltr'><strong>‹laaaida</strong></span> <span class='ocrx_word' id='word_1_370' title='bbox 313 4030 527 4111; x_wconf 83' lang='lat' dir='ltr'><strong>perviderint,</strong></span> <span class='ocrx_word' id='word_1_371' title='bbox 551 4032 720 4093; x_wconf 88' lang='lat' dir='ltr'><strong>emendare</strong></span> <span class='ocrx_word' id='word_1_372' title='bbox 743 4046 926 4114; x_wconf 89' lang='lat' dir='ltr'><strong>procurent.</strong></span> <span class='ocrx_word' id='word_1_373' title='bbox 968 4039 1001 4097; x_wconf 89' lang='lat' dir='ltr'><strong>Si</strong></span> <span class='ocrx_word' id='word_1_374' title='bbox 1024 4059 1101 4097; x_wconf 89' lang='lat' dir='ltr'><strong>vero</strong></span> <span class='ocrx_word' id='word_1_375' title='bbox 1129 4044 1158 4095; x_wconf 88' lang='lat' dir='ltr'><strong>ct</strong></span> <span class='ocrx_word' id='word_1_376' title='bbox 1184 4029 1251 4087; x_wconf 74' lang='lat' dir='ltr'><strong>iuxta</strong></span> 
     </span>
    </p>
   </div>
   <div class='ocr_carea' id='block_1_10' title="bbox 1313 4035 1315 4112">
    <p class='ocr_par' dir='ltr' id='par_1_11' title="bbox 1313 4035 1315 4112">
     <span class='ocr_line' id='line_1_46' title="bbox 1313 4035 1315 4112; baseline 0 0"><span class='ocrx_word' id='word_1_377' title='bbox 1313 4035 1315 4112; x_wconf 91' lang='lat' dir='ltr'><strong>l</strong></span> 
     </span>
    </p>
   </div>
   <div class='ocr_carea' id='block_1_11' title="bbox 187 4113 1315 4199">
    <p class='ocr_par' dir='ltr' id='par_1_12' title="bbox 187 4113 1315 4199">
     <span class='ocr_line' id='line_1_47' title="bbox 187 4113 1315 4199; baseline 0.001 -26"><span class='ocrx_word' id='word_1_378' title='bbox 187 4113 376 4173; x_wconf 72' lang='lat' dir='ltr'><strong>‹liubolicam</strong></span> <span class='ocrx_word' id='word_1_379' title='bbox 398 4113 613 4184; x_wconf 85' lang='lat' dir='ltr'><strong>calliditatem,</strong></span> <span class='ocrx_word' id='word_1_380' title='bbox 628 4122 659 4172; x_wconf 87' lang='lat' dir='ltr'><strong>et</strong></span> <span class='ocrx_word' id='word_1_381' title='bbox 679 4117 857 4176; x_wconf 89' lang='lat' dir='ltr'><strong>secundnm</strong></span> <span class='ocrx_word' id='word_1_382' title='bbox 878 4117 1048 4178; x_wconf 87' lang='lat' dir='ltr'><strong>humanam</strong></span> <span class='ocrx_word' id='word_1_383' title='bbox 1062 4115 1251 4199; x_wconf 64' lang='lat' dir='ltr'><strong>fragilitatem,</strong></span> <span class='ocrx_word' id='word_1_384' title='bbox 1314 4115 1315 4126; x_wconf 51' lang='lat'>¹</span> 
     </span>
    </p>
   </div>
   <div class='ocr_carea' id='block_1_12' title="bbox 188 4185 1252 4364">
    <p class='ocr_par' dir='ltr' id='par_1_13' title="bbox 188 4185 1252 4364">
     <span class='ocr_line' id='line_1_48' title="bbox 188 4185 1252 4278; baseline 0.006 -26"><span class='ocrx_word' id='word_1_385' title='bbox 188 4216 269 4252; x_wconf 81' lang='lat' dir='ltr'><strong>nova</strong></span> <span class='ocrx_word' id='word_1_386' title='bbox 291 4215 502 4275; x_wconf 87' lang='lat' dir='ltr'><strong>quaecunque</strong></span> <span class='ocrx_word' id='word_1_387' title='bbox 525 4194 719 4272; x_wconf 85' lang='lat' dir='ltr'><strong>acciderint,</strong></span> <span class='ocrx_word' id='word_1_388' title='bbox 751 4198 826 4277; x_wconf 87' lang='lat' dir='ltr'><strong>quia</strong></span> <span class='ocrx_word' id='word_1_389' title='bbox 855 4221 938 4259; x_wconf 87' lang='lat' dir='ltr'><strong>nova</strong></span> <span class='ocrx_word' id='word_1_390' title='bbox 958 4185 1138 4262; x_wconf 79' lang='lat' dir='ltr'><strong>moiborum</strong></span> <span class='ocrx_word' id='word_1_391' title='bbox 1158 4203 1252 4278; x_wconf 65' lang='lat' dir='ltr'><strong>genera</strong></span> 
     </span>
     <span class='ocr_line' id='line_1_49' title="bbox 188 4276 1251 4364; baseline 0.004 -29"><span class='ocrx_word' id='word_1_392' title='bbox 188 4297 270 4335; x_wconf 82' lang='lat' dir='ltr'><strong>nova</strong></span> <span class='ocrx_word' id='word_1_393' title='bbox 292 4285 451 4355; x_wconf 88' lang='lat' dir='ltr'><strong>quaeruut</strong></span> <span class='ocrx_word' id='word_1_394' title='bbox 480 4276 785 4339; x_wconf 86' lang='lat' dir='ltr'><strong>medicamentorum</strong></span> <span class='ocrx_word' id='word_1_395' title='bbox 813 4282 1053 4364; x_wconf 80' lang='lat' dir='ltr'><strong>experimenta,</strong></span> <span class='ocrx_word' id='word_1_396' title='bbox 1082 4297 1192 4344; x_wconf 86' lang='lat' dir='ltr'><strong>morem</strong></span> <span class='ocrx_word' id='word_1_397' title='bbox 1217 4285 1251 4328; x_wconf 63' lang='grc' dir='ltr'><strong>ὅθ·</strong></span> 
     </span>
    </p>
   </div>
   <div class='ocr_carea' id='block_1_13' title="bbox 1242 4399 1315 4598">
    <p class='ocr_par' dir='ltr' id='par_1_14' title="bbox 1242 4399 1315 4598">
     <span class='ocr_line' id='line_1_50' title="bbox 1242 4399 1315 4598; baseline 0 -60"><span class='ocrx_word' id='word_1_398' title='bbox 1242 4591 1245 4598; x_wconf 10' lang='lat'><strong>⁴</strong></span> <span class='ocrx_word' id='word_1_399' title='bbox 1312 4399 1315 4524; x_wconf 77' lang='lat' dir='ltr'><strong>i</strong></span> 
     </span>
    </p>
   </div>
   <div class='ocr_carea' id='block_1_14' title="bbox 0 0 1334 4978">
    <p class='ocr_par' dir='ltr' id='par_1_15' title="bbox 0 0 1334 4978">
     <span class='ocr_line' id='line_1_51' title="bbox 0 0 1334 4978; baseline 0 0"><span class='ocrx_word' id='word_1_400' title='bbox 0 0 1334 4978; x_wconf 95' lang='lat' dir='ltr'><strong> </strong></span> 
     </span>
    </p>
   </div>
  </div>
 </body>
</html>
