2712 4992
202 294 276 368 324
532 305 716 374 irancuum
753 305 996 358 resurremus

199 475 264 517 non
295 451 336 516 de
362 448 459 512 rebus
484 444 730 524 detrimentum,
752 445 809 507 sed
833 455 1038 526 augmentum
1061 449 1157 528 potius
1181 464 1263 532 perge

199 559 266 598 essu
286 533 494 598 censendum.
537 529 580 591 Et
602 531 675 590 ideo
695 549 823 590 necesse
848 540 895 588 est
916 529 1000 589 inter
1025 550 1056 588 se
1081 551 1182 592 eorum
1200 537 1263 598 laeta

199 619 432 702 scripturarum
453 612 534 674 serie
552 612 696 692 alligari,
719 631 759 670 ne
779 611 817 670 ab
835 611 996 693 aliquibus
1012 612 1044 670 in
1062 607 1211 694 posterum
1224 643 1263 678 va.

198 705 265 766 lent
286 696 450 779 refragari.
492 695 569 755 ldeo
596 695 672 753 dum
693 694 781 754 inter
795 694 852 752 illo
872 704 905 754 et
933 715 1079 775 germano
1100 707 1152 756 s'uo
1172 700 1219 759 illo
1236 704 1263 763 dc

198 786 291 846 alodc
306 779 504 866 genitoribus
524 795 635 838 eorum
652 777 699 836 ill.
714 786 746 835 et
766 776 812 836 ill.
829 777 932 834 bonae
954 777 1039 856 pacis
1063 778 1176 858 placuit
1192 794 1263 862 atque

197 867 350 934 coiircnit
369 873 404 922 ut
426 885 494 922 eam
514 859 601 920 inter
616 881 649 920 se
668 868 817 919 maerente
840 860 971 918 caritate
997 859 1138 920 dividere
1161 865 1207 924 rel
1227 889 1264 925 cr.

198 971 337 1030 acqiiare
363 946 527 1007 deberent.
549 942 648 1017 Quod
667 941 710 1000 ita
730 950 762 1002 et
785 943 944 1005 fecerunt.
970 943 1102 1023 Accepit
1119 943 1213 1025 itaque
1225 951 1263 1008 ille

196 1033 292 1094 villas
311 1036 534 1110 nuncupantes
556 1024 640 1100 illas,
659 1026 734 1084 sitas
757 1024 818 1100 ibi,
840 1044 913 1084 carm
943 1026 1102 1106 mancipia
1128 1037 1205 1088 tantu
1226 1031 1264 1089 illu

197 1115 354 1178 similiter.
375 1115 423 1172 Dc
442 1108 603 1190 praesidio
625 1127 719 1180 vero,
742 1107 889 1186 drappos,
911 1107 1263 1185 fabr·icaturas,ve10m.

197 1200 233 1260 ui
266 1193 470 1278 supellectile
501 1191 630 1265 domus,
653 1189 809 1271 quicquid
831 1189 897 1248 dici
918 1199 973 1248 aut
996 1191 1151 1250 nominari
1171 1205 1264 1275 potest,

197 1277 400 1362 aequalentia
424 1275 510 1334 inter
531 1295 565 1334 se
589 1272 647 1331 visi
670 1282 745 1332 sunt
765 1271 918 1332 dividisse
942 1273 995 1332 vel
1030 1295 1225 1356 exaequasse,
1244 1290 1265 1338 et

196 1362 258 1423 hoc
281 1360 421 1421 invicem
444 1377 517 1438 pars
537 1355 618 1437 parti
644 1353 831 1430 tradidisse,
855 1363 886 1414 et
898 1373 958 1435 per
976 1355 1090 1417 fistuca
1108 1360 1204 1418 omnia
1221 1381 1265 1441 par.

196 1448 292 1506 titum
332 1463 400 1504 csse
434 1438 562 1502 dixisse.
624 1439 801 1518 Propterea
829 1447 1013 1517 praesentes
1046 1439 1189 1520 epistolas
1214 1445 1266 1504 duas

197 1551 264 1590 uno
286 1536 398 1588 tenore
420 1520 616 1600 conscriptus
645 1521 752 1580 lucum
782 1518 940 1600 pactionis
965 1519 1056 1580 inter
1082 1541 1114 1582 se
1140 1524 1268 1586 visisunt

198 1607 442 1690 conscripsisse,
465 1613 501 1663 ut
520 1603 631 1662 nullus
647 1603 800 1681 deinceps
816 1611 928 1662 contra
948 1622 1026 1683 pare
1044 1624 1115 1681 sno,
1138 1606 1192 1667 nisi
1205 1608 1267 1688 qnod

197 1694 238 1756 ad
258 1711 409 1774 praeseus
427 1685 574 1766 accepit,
596 1685 635 1744 dc
654 1683 721 1766 ipsa
735 1683 828 1743 alode
853 1683 1000 1764 genitore
1031 1707 1142 1747 eorum
1165 1691 1267 1772 amplius

198 1771 390 1856 requirendi
409 1768 609 1852 pontificium
627 1767 743 1827 babere
762 1787 828 1824 non
855 1767 979 1827 debeat.
1002 1769 1101 1846 Quod
1119 1772 1144 1831 si
1159 1774 1268 1855 aliquan.

199 1861 241 1921 do
258 1855 374 1936 aliquis
395 1872 435 1913 cx
452 1853 526 1934 ipsis
541 1860 596 1910 aut
607 1849 743 1910 heredes
763 1869 874 1908 eorum
888 1848 949 1909 hoc
968 1861 1112 1913 emutare
1128 1855 1267 1930 voluerint,

199 1949 253 2002 aut
273 1937 410 2020 amplius
430 1933 597 2015 requirere
614 1953 710 2012 quam
724 1930 1005 2012 accepitvoluerit
1033 1946 1090 1996 aut
1117 1936 1267 2004 adsumere,

198 2025 319 2084 inferat
338 2017 407 2101 pari
424 2039 481 2077 sno
501 2019 559 2077 ista
578 2024 646 2074 tuta
661 2013 801 2075 servanti
823 2014 892 2074 auri
913 2013 1011 2078 libras
1039 2025 1158 2097 tantas,
1176 2020 1268 2102 argenti

197 2105 328 2190 pondua
347 2109 453 2173 tanta,
476 2109 508 2159 et
535 2098 624 2180 quod
653 2096 772 2180 repetit
800 2096 964 2180 vindicare
998 2119 1067 2159 non
1101 2105 1209 2180 valeat,
1231 2103 1269 2162 sul

201 2206 350 2270 praesens
362 2179 467 2266 pactio
485 2181 572 2241 omni
589 2189 731 2263 tempore
747 2178 838 2238 firma
850 2191 1049 2262 permaneat.
1091 2181 1268 2270 stipulatione

199 2269 353 2332 subnexa.
394 2263 521 2326 Actum.
689 2309 695 2317 ,

616 2343 773 2407 Libellum
794 2345 890 2409 dotis.

283 2461 360 2530 XV,
401 2461 499 2540 Quod
516 2460 658 2538 bonum,
679 2463 836 2540 faustum,
859 2461 963 2541 felix,
985 2486 1203 2550 prosperumve
1215 2484 1266 2523 ere

201 2551 279 2614 uiat.
320 2549 369 2608 De
389 2545 610 2627 disponsandis
628 2545 878 2627 maritandisque
900 2547 1088 2626 ordinibus,
1111 2572 1145 2610 ac
1158 2567 1268 2632 procrea⁴

200 2630 501 2705 tioncliberorum,
523 2627 625 2692 causis
647 2649 728 2709 quae
757 2637 842 2690 stant
865 2651 995 2690 necesse
1027 2643 1093 2709 est,
1121 2642 1154 2690 ut
1176 2631 1267 2695 amula,

202 2717 299 2779 etiam
321 2711 471 2786 donatio,
493 2731 551 2792 per
566 2709 795 2792 scripturarum
810 2711 927 2772 seriem
939 2713 1122 2794 pleniorem
1142 2713 1269 2774 obtineant

202 2797 396 2860 firmitatem.
437 2793 546 2854 Donat
559 2791 658 2874 igitur
673 2793 898 2868 illeboncstae
916 2795 1046 2877 puellae
1058 2820 1094 2858 ac
1116 2796 1201 2856 nurui
1217 2813 1267 2853 suae

203 2881 303 2955 illac,
325 2897 440 2958 sponsa
457 2875 598 2936 filiosuo
618 2874 687 2952 illo,
707 2887 780 2934 ante
802 2876 853 2937 die
872 2877 1070 2958 nuptiarum,
1093 2876 1267 2956 donantisqne

205 2961 313 3024 animo
328 2959 479 3019 transfert
497 2969 529 3018 at
552 2979 593 3018 ue
611 2958 818 3036 transcribit,
847 2957 910 3020 hoc
940 2970 1005 3036 est,
1042 2963 1077 3021 in
1105 2971 1185 3022 tanto
1207 2961 1267 3018 dono

204 3043 284 3107 villa
301 3049 508 3124 nuncupante
527 2979 599 3117 illa,
630 3040 722 3102 sitam
746 3040 808 3119 ibi,
842 3063 915 3101 cum
950 3043 1046 3104 domo
1075 3045 1218 3124 condigna
1242 3037 1267 3095 al

203 3125 437 3200 habitandum,
458 3123 510 3183 vel
531 3120 619 3182 omni
638 3121 822 3205 integritate
845 3125 965 3186 ibidem
979 3127 1161 3208 aspiciente.
1197 3121 1267 3184 sini·

203 3210 327 3270 litaret
344 3205 377 3264 in
396 3205 479 3266 dotis
492 3203 622 3264 titulum
640 3205 717 3268 alias
738 3206 831 3268 villas
856 3221 1090 3288 nuncupantes.
1106 3211 1192 3286 illas,
1214 3206 1265 3266 sitas

204 3292 267 3369 ibi,
290 3287 448 3372 mancipia
468 3294 554 3346 tanta
580 3287 636 3346 illa
663 3297 695 3348 et
716 3287 794 3362 illa,
817 3287 903 3350 inter
927 3310 1041 3352 aurum
1066 3299 1264 3374 mergentem,

204 3374 414 3436 fabricaturas
434 3368 468 3428 in
488 3367 608 3430 solidos
620 3378 744 3446 tantos,
767 3370 906 3434 caballos
923 3381 1044 3452 tantos,
1066 3374 1160 3436 boves
1172 3381 1264 3440 tantos,

205 3477 332 3540 gregem
353 3472 526 3532 equarum,
549 3473 678 3532 gregem
696 3463 931 3531 armentorum,
961 3477 1090 3540 gregem
1112 3473 1263 3540 porcorum,

204 3559 334 3626 gregem
353 3535 477 3605 ovium;
496 3533 539 3592 ita
560 3543 595 3592 ut
611 3535 689 3594 haec
712 3535 818 3595 omnia
841 3557 901 3617 per
925 3559 1021 3598 manu
1042 3564 1096 3602 sna
1122 3540 1159 3600 ad
1182 3554 1264 3616 supra·

204 3623 319 3702 scripta
335 3616 445 3699 puella
463 3637 546 3676 uuro
560 3639 615 3676 sua
634 3615 690 3676 illa
713 3628 784 3678 ante
802 3617 855 3678 die
872 3621 1060 3702 nuptiarum
1077 3623 1200 3684 debeant
1215 3635 1265 3696 pel·-

203 3704 315 3766 venire
330 3710 361 3760 et
377 3699 408 3756 in
426 3721 482 3758 sua
497 3699 714 3759 dominatione
731 3721 902 3777 revocare,
934 3705 985 3762 vel
1010 3703 1162 3786 quicquid
1179 3697 1265 3760 exinde

203 3790 309 3848 facere
326 3781 466 3843 voluerit
485 3781 619 3843 liberam
636 3782 752 3843 babeat
770 3792 967 3864 potestatem.
990 3787 1121 3864 Quodsi
1140 3783 1200 3866 quis
1213 3799 1265 3840 con·

202 3881 250 3930 tra
265 3868 354 3928 bunc
367 3864 515 3923 libellum
533 3864 615 3924 dotis
633 3865 744 3926 venire
761 3876 794 3926 et
811 3889 885 3927 eum
903 3866 1088 3952 infrangere
1119 3860 1264 3932 conaverit,

202 3953 322 4014 inferat
335 3946 478 4032 partibus
502 3946 548 4006 ill.
568 3953 701 4007 tautum.
742 3949 786 4009 Et
803 3949 939 4030 reliqua.

452 4050 491 4110 Si
511 4049 625 4133 aliquis
644 4051 752 4134 puella
776 4053 877 4112 iuvita
897 4056 1045 4116 traxerit.

282 4157 376 4224 XVI.
417 4152 610 4244 Dulcissimo
624 4155 762 4238 coniuge
775 4175 847 4216 mea
869 4155 1006 4219 illailla.
1041 4161 1123 4220 Dum
1139 4167 1167 4220 et
1183 4165 1209 4216 te
1223 4169 1264 4238 per

200 4246 367 4324 voluntate
398 4239 568 4324 pareutum
591 4247 720 4300 tuorum
743 4237 842 4301 habui
867 4239 1098 4324 dispensatam,
1126 4249 1156 4304 et
1171 4237 1262 4316 absque
