2658 4978
212 324 240 377 s.
259 321 338 378 cus.
439 319 563 378 monn
597 317 818 380 raincounu
929 322 994 399 ets.
1105 311 1154 387 97

82 475 108 528 et
120 463 139 526 si
149 459 221 522 haec
239 459 414 523 discordiae
425 459 608 543 pestilentia
622 460 762 540 diutius,
784 469 938 556 operante
956 461 1166 551 humanige··

82 545 146 608 ueris
158 543 284 624 antiquo
298 543 406 620 hoste,
428 543 603 620 duraverit,
624 565 722 624 quam
741 543 914 606 exitiabilis
929 553 963 606 et
981 549 1166 623 mortifera,

77 630 176 703 existat,
192 627 305 686 melius
324 625 385 706 ipsi
404 625 501 686 scitis.
543 627 616 702 Qua
629 627 670 686 de
690 646 899 688 rememores
921 628 1002 708 quid
1022 630 1150 692 Veritas

74 709 156 770 missis
171 707 439 788 praedicatoribus
454 708 603 784 iusserit,
625 716 661 767 ut
674 706 804 768 divinus
828 709 948 772 Paulus
972 711 1070 789 dicit,
1101 715 1150 772 le-

71 793 173 870 gatione
182 787 348 870 fungimur
368 809 428 870 pro
444 787 591 866 Christo,
617 790 864 848 reconciliamini
877 791 965 868 Deo,
986 792 1147 876 legatione

69 893 118 954 pro
132 871 252 932 Christo
269 871 456 952 fungentes,
478 891 552 945 vos,
580 871 694 932 fratres
723 871 899 946 carissimi,
929 872 1049 955 legatos
1077 879 1148 938 Deo

70 961 170 1012 amatae
190 952 294 1033 pacis,
316 948 469 1032 quoniam
490 951 608 1012 exinde
630 951 692 1010 iam
716 952 869 1032 gloriosos
888 954 1056 1038 Principes
1074 978 1148 1018 noes

70 1044 123 1094 tros
136 1032 538 1095 KarolumetHlotharium
551 1033 725 1115 episcopali
745 1034 934 1098 auctoritate
953 1038 1147 1114 monuimus,

70 1111 103 1176 ad
115 1118 269 1176 Domuum
285 1113 524 1175 Hludouvicum
540 1115 660 1196 Regem
677 1114 852 1198 gloriosum
866 1116 1027 1180 mediante
1038 1121 1152 1182 Domi*

71 1219 104 1256 uo
120 1199 306 1271 ordinamus,
320 1195 404 1256 sicut
418 1196 564 1259 Salvator
577 1197 675 1258 dicit:
694 1197 734 1256 In
749 1217 901 1277 quamcun
923 1202 1148 1281 ue,inquieus,
1187 1244 1190 1254 ·

71 1279 179 1339 domum
196 1278 409 1349 intraveritis,
429 1281 565 1360 primum
579 1277 693 1338 dicite:
714 1278 789 1338 Parc
803 1279 874 1338 huic
893 1218 1012 1346 donini.
1054 1285 1099 1344 Et
1116 1284 1147 1344 si

69 1359 314 1443 ilifueritfilins
327 1362 436 1440 pacis,
460 1361 630 1441 requiescet
647 1379 742 1440 super
759 1359 849 1418 illum
859 1380 929 1454 pasc
945 1375 1056 1424 vestra.
1088 1363 1148 1425 Sin

69 1455 173 1520 autem,
198 1439 243 1501 ad
261 1461 319 1500 nos
343 1454 523 1501 revertetur.
565 1441 650 1518 Quia
665 1449 719 1499 aut
733 1441 795 1501 erit
813 1462 955 1522 quisque,
972 1444 1147 1524 praedesti·

69 1531 146 1584 uatus
167 1523 206 1584 ad
220 1522 336 1598 vitam,
358 1531 390 1582 et
408 1523 546 1583 coeleste
560 1523 696 1583 verbum
720 1531 873 1602 sequetur
897 1525 986 1604 quod
1015 1527 1144 1596 audien

68 1615 112 1664 aut
122 1605 145 1666 si
163 1605 272 1664 nullus
295 1604 405 1664 audire
432 1604 592 1681 voluerit,
621 1603 689 1686 ipse
718 1605 918 1685 praedicator
942 1606 1012 1671 sine
1037 1608 1147 1670 fructu

68 1705 122 1746 uon
138 1687 245 1764 luerit,
266 1686 418 1768 quonium
437 1686 467 1748 ei
488 1687 505 1745 d
519 1684 658 1747 Domino
672 1706 731 1768 pro
745 1685 853 1748 labore
869 1687 919 1748 sui
936 1687 1042 1772 operis
1063 1711 1147 1752 mer·

69 1789 111 1830 ces
127 1767 425 1850 recompensabitur.

134 1849 177 1912 ll.
216 1853 295 1912 Post
308 1851 518 1931 praedicatam
533 1870 611 1910 vero
624 1855 656 1911 et
674 1847 863 1932 postulatam
878 1873 1004 1934 pacem,
1026 1851 1145 1936 legatio·

71 1941 174 2010 vestrae
191 1932 400 1994 fraternitatis
417 1931 599 1994 huiusmodi
615 1931 676 1992 erit
693 1932 898 2010 conditionis,
913 1945 949 1995 ut
968 1935 1143 1998 isdemRex

71 2013 163 2092 nobis,
183 2025 215 2076 et
232 2014 356 2074 utinam
372 2017 460 2092 Deo,
482 2035 608 2098 semper
623 2011 790 2098 amabilis,
812 2013 1019 2078 admissorum
1035 2016 1142 2078 indul·

69 2095 190 2178 gentiam
210 2104 434 2176 consequatur.
1143 2145 1146 2150 .

137 2179 194 2240 lll.
237 2177 398 2240 Videlicet
416 2177 442 2237 si
457 2198 490 2238 se
505 2175 545 2238 de
562 2177 708 2237 omnibus
723 2199 804 2259 qnae
830 2199 887 2260 per
908 2200 981 2241 eum
999 2179 1140 2243 malitio-

66 2281 160 2320 sorum
170 2260 336 2320 homiuum
352 2259 556 2339 persuasione
588 2269 686 2339 atque
710 2260 896 2322 seductione
921 2263 955 2322 in
981 2261 1139 2345 parochiis

67 2344 167 2406 nostris
180 2345 376 2420 fratrumque
391 2351 570 2402 nostrorum
584 2350 763 2424 perpetrata
776 2352 850 2402 snut
862 2344 1018 2406 veraciter
1030 2365 1140 2428 recog·

67 2425 196 2501 noverit,
216 2425 301 2486 sicut
314 2421 468 2502 scriptum
484 2431 547 2486 est:
567 2425 665 2482 Irrsctn
678 2435 724 2482 est
737 2425 891 2484 Dominus
906 2423 955 2483 tis
967 2427 1021 2507 qui
1035 2428 1136 2488 tribu-

65 2505 120 2566 lato
142 2503 331 2572 suntcorde.
371 2506 430 2564 Et:
449 2503 646 2587 Sacrificium
663 2505 732 2564 Deo
755 2517 801 2564 cst
822 2506 952 2586 spiritus
976 2509 1136 2569 contribu-

65 2587 152 2657 latum
171 2586 324 2668 quoniam
339 2607 394 2646 cor
414 2585 586 2646 contritum
600 2595 633 2646 et
647 2585 849 2645 humiliatum
867 2586 954 2648 Deus
968 2609 1034 2649 uon
1046 2609 1136 2670 sper-

58 2669 115 2728 uit.
153 2669 192 2730 Et
211 2669 295 2731 sieut
312 2667 346 2726 hi
369 2667 425 2748 qui
446 2668 519 2730 licta
540 2669 643 2728 Deum
665 2675 841 2747 quaerunt,
872 2666 1020 2730 invenire
1049 2689 1136 2728 nuu-

66 2770 149 2830 quam
168 2759 349 2826 merentur,
371 2749 415 2808 ita
430 2769 528 2834 prope
543 2759 590 2810 est
607 2748 764 2810 Dominus
784 2747 932 2811 omuibus
954 2752 1135 2814 invocanti·

65 2830 115 2893 bns
129 2857 160 2894 se
178 2834 212 2894 iu
233 2835 378 2896 veritate.

134 2915 190 2982 Ν.
228 2915 271 2976 Et
296 2917 407 2996 sipost
425 2934 533 2976 veram
556 2908 811 2995 recognitionem
833 2909 958 2997 puriter
973 2915 1137 2980 confessus

64 2993 164 3069 fuerim
175 2997 250 3079 quia
267 2997 383 3060 iterum
395 2997 471 3058 dicit
486 2999 651 3078 Scriptura
666 3018 673 3056 ε
695 2998 757 3078 Qui
766 2997 930 3058 abscondit
940 2999 1133 3072 scelerasse,

65 3098 117 3138 uon
128 3077 287 3158 dirigetur.
311 3083 374 3162 Qui
389 3092 489 3139 aretem
502 3078 661 3158 confessus
669 3075 822 3158 seminet
832 3081 994 3160 reliquerit
1008 3102 1057 3151 ea,
1074 3085 1134 3140 mi*

65 3159 255 3220 sericordicm
274 3173 486 3244 consequetur.
527 3162 583 3220 Etr
605 3157 642 3218 Si
653 3152 858 3242 confiteamur
867 3175 996 3242 peccam
1014 3177 1132 3234 nostru,

56 3237 157 3320 fidelis
174 3255 219 3302 est
234 3255 264 3302 et
284 3244 382 3302 iustus
398 3255 431 3300 ut
447 3239 584 3302 remittat
598 3241 686 3301 nobis
698 3251 827 3324 peccatu
840 3253 966 3322 nostra,
989 3255 1018 3304 et
1033 3266 1134 3304 entim-

64 3319 108 3382 ἀεὶ
117 3343 171 3383 nos
187 3325 233 3384 ab'
242 3326 327 3384 omni
339 3323 509 3406 iniquitute.
793 3397 796 3404 Ι
962 3333 964 3338 ’

132 3403 170 3466 V.
210 3407 287 3466 Post
301 3427 412 3486 puram
426 3414 534 3465 autem
548 3404 792 3482 confessionem,
807 3399 832 3465 si
856 3401 1037 3486 promiserit
1054 3428 1135 3488 qnae
1159 3449 1163 3456 ·

63 3485 131 3546 male
146 3495 231 3570 gesta
245 3495 336 3562 sunt,
358 3509 416 3572 per
437 3485 549 3568 dignos
568 3487 785 3569 poenitentiae
802 3489 945 3565 fructus,
969 3491 1134 3568 praeveni·
1183 3513 1185 3517 ·

65 3575 143 3644 ente,
163 3570 353 3646 adiuvante,
375 3577 407 3630 et
422 3569 637 3651 subsequente
653 3568 762 3630 divina
783 3567 900 3648 gratia,
922 3589 955 3628 se
975 3590 1034 3649 pro
1057 3571 1137 3628 viri*

61 3643 374 3722 husemeudatnrum3
397 3651 483 3731 (quia
501 3653 653 3734 scriptum
671 3657 733 3726 est,
755 3649 861 3710 Facite
877 3647 1004 3728 fructus
1027 3644 1138 3728 dignos

60 3733 260 3811 poenitentiae)
278 3743 315 3794 ut
329 3742 417 3794 tanto
440 3733 558 3794 maiora
576 3741 709 3814 quaerat
726 3731 885 3791 bonorum
900 3751 1032 3810 opernm
1055 3733 1139 3812 quis-

63 3829 113 3890 que
134 3815 221 3875 lucra
247 3836 306 3896 per
334 3814 585 3896 poenitentiam,
614 3822 736 3896 quanto
763 3811 907 3894 graviora
937 3813 997 3872 sibi
1027 3813 1139 3874 intulit

63 3889 158 3955 damus
171 3917 230 3980 per
248 3898 398 3978 culpam,
419 3897 573 3976 quoniam
594 3906 627 3958 et
641 3895 690 3954 illi
705 3894 790 3954 beati
812 3914 947 3974 quorum
972 3903 1055 3954 tecta
1081 3892 1138 3953 tu·

63 3971 103 4034 uis
118 3977 261 4059 operibus
275 3975 351 4038 sunt
367 3985 512 4060 peccatu)
528 3991 561 4042 et
581 3988 617 4041 ut
634 3975 787 4058 scriptum
805 3981 869 4050 est,
891 3975 967 4055 quia
985 3994 1140 4056 peccarit,

61 4063 87 4146 et
103 4062 252 4141 populum
269 4081 402 4146 peccare
417 4061 513 4140 feeit,
534 4071 621 4128 tanta
634 4058 699 4120 sint
715 4055 800 4119 bona
832 4061 1031 4148 quacptanta
1067 4080 1141 4136 opu-

59 4149 131 4201 rum
148 4143 247 4207 mala.v

129 4219 182 4300 VI.
223 4221 351 4288 Deinde
381 4225 407 4288 si
431 4224 642 4310 spoponderit
675 4219 715 4300 sd
744 4243 855 4306 pacem
878 4229 910 4281 et
939 4218 1143 4294 concordiam

826 4339 1125 4410 -7
