2786 4980
170 311 220 392 tc
296 325 298 332 ’
362 337 411 396 sa.
431 327 515 396 cat.
620 332 871 406 sauromata.
976 339 1035 416 345,
1116 377 1119 384 .

164 495 246 558 num
267 473 391 538 evocati
413 493 534 553 sumus,
555 475 646 558 quod
666 477 811 560 deposita
833 477 1011 566 discordia,
1033 487 1122 552 unde
1143 498 1191 552 tot
1205 513 1276 556 ma.

168 557 201 621 la
220 568 464 644 processerunt,
485 579 569 640 quae
595 569 628 620 et
650 583 838 624 enumerare
860 563 994 649 longum
1017 581 1086 650 est,
1117 583 1150 634 et
1169 574 1275 637 decli.

166 663 243 704 nare
271 642 377 704 adbuc
408 639 631 725 impossibile,t
653 643 781 706 redistis
810 647 850 706 ad
878 672 991 731 pacem
1026 675 1100 714 cum
1120 657 1276 721 fratribus

165 725 291 803 vestris,
313 745 411 808 quam
436 734 468 785 et
497 734 610 785 natura
630 726 723 788 vobis·
744 737 775 789 et
796 731 954 814 religione
977 735 1119 800 debetis:
1151 739 1186 799 in
1208 764 1276 824 qua

165 817 203 874 ut
223 830 350 892 semper
376 809 533 868 maneatis
554 829 615 892 per
635 810 817 891 Christum,
840 816 897 895 qui
920 840 982 899 pax
1005 830 1115 880 nostra
1141 831 1199 898 est,
1213 826 1276 886 ob.

158 892 343 963 'secramus;
360 902 397 952 ut
417 889 473 972 qui
490 891 641 954 maximas
664 915 716 954 res
738 905 857 957 vestras
873 898 1039 969 ⁴discordia
1060 925 1144 986 pene
1167 905 1276 990 dilap-

165 995 215 1036 sas
234 973 372 1050 ridetis,
405 974 579 1052 concordia
599 986 632 1037 et
653 976 717 1037 fido
740 978 899 1042 adiutorio
921 983 1078 1046 relevatas
1100 988 1164 1048 cito
1186 991 1274 1072 aspi-

164 1056 266 1118 ciatis.
295 1057 514 1119 ,Credendum
536 1066 583 1120 est
606 1059 694 1120 enim
713 1062 797 1133 Deo,
813 1063 853 1123 de
880 1085 944 1145 quo
959 1069 1143 1131 verissimae
1167 1073 1275 1133 conti.

165 1147 247 1201 nent
268 1137 411 1200 litterae:
426 1138 618 1200 Potestutem
632 1143 725 1202 landet
746 1143 901 1206 Excelsus
923 1149 956 1206 in
977 1171 1072 1230 regno
1097 1155 1275 1228 ltominum',

164 1235 197 1283 ct
217 1224 391 1305 cuicunque
417 1223 566 1297 uoluerit,
589 1221 679 1284 dabit
705 1225 809 1296 alud,-
838 1238 871 1289 et
891 1231 948 1310 qui
972 1231 1158 1314 dignatione
1180 1237 1278 1298 mira-

162 1302 224 1371 bili
245 1304 435 1388 pollicetur:
456 1306 548 1378 Beati
564 1305 707 1388 purifici,
731 1311 877 1390 quonium
889 1311 964 1396 filii
983 1317 1046 1375 Dei
1072 1320 1277 1382 vocabamur,

164 1388 355 1464 Caeterum,
383 1387 460 1469 quia
482 1386 594 1449 eodem
614 1391 685 1449 Deo
706 1390 882 1472 inspirante
913 1395 1034 1477 dignati
1062 1401 1138 1463 estis
1160 1401 1275 1464 iubere

162 1479 200 1530 ut
221 1469 261 1531 de
284 1477 369 1532 statu
387 1470 567 1549 Ecclesiae,
589 1472 647 1552 qui
666 1472 877 1536 vehementer
893 1479 1115 1560 magnitudine
1130 1505 1166 1544 ac
1187 1486 1278 1547 mul-

157 1551 305 1620 titudine
332 1564 538 1635 peccatorum
566 1564 749 1616 nostrorum
774 1560 928 1621 confusus
953 1573 1019 1640 est,
1054 1576 1275 1646 tractaremus,

163 1634 199 1696 in
225 1635 357 1698 nomine
376 1645 408 1697 et
435 1635 598 1697 adiutorio
623 1637 709 1715 eius,
743 1661 824 1720 qaae
852 1647 1016 1704 communi
1038 1649 1274 1712 deliberatione

162 1718 354 1799 reperimus,
363 1718 550 1802 celsitudini
566 1728 690 1781 vestrae
713 1743 749 1782 ac
766 1725 878 1804 populi
898 1726 1002 1788 tidelis
1025 1730 1190 1792 devotioni
1208 1731 1276 1793 hu-

162 1801 286 1866 militer
306 1801 475 1885 aperimus.
516 1803 630 1883 Neque
663 1803 751 1864 enim
777 1828 835 1867 nos
861 1808 960 1870 iustos
988 1814 1163 1894 approbare
1193 1837 1276 1876 con.

161 1884 341 1958 tendimus;
367 1884 625 1948 consideratione
651 1887 867 1950 conscientiae
891 1903 1017 1954 nostrae
1043 1897 1131 1956 illud
1158 1899 1276 1958 Hiere-

163 1968 247 2032 miae
271 1967 462 2052 suppliciter
486 1967 649 2030 dicamus:
685 1971 911 2033 Misericordia
937 1977 1085 2050 Domini,
1114 1982 1275 2060 quianon

162 2071 268 2116 sumus
286 2052 482 2136 consumpti,
504 2054 579 2134 quia
596 2073 660 2112 non
669 2051 851 2130 defecerunt
866 2058 1080 2120 miserationes
1091 2064 1187 2127 eiusf
1209 2064 1276 2125 Sed

162 2132 205 2210 ad
226 2135 334 2196 Deum
350 2136 489 2214 reverti,
520 2144 553 2196 ct
577 2155 634 2195 vos
656 2137 824 2204 nobiscum
845 2137 979 2201 trabere·
995 2143 1198 2222 meditantes,
1222 2147 1275 2204 of.

162 2216 274 2279 ficium
300 2227 446 2280 nostrum
472 2217 682 2300 exequimur,
705 2219 830 2280 cunctis
853 2221 1136 2301 adquiescentibus
1157 2231 1274 2309 profa-

161 2309 282 2367 turum.
325 2300 457 2383 Quippe
485 2321 551 2360 non
570 2301 662 2361 vobis
688 2312 812 2379 nostra,
834 2305 891 2364 sed
906 2305 994 2366 illius
1009 2309 1198 2371 auctoritate
1221 2312 1273 2370 lo-

164 2383 297 2467 quimur
316 2382 374 2466 qui
401 2383 462 2443 ait:
502 2382 566 2464 Qui
593 2397 638 2444 est
663 2405 705 2445 ecc
728 2386 808 2460 Deo,
830 2387 928 2446 uerbo
952 2388 1015 2448 Dei
1039 2392 1138 2452 eradit.
1169 2392 1274 2453 'Absit

162 2477 271 2530 autem
291 2475 327 2527 ut
351 2466 386 2526 in
408 2465 499 2528 vobis
521 2465 694 2548 impleatur
717 2469 804 2550 quod
827 2469 987 2551 sequitur:
1014 2474 1190 2558 Propterea
1219 2497 1274 2536 uos

162 2569 228 2620 non
245 2549 382 2622 auditis,
406 2550 545 2631 quinem
571 2549 640 2611 Deo
662 2571 725 2610 non
752 2552 835 2611 estis‘.
1050 2577 1075 2587 ··
1286 2574 1287 2580 ¹

246 2631 274 2696 Ι.
317 2634 429 2714 Itaque
448 2653 512 2698 vos,
525 2631 628 2714 primo
652 2633 944 2714 convenimus-ut,
966 2637 1043 2718 quia
1071 2649 1177 2700 vestra
1195 2651 1274 2721 prc-

161 2715 246 2779 bitas
263 2711 407 2778 'cunctis'
428 2715 520 2778 vobis
541 2723 648 2797 potest
676 2716 826 2798 prodesse
851 2719 1021 2794 subiectis,
1060 2722 1185 2782 cultum
1211 2723 1273 2782 Dei

161 2801 260 2863 rebus
280 2800 429 2862 omnibus
448 2797 645 2879 praeferatis.
683 2801 831 2878 *Namque
853 2800 920 2882 ipse
946 2803 1044 2862 dicit:
1082 2806 1146 2886 Qui
1169 2805 1273 2883 glori-

162 2881 264 2956 ficant
285 2903 346 2952 me,
361 2879 549 2964 glorificabo
571 2901 632 2941 eos.
677 2883 742 2963 Qui
754 2895 856 2942 eutem
875 2898 1075 2945 contemnunt
1096 2909 1157 2959 nze,
1180 2897 1275 2946 crunt

161 2965 325 3045 ignobiles.
366 2967 538 3027 Praeterea
558 2963 812 3024 misericordiam
832 2973 864 3024 ct
889 2964 1046 3026 iudicium
1077 2979 1174 3050 atque
1209 2969 1276 3029 ius-

161 3046 267 3108 titiam
299 3046 513 3118 conservetis
543 3047 668 3108 scilicet
692 3055 728 3106 ut
751 3047 970 3108 misericordia
994 3060 1152 3133 temperet
1177 3073 1275 3113 seve·

161 3129 295 3210 ritatem
314 3128 494 3212 potestatis,
517 3128 674 3190 iudicium
696 3129 884 3210 comprimat
908 3129 1065 3194 obstinate
1087 3145 1275 3216 peccantes,

160 3210 285 3290 iustitia
306 3211 504 3274 merentibus
528 3212 626 3293 digna
646 3212 803 3276 restituat.
846 3212 1031 3294 Siquidem:
1058 3218 1150 3276 Beati
1175 3221 1274 3276 mise-

162 3291 319 3366 ricordes,
336 3295 485 3378 quonium
502 3295 565 3376 ipsi
576 3293 828 3356 misericordiam
844 3310 1079 3376 consequentur.
1111 3301 1171 3360 Et:
1194 3302 1275 3360 Beu-

160 3380 189 3454 ,μ’
210 3377 266 3459 qui
289 3375 470 3438 custodiunt
495 3376 647 3436 iudicium
665 3389 694 3436 et
709 3377 838 3457 jaciunt
857 3379 1008 3438 iustitium
1029 3383 1063 3440 in
1085 3385 1171 3444 onzni
1192 3396 1273 3442 tem-

158 3480 249 3544 pore.
290 3459 350 3522 Et:
366 3459 483 3520 Honor
499 3459 590 3538 Regis
611 3458 770 3519 iudicium,
784 3458 899 3538 diligit.
940 3461 998 3522 Et:
1020 3465 1142 3523 iustitie
1153 3464 1276 3548 firmu-

162 3545 193 3604 ri
213 3544 359 3606 thronum
376 3543 488 3623 Regis,
518 3541 744 3622 sapientissimi
769 3542 965 3620 Salomonis,
991 3545 1093 3606 immo
1117 3570 1175 3627 per
1198 3569 1275 3606 eum

156 3616 326 3708 ,loquentis
348 3625 429 3702 Dei,
459 3624 569 3707 prodit
591 3624 772 3684 auctoritas.
807 3625 938 3684 Taliter
968 3628 1059 3688 vobis
1088 3631 1274 3710 agentibus,

151 3710 216 3775 'vel
240 3709 444 3771 incruentam
463 3707 574 3784 robis,
594 3716 634 3784 ¹ut
657 3707 827 3781 credimus,
850 3707 902 3767 vel
926 3707 1041 3768 iustam
1067 3712 1106 3772 de
1124 3711 1275 3774 hostibus

160 3792 329 3858 victoriam
353 3789 462 3852 divina
484 3791 584 3871 gratia
604 3789 797 3872 providebit.
818 3791 976 3870 Exemplo
998 3794 1087 3854 vobis
1112 3816 1180 3854 esse
1201 3817 1275 3877 pos.

154 3884 239 3944 sunt
258 3872 365 3936 Dauid
390 3882 423 3935 et
443 3871 611 3949 Ezechias,
633 3871 689 3951 qui
713 3871 829 3937 merito
848 3872 1024 3935 sanctitatis
1044 3877 1193 3936 inimicos
1212 3875 1274 3958 po‘..

158 3959 232 4045 ·puli
258 3957 332 4036 Dei,
356 3956 410 4017 vel
430 3951 604 4037 pugnando
627 3952 679 4012 vel
705 3953 844 4027 oraud0,
877 3953 1016 4015 mirabili
1037 3959 1276 4022 celeritate-vi-

161 4048 294 4105 cerunt:
324 4041 384 4102 sed
405 4049 437 4100 et
463 4036 673 4100 domesticum
694 4035 804 4108 lumen
829 4036 1003 4116 Imperator
1023 4041 1184 4119 Karalus,
1214 4043 1275 4123 qni

159 4122 381 4204 nomenquod
399 4121 539 4182 familiae
559 4127 679 4178 vestrae
695 4117 833 4197 peperit,
843 4117 1025 4200 clarissimis
1037 4123 1160 4185 actibus
1181 4127 1276 4186 ador-

162 4205 259 4268 navit.
302 4207 369 4265 Nec
382 4205 474 4287 regui
494 4202 584 4263 vobis
602 4199 847 4280 amplitudinem
861 4222 896 4259 ac
916 4203 1108 4264 soliditatem
1127 4217 1275 4268 tantum-

164 4287 268 4350 modo.
291 4309 402 4349 vorum
425 4288 522 4348 ctiam
549 4284 634 4346 vobis
658 4285 740 4345 bene
768 4283 968 4364 gerentibus,
991 4296 1064 4370 post
1088 4289 1173 4353 vitae
1207 4291 1274 4352 hu.
