2746 4992
236 327 360 380 aena.
459 319 812 376 nneuuraaucoauu
888 325 968 382 aas.
1096 302 1166 380 227

81 468 309 536 incarnationis
352 463 638 524 DCCCLXXXIV.
679 484 762 520 anno
801 472 905 523 autem
938 467 1029 546 regni
1066 471 1166 527 nostri

80 558 213 638 quinto,
236 548 415 608 indictione
435 545 592 619 secunda,
614 565 721 603 mense
742 545 854 604 blartio
883 543 1179 627 convenissemus,⁸

80 650 109 698 et
125 635 196 718 pairs
209 631 350 690 bdelium
361 637 541 688 nostrorum
556 627 730 703 nobiscum,
745 628 864 706 placuit
884 638 919 686 ut
932 631 1085 709 quaedam
1102 642 1165 691 sta-

78 730 142 780 tuta
152 735 312 776 sacrorum
323 713 489 770 Cauouum
511 729 635 767 necnon
657 711 810 788 quaedam
821 710 966 792 Capitula
985 721 1164 774 antecesso-

78 825 148 862 rum
162 807 340 856 uostrorum
352 800 593 866 renovarentur,
608 791 681 871 quia
697 791 836 871 graviter
848 793 1020 853 etmoleste
1034 796 1166 856 ferimus

79 883 165 964 quod
185 877 323 961 peccatis
342 873 605 954 impedientibus,
628 881 662 930 et
672 872 800 932 malitiis
813 894 1032 953 perversorum
1060 877 1165 938 bomi-

80 987 159 1024 num
178 957 444 1031 exuberantibus,
466 955 549 1014 ultra
568 955 697 1012 modum
713 954 872 1014 vilescunt
889 966 982 1036 atque
1006 979 1087 1039 pene
1108 961 1164 1018 ad-

80 1047 203 1106 nullata
230 1041 393 1107 existunt,
416 1037 584 1116 praecipue
601 1037 656 1094 illa
675 1057 756 1117 quae
770 1047 880 1096 eontra
902 1040 1019 1098 malum
1037 1042 1165 1124 rapinae

81 1140 110 1189 et
136 1121 391 1206 depraedationis
413 1120 429 1177 a
452 1118 566 1178 sanctis
587 1118 732 1178 Patribus
757 1128 832 1177 sunt
855 1121 1070 1202 promulgata,
1093 1132 1124 1183 et
1150 1123 1169 1181 u

80 1203 356 1270 christianissimis
392 1200 529 1280 Regibus
562 1199 745 1259 auctoritate
773 1200 860 1280 regia
892 1203 1085 1270 confirmata,
1133 1205 1166 1264 Si

82 1291 210 1372 quidem
225 1287 268 1344 ita
286 1283 400 1365 passim
417 1281 511 1362 longe
539 1283 666 1361 lateque
689 1281 748 1342 hoc
775 1301 936 1342 venenum
964 1286 1112 1348 diffusum
1138 1298 1168 1346 ct

83 1375 259 1452 dispersum
280 1375 325 1425 est
343 1375 379 1424 ut
399 1365 486 1444 quasi
507 1364 608 1423 libere
625 1365 685 1420 iam
703 1364 783 1423 male
800 1364 970 1424 abutantur
986 1390 1094 1428 omnes
1121 1370 1167 1426 in·

85 1453 163 1514 fecti
183 1460 216 1510 et
232 1447 372 1527 corrupti
400 1466 532 1524 corpore
560 1457 591 1506 et
623 1447 726 1503 anima
754 1444 816 1505 hoe
836 1457 900 1506 tam
927 1448 1167 1511 sceleratissimo

81 1547 177 1616 atque
200 1529 363 1590 mortifero
379 1527 508 1603 morbo,
532 1549 595 1586 nou
621 1527 829 1607 recogitantes
851 1523 913 1588 hoe
945 1531 1032 1610 quod
1051 1535 1169 1592 Paulus

81 1619 178 1691 dicit,
200 1614 295 1672 imme
313 1613 399 1670 Deus
419 1609 619 1686 omnipotens
636 1629 694 1688 per
716 1609 836 1690 ipsum:
872 1612 1010 1693 Rapaces
1043 1634 1169 1692 reguum

79 1702 142 1759 Dei
156 1718 220 1757 nou
238 1691 447 1778 possidebunt.
489 1693 601 1771 Neque
616 1690 698 1749 illud
714 1693 800 1770 quod
820 1692 896 1751 alibi
921 1692 1089 1773 Apostolus
1108 1697 1168 1772 ait,

80 1781 157 1862 quia
174 1779 201 1837 si
224 1775 428 1855 nosmetipsos
448 1773 641 1833 comedimus
662 1781 693 1830 et
710 1774 944 1848 consumimus,
967 1775 1001 1834 id
1021 1789 1085 1856 est,
1117 1778 1170 1838 de·

79 1861 288 1944 praedamur,
312 1857 374 1915 cito
397 1855 588 1919 deficiemus,
630 1853 816 1934 Completur
834 1877 908 1937 ergo
929 1856 962 1914 in
982 1860 1083 1936 nobis,
1109 1861 1169 1916 im-

81 1967 133 2002 mo
155 1962 212 2024 per
237 1960 312 2012 nos,
335 1936 421 2018 quod
435 1935 634 2020 omnipotens
659 1937 745 1996 Deus
762 1951 820 2016 per
842 1937 955 1998 isaiam
979 1941 1170 2023 Proplietam

82 2029 277 2106 improperat
296 2021 426 2079 dicens:
453 2019 665 2100 Unirsquisque
682 2038 805 2076 carnem
818 2020 937 2079 brachii
953 2023 1002 2079 sui
1021 2026 1166 2094 vorabit,

81 2109 115 2167 id
132 2115 201 2180 est,
223 2102 425 2164 substantiam
441 2100 545 2160 fratris
562 2101 610 2160 sui
629 2099 765 2179 diripiet.
821 2103 956 2161 Carnem
985 2103 1070 2164 enim
1096 2107 1169 2168 bra-

81 2189 147 2249 clrii
165 2185 216 2245 sui
231 2187 381 2257 devorat,
404 2191 435 2241 et
451 2183 636 2262 sanguinem
656 2180 776 2240 brachii
798 2183 848 2242 sui
876 2184 974 2261 bibit,
1007 2187 1064 2266 qui
1094 2189 1169 2247 sub-

81 2267 231 2331 stantiam
248 2264 383 2346 proximi
403 2264 449 2340 sui
474 2265 569 2339 tollit,
589 2265 672 2322 uude
689 2285 761 2322 caro
778 2267 945 2326 sustentari
961 2267 1078 2334 debuit.
1099 2270 1170 2330 Non

82 2361 129 2412 est
144 2358 253 2408 autem
267 2347 380 2404 mirum
402 2346 428 2404 si
447 2347 565 2426 Pagani
583 2355 614 2405 ct
642 2355 767 2405 exterae
789 2346 932 2408 nationes
953 2349 1043 2410 uobis
1070 2352 1172 2410 <lauria

86 2442 220 2505 uantur,
243 2431 396 2510 nobisque
415 2427 694 2510 bonatemporalia
714 2427 839 2502 tollant,
862 2429 937 2488 dum
954 2434 1173 2513 unusquisque

82 2514 235 2597 proximo
256 2533 312 2571 suo
332 2510 471 2590 pervim
490 2509 674 2568 tollituade
700 2509 808 2568 vivere
833 2509 936 2571 debet.
988 2513 1066 2572 ldeo
1092 2515 1172 2574 iuste

84 2595 243 2658 convenit
256 2586 345 2654 nobis
363 2591 445 2650 illud
460 2591 546 2670 quod
567 2591 764 2670 omnipotens
784 2593 871 2651 Deus
887 2614 945 2674 per
965 2593 1076 2654 isaiam
1092 2595 1173 2655 Pro-

79 2679 216 2760 phetam
237 2674 376 2732 minatur
392 2673 519 2736 dicens:
544 2673 577 2732 V
574 2695 608 2731 ac
635 2673 689 2754 qui
707 2671 891 2752 praedaris,
920 2695 1020 2734 nonne
1047 2691 1077 2734 et
1108 2679 1173 2759 ipse

77 2757 314 2844 praedaberis?
353 2755 415 2814 Nos
433 2775 507 2816 vero
521 2755 710 2833 praedamur
722 2755 834 2813 fratres
855 2764 978 2832 nostros
1003 2765 1033 2817 et
1053 2758 1173 2817 idcirco

79 2840 208 2920 Pagani
239 2835 351 2896 merito
382 2858 439 2896 nos
467 2845 667 2914 nostramque
697 2835 902 2894 substantiam
932 2837 1173 2920 depraedantur.

80 2919 257 2999 Quomodo
283 2919 379 3000 igitur
403 2917 505 2977 securi
533 2918 705 2998 poterimus
722 2938 871 2998 ,pergere
898 2930 1007 2980 contra
1029 2921 1174 2981 inimicos

80 3013 215 3064 sanctae
233 3002 294 3060 Dei
323 3000 484 3060 Ecclesiae
509 3008 539 3058 et
562 3009 700 3074 nostros,
723 3020 795 3058 cum
820 3001 929 3080 rapina
953 3005 1101 3083 pauperis
1123 3007 1175 3063 in<a

79 3087 178 3146 clusa
195 3082 287 3142 estin
309 3083 400 3141 domo
417 3083 542 3142 nostra?
564 3091 595 3140 ct
622 3102 685 3138 non
715 3081 816 3140 solum
842 3081 926 3140 domi
955 3086 1078 3146 reclusa
1111 3099 1174 3161 est,

83 3164 312 3226 verumetiam
339 3165 525 3245 plerumque
549 3163 656 3222 evenit
680 3171 715 3220 ut
742 3164 837 3242 pleno
865 3173 976 3225 ventre
999 3169 1110 3248 rapina
1141 3171 1174 3226 iu

82 3250 214 3308 hostem
230 3245 357 3326 quidam
371 3245 622 3326 proficiscantur.
664 3246 705 3304 Et
731 3244 890 3322 quomodo
917 3249 1090 3325 poterimus
1117 3251 1177 3309 ini-

80 3332 188 3390 micos
207 3337 327 3388 nostros
342 3327 512 3386 devincere
528 3371 535 3399 ,
560 3348 631 3386 curn
643 3327 768 3406 sanguis
790 3327 918 3384 fratrum
937 3339 1116 3390 nostrorum
1138 3334 1177 3390 ab·

81 3435 138 3471 ore
161 3420 272 3468 nostro
298 3409 450 3484 distillat,
474 3419 505 3466 et
522 3430 632 3468 manus
653 3418 777 3466 nostrae
792 3408 905 3488 plenae
924 3420 998 3468 suut
1011 3413 1176 3492 sauguine,

79 3505 113 3554 et
138 3491 273 3552 brachia
293 3491 433 3570 pondere
453 3491 650 3548 miseriarum
671 3501 702 3546 et
716 3489 897 3568 rapinarum
913 3503 1105 3570 gravantur,
1126 3505 1178 3555 to-
1217 3487 1227 3500 Ν

79 3587 185 3656 taque
199 3573 297 3632 virtus
318 3572 414 3629 animi
438 3573 642 3654 corporisque
658 3570 859 3630 debilitatur?
880 3573 994 3632 Preces
1021 3578 1179 3634 nostraeb

79 3660 154 3716 Deo
183 3676 245 3712 non
265 3654 476 3731 recipiuntur,
499 3653 574 3734 quia
598 3653 753 3712 clamores
771 3662 802 3710 et
818 3651 958 3732 ploratus
972 3654 1098 3736 altaque
1115 3679 1179 3716 sns-

78 3739 169 3818 piria
186 3757 362 3816 pauperum
378 3743 409 3794 ct
429 3735 659 3816 orphanorum,
681 3733 877 3814 pupillorum
900 3745 994 3816 atque
1012 3737 1179 3797 viduarum

78 3825 325 3902 praeoccupant
348 3825 381 3874 et
404 3817 614 3896 praeveniunt
638 3837 748 3897 preces
770 3825 911 3894 nostras,
953 3839 1033 3897 quae
1071 3821 1180 3881 crudis

80 3901 239 3961 carnibus
263 3901 393 3956 fratrum
421 3907 601 3957 nostrorum
622 3907 763 3978 gravatae
787 3896 1019 3958 raucitudinem
1047 3922 1179 3982 accepe-

80 3993 183 4056 runt,
206 3981 327 4038 unllam
343 3980 547 4040 sonoritatem
564 3979 716 4038 virtutum
733 3977 896 4043 hahentes.
938 3981 980 4039 Et
1001 3994 1074 4040 sunt
1087 3985 1180 4042 multi

79 4065 142 4145 qui
167 4085 208 4124 cx
224 4062 288 4142 ipsa
306 4061 415 4140 rapina
429 4061 811 4140 videntur'eleemosynus
828 4063 953 4135 facere,
977 4085 1040 4121 uon
1058 4065 1180 4124 intelli-

81 4155 201 4225 gentes
223 4143 307 4222 quod
332 4143 368 4200 de
391 4143 503 4202 talibus
531 4143 610 4201 dicit
636 4142 758 4201 Esaias:
783 4143 844 4222 Qui
864 4142 961 4221 offert
986 4145 1115 4206 Domino
1143 4147 1181 4204 de

80 4228 205 4309 rapina
223 4226 428 4296 ablutionem,
450 4226 539 4304 quusi
558 4226 610 4305 qui
633 4238 742 4282 incartet
755 4222 863 4305 fitium
888 4237 956 4282 aute
972 4242 1103 4305 parrana
1141 4232 1182 4288 Et
