2746 4992
185 293 258 362 270
406 311 533 364 aruir.
636 311 871 366 carrrueunu
969 319 1046 372 ssa..

183 451 288 512 bonae
314 449 567 512 conversationis
591 447 652 508 sibi
679 445 802 508 conscii
822 463 909 528 sunt,
939 457 1146 535 palam-lateri
1171 479 1246 520 recu·

183 533 314 610 sabaut,
344 553 384 593 ne
412 530 459 592 sui
497 532 637 611 ipsorum
669 531 849 597 laudatores
879 537 1071 598 viderentur.
1109 539 1166 616 Qui
1187 565 1249 603 vero

182 615 413 698 negligentiam
433 636 521 674 suam
540 623 796 694 recognoseunt,
824 641 912 680 more
934 619 1061 678 humani
1091 620 1197 703 ingenii
1224 647 1249 685 se

182 698 268 780 ipsos
301 717 451 760 accusare
489 697 690 760 verebantur.
751 698 842 761 quta
870 703 1142 763 commonitionem
1164 713 1249 767 tamen

180 789 317 842 vestram
346 779 533 860 diligentius
554 787 812 861 perscrutantes,
843 786 999 866 quosdam
1022 786 1126 866 quales
1151 786 1251 848 deside.

180 863 268 938 ratis,
295 863 471 945 qualesque
493 861 607 943 populi
628 862 689 921 Dei
704 863 849 927 Pastores
869 876 903 927 et
925 869 1073 928 Rectores
1087 888 1148 927 esse
1167 869 1251 948 debet,

185 946 379 1006 invenimus.
422 945 641 1020 Quorumdam
663 965 739 1004 vero
774 950 1006 1031 negligentiam
1030 951 1080 1011 vel
1106 971 1172 1028 erga
1197 953 1252 1014 Cle·

177 1027 321 1088 ricorum
348 1049 479 1090 suorum
508 1026 683 1087 custodiam
705 1024 756 1088 vel
782 1052 855 1112 erga
870 1033 1014 1114 plebium
1035 1025 1251 1094 sollicitudinem

178 1113 372 1191 reperimus;
401 1111 518 1188 quibus
544 1117 580 1170 ut
599 1109 836 1190 aliquantulum
861 1115 1054 1176 emendandi
1072 1113 1195 1196 spatium
1211 1117 1252 1176 tri-

177 1193 293 1271 buatis,
320 1193 487 1253 humiliter
512 1192 657 1273 petimus.
700 1195 765 1270 Qui
785 1196 812 1257 si
834 1198 898 1259 cito
912 1198 1031 1260 delicta
1051 1219 1113 1256 uon
1135 1220 1251 1260 correus·

178 1276 264 1354 rint,
293 1276 449 1338 severiori
471 1275 649 1336 sententiae
673 1277 892 1340 subiacebunt.

269 1360 309 1424 ll.
353 1362 522 1420 Caeterum
542 1359 568 1418 si
586 1358 724 1439 quilibet
748 1361 904 1421 laieorum
918 1362 971 1424 rel
988 1363 1179 1424 Clericorum
1197 1383 1252 1422 con·

178 1451 226 1502 tra
247 1443 445 1524 Episcopum
471 1442 523 1502 vel
545 1441 682 1501 alicuius
706 1444 828 1503 ordinis
844 1445 1009 1506 Clericum
1037 1445 1155 1526 aliquid
1178 1466 1253 1526 quae-

176 1525 270 1599 ritur,
286 1525 435 1585 rnwerint
451 1547 507 1584 nos
526 1530 651 1605 paratos
669 1532 700 1582 et
717 1525 892 1606 legitimam
906 1529 1060 1609 praebere
1076 1525 1252 1601 audientiam,

177 1617 210 1667 et
228 1607 349 1688 siquid
368 1630 537 1689 perperam
560 1605 691 1688 gessisse
713 1611 838 1690 probati
859 1610 993 1686 luerint,
1018 1610 1122 1672 debita
1141 1608 1253 1670 animad-

180 1691 328 1750 versione
348 1691 470 1772 puniri.
759 1695 762 1702 '

260 1775 318 1832 ΙΙΙ.
361 1774 515 1832 Doctrina
537 1778 660 1832 verost
693 1771 889 1852 praedicatio
924 1775 956 1832 in
980 1776 1159 1858 populum,
1197 1792 1255 1856 prr-

175 1854 231 1914 tim
258 1855 493 1936 Episcopnrum
521 1862 554 1914 et
580 1853 781 1934 reliquorum
808 1857 1038 1933 Sacerdotem,
1065 1857 1173 1938 partim
1195 1874 1254 1914 vero

182 1938 292 2019 populi
315 1939 530 2019 negligentia,
553 1959 616 1996 non
637 1937 718 1996 sicut
733 1939 946 1998 neeessariam
966 1949 1015 2000 est
1029 1948 1212 2021 procuratur.
1225 1938 1255 1995 Et

144 2047 147 2054 ⁴
175 2023 382 2083 Sacerdotem
404 2021 533 2101 quidem
563 2020 688 2079 incuria
718 2027 762 2100 a)⁴
793 2023 977 2082 nullatenus
1017 2031 1064 2082 est
1091 2019 1254 2082 excusanda.

176 2104 316 2181 Quidam
338 2125 414 2162 vero
434 2103 529 2174 laici,
552 2111 583 2160 et
602 2103 736 2162 maxime
753 2112 897 2182 potentes
921 2127 956 2163 ae
976 2105 1101 2164 nobiles
1120 2127 1192 2184 quos
1207 2110 1255 2161 stu·

174 2186 294 2246 diosias
319 2187 357 2244 ad
387 2186 657 2267 praedicationem
682 2186 792 2244 venire
831 2188 1021 2268 oportebat,
1062 2188 1146 2246 iuxta
1168 2187 1253 2245 domos

172 2293 243 2330 suas
259 2268 405 2329 basilicas
419 2269 556 2346 babent,
580 2268 612 2327 in
634 2269 750 2349 quibus
764 2268 912 2328 (lirinum
931 2270 1100 2330 audientes
1119 2268 1254 2342 Officium,

173 2353 213 2412 ad
231 2351 364 2412 maiores
393 2351 554 2412 Ecclesiae
573 2353 676 2410 rarius
705 2351 817 2411 venire
847 2360 1095 2415 consueverunt.
1135 2353 1174 2412 Et
1196 2351 1254 2408 dum

173 2435 234 2497 soli
253 2434 363 2494 asllieti
385 2443 417 2494 et
430 2456 586 2516 pauperes
604 2433 764 2508 veniunt,
796 2435 876 2514 quid
902 2435 991 2496 aliud
1014 2457 1110 2516 quam
1131 2443 1165 2492 ut
1187 2431 1251 2490 mala

170 2518 332 2601 patienter
353 2519 459 2576 ferarnt
481 2517 545 2578 illis
566 2517 813 2597 praedicandum
841 2519 906 2577 est?
949 2517 983 2577 Si
1011 2526 1119 2576 autem
1141 2517 1250 2587 divites,

169 2602 227 2684 qui
244 2600 437 2682 pauperibus
455 2600 606 2659 iniuriam
623 2599 728 2660 facere
752 2599 836 2658 soliti
864 2608 956 2676 sunt,
989 2600 1102 2661 venire
1130 2621 1188 2659 non
1209 2617 1250 2656 re·

171 2686 319 2758 nuerint,
351 2683 518 2743 admoneri
542 2683 655 2763 utique
681 2691 815 2763 possent
840 2691 875 2741 ut
900 2683 1113 2764 eleemosynis
1143 2687 1251 2764 peecata

169 2791 224 2831 sua
238 2766 437 2826 redimerent
451 2767 513 2826 etal
530 2765 620 2824 lluxu
636 2787 745 2825 rerum
768 2766 995 2844 temporalium
1015 2788 1048 2826 se
1068 2766 1250 2825 abstinerent.

169 2849 375 2911 Admonendi
391 2857 467 2910 sunt
482 2847 580 2928 igitur
595 2854 741 2929 potentes
760 2857 796 2908 ut
815 2849 855 2907 ad
873 2849 1008 2908 maiores
1035 2848 1189 2910 Ecclesiae
1209 2842 1251 2904 ubi

167 2930 439 3014 praedicationem
479 2930 591 2990 audire
625 2932 771 3010 possint,
800 2930 1017 3008 conveniant,
1058 2940 1090 2990 et
1118 2937 1251 3012 quantum

167 3016 254 3075 dono
272 3013 499 3094 omnipotentis
515 3012 576 3072 Dei
595 3011 718 3076 divitiis
739 3022 770 3074 et
792 3011 966 3073 honoribus
986 3022 1130 3074 caeteros
1147 3020 1252 3070 antece·

167 3098 270 3172 dunt,
292 3104 381 3158 tanto
398 3096 439 3156 ad
461 3095 658 3156 audiendum
675 3104 844 3181 praecepta
859 3096 1038 3156 conditoris
1062 3096 1113 3156 sui
1136 3094 1250 3154 alacrius

167 3179 331 3244 festinent.

250 3261 309 3326 lV.
352 3259 492 3338 Quidam
517 3268 623 3320 antem
644 3259 784 3320 Comites
803 3271 835 3322 et
850 3259 940 3322 Vassi
960 3259 1116 3320 dominici
1138 3257 1251 3336 Presby-

164 3354 251 3426 teros
269 3355 302 3406 et
319 3345 462 3422 Clericus
482 3353 605 3404 nostros
617 3352 784 3418 caeteros,
808 3344 896 3425 qnod
909 3342 1148 3424 uecEpiscopis
1162 3343 1250 3398 facere

164 3429 252 3506 lieet,
274 3428 392 3509 absque
409 3437 517 3487 nostra
529 3425 661 3486 lieentia
678 3425 850 3504 recipiunt.
868 3427 1002 3506 lnsuper
1015 3427 1111 3485 etiam
1131 3423 1250 3482 ubicun-

164 3534 228 3594 que
245 3512 418 3584 ordinatos,
431 3521 463 3572 et
475 3509 628 3590 quosdam
643 3507 682 3568 de
697 3510 813 3588 quibus
826 3509 959 3569 dubium
974 3517 1020 3567 est
1036 3519 1142 3567 utrum
1154 3523 1250 3564 conse-

164 3595 243 3656 crati
257 3603 341 3668 sunt,
354 3596 387 3652 in
404 3591 562 3671 parochiis
573 3591 816 3672 nostrisahsque
832 3601 936 3650 nostra
951 3586 1250 3649 examinationelllis·

163 3701 210 3738 sas
224 3678 386 3738 celebrare
401 3676 534 3754 faciunt.
555 3673 652 3750 Quod
662 3695 702 3733 ne
716 3675 851 3734 ulterius
866 3673 929 3749 fiat,
944 3673 1135 3732 omnimodis
1153 3679 1195 3730 est
1212 3669 1249 3724 in·

161 3759 348 3825 hibendum.
359 3761 465 3834 Quare
480 3758 513 3816 in
527 3755 714 3816 ordinandis
726 3757 870 3837 plebium
883 3757 1060 3816 rationibus
1084 3754 1195 3814 civium
1211 3749 1248 3806 iu-

161 3847 270 3905 stituta
281 3851 460 3916 serventur,
471 3850 501 3898 et
511 3837 680 3920 pestiferae
691 3840 873 3900 ambitionis
884 3839 997 3898 vitium
1007 3837 1157 3900 radicitus
1169 3831 1247 3894 extir-

161 3937 266 4009 petur,
283 3935 315 3986 et
327 3945 433 4004 neque
448 3921 487 3981 ob
497 3921 701 4004 quorundam
714 3922 997 4006 propinquitatem,
1011 3941 1116 3999 neque
1130 3939 1183 3998 pro
1198 3913 1246 3972 ali-

163 4010 256 4072 cuius
276 4005 499 4068 familiaritatis
515 4003 625 4087 gratia,
638 4026 753 4087 neque,
770 4007 858 4086 quod
870 4004 1005 4065 maxime
1024 3999 1245 4066 detestandum,

161 4103 294 4176 propter
305 4088 516 4174 pecuniarum
525 4086 756 4174 acceptionem,
770 4087 922 4171 indignus
936 4087 1074 4172 quilibet
1087 4080 1248 4148 ordinetur.

200 4287 234 4352 a)
254 4302 313 4344 mss.
333 4282 450 4339 habeut:
470 4283 587 4340 iniuria.
