2658 4978
189 291 260 364 100
435 309 467 366 t.
486 307 564 366 cua
669 305 910 364 ctrrruasara
1008 307 1069 382 ⁸59.

189 461 223 516 et
239 445 355 512 abillo
377 447 543 510 commissa
563 446 777 510 ecclesiastica
801 449 919 531 pietate
951 457 982 510 et
1011 453 1159 517 canonico
1182 476 1257 524 mora

189 530 352 609 dimittite,
373 529 469 612 eique
487 529 720 613 indulgentiam
739 531 913 612 postulanti
931 531 1058 610 donate,
1079 543 1167 616 atque
1180 538 1255 598 illum

190 634 298 678 sacrae
315 610 547 688 communioni,
568 633 633 693 qna
657 611 777 694 ipsese
801 613 984 694 privaverat
1002 618 1256 685 excommunicatis

191 694 451 781 communicans5
470 693 640 755 restituite.

248 775 331 844 tXai
353 777 396 838 Et
423 776 502 836 licet
533 776 905 853 maltornmannorum,
927 777 1102 838 secandam
1123 781 1256 862 praefixos

184 864 219 926 is.
229 859 326 923 sacris
343 857 647 939 'canonihnsgradns
660 881 675 934 ‚¹
690 857 907 939 poenitentiae
922 857 1001 920 haec
1015 871 1186 943 perpetrata
1197 865 1257 923 faci·

187 964 270 1006 nora
283 939 490 1022 indigerent,
512 949 616 1000 tamen
647 938 759 1000 confisi
787 939 827 1000 de
849 939 911 1000 Dei
934 940 1162 1021 misericordia,
1188 945 1257 1028 apul

190 1045 288 1110 quem
305 1043 370 1085 non
388 1020 434 1084 sic
448 1031 632 1104 acceptatur
652 1042 802 1084 mensura
829 1022 981 1103 temporis
1001 1032 1037 1084 at
1065 1025 1191 1104 doloris,
1209 1047 1256 1087 nec

190 1103 381 1170 abstinentia
402 1102 547 1164 ciborum
562 1102 645 1164 sicat
666 1102 866 1164 mortificatio
887 1104 1064 1182 vitiorum·
1079 1128 1140 1167 non
1155 1109 1257 1190 praeiu-
1316 1177 1317 1184 ἵ

190 1189 333 1253 dicantes
345 1186 478 1248 Petrum
497 1185 665 1246 sententiis
678 1205 759 1266 quae
774 1185 812 1246 dc
834 1184 1021 1248 huiusmodi
1048 1188 1257 1264 decreverunt,
1316 1231 1317 1238 ι

190 1272 247 1336 sed
260 1268 366 1353 potins
388 1287 500 1328 eorum
515 1276 686 1347 sequentes
704 1266 925 1328 humaniorem
952 1267 1172 1332 diffinitionem
1194 1271 1257 1332 baec
1316 1323 1317 1346 ζ

190 1353 367 1418 scribimus.
407 1348 462 1409 Ait
488 1357 595 1410 sancta
609 1349 756 1431 Synodus
773 1348 923 1411 Africana
938 1371 945 1405 =
966 1352 1209 1430 Paeniteatilus‚
1223 1374 1258 1411 se·
1316 1399 1317 1402 ,

184 1434 326 1497 ‚cundum
341 1429 557 1511 differentiam
581 1442 799 1513 peccatorum,
831 1430 982 1514 Episcopi
1004 1435 1136 1494 arbitrio
1166 1435 1257 1518 poeai-
1316 1481 1317 1508 p

193 1518 307 1578 tentiae
330 1528 391 1574 tera
414 1532 471 1574 ora
492 1511 719 1576 discernantur.
759 1513 802 1572 Et
828 1513 859 1571 S.
882 1514 947 1572 Leo
972 1515 1160 1596 apostolicae
1185 1515 1256 1576 Sedis

193 1597 359 1660 Pontifex:
418 1594 463 1665 is,
483 1593 610 1674 inquit,
632 1594 733 1676 quiin
749 1606 884 1675 tempore
899 1597 1092 1655 necessitatis
1114 1611 1142 1657 et
1167 1601 1196 1658 in
1210 1618 1256 1680 pa·

194 1678 287 1739 ricnli
302 1674 439 1752 urgentis
457 1678 605 1734 instantia
623 1675 815 1758 praesidium
843 1677 1052 1757 poenitentiae
1079 1692 1110 1736 et
1127 1700 1195 1740 mota
1217 1698 1255 1737 re·
1312 1709 1317 1752 t

193 1755 423 1822 conciliationis
439 1756 632 1838 implorant,
661 1776 715 1816 nec
733 1755 905 1835 satisfactio
923 1757 1140 1836 interdicenda
1152 1773 1203 1831 est,
1215 1781 1256 1818 aas
1312 1759 1314 1834 ’ζ

195 1837 406 1920 reconciliatio
425 1834 608 1914 deneganda
619 1862 631 1906 ;
650 1839 725 1918 quia
752 1837 986 1897 misericordiae
1011 1842 1075 1899 Dei
1092 1863 1145 1901 nec
1162 1861 1258 1900 mensu·
1314 1859 1315 1862 ’

184 1910 248 1994 {ras
262 1937 424 2002 possumus
437 1937 554 2000 ponere
567 1959 579 1988 ,
594 1939 649 1980 neo
662 1932 801 2003 tempora
814 1915 972 2001 definire,
986 1921 1075 2004 apud
1085 1943 1170 2004 quera
1178 1923 1257 1981 nullas

78 2073 82 2081 .
173 2004 313 2088 *patitur
326 1999 431 2060 veniae
449 2019 553 2060 moras
571 2021 648 2059 vera
665 2001 817 2081 confessio
827 2044 839 2071 ,
866 2000 986 2060 dicente
1004 2005 1069 2063 Dei
1087 2005 1200 2087 Spiritu
1213 2021 1259 2087 per

68 2135 82 2144 ..
135 2124 137 2128 .
185 2084 402 2162 <Proplaetams
434 2080 509 2140 Cum
543 2100 706 2140 conuersus
732 2083 942 2160 ingemueris,
975 2096 1047 2145 tunc
1079 2085 1258 2146 salvareris.

110 2179 113 2183 '
185 2168 237 2230 ‘Et
251 2164 344 2224 alibi:
366 2163 624 2239 Dieiniquitates
643 2175 710 2224 tuas
727 2163 1098 2247 prior,'utiust1'ficeris.
1126 2168 1166 2228 Et
1183 2168 1257 2227 item:

185 2249 281 2328 :Quia
296 2242 382 2329 apud
394 2245 563 2305 Dominum
581 2243 798 2303 misericordia
820 2255 885 2317 est,
907 2256 937 2303 ct
955 2248 1083 2328 copiosa
1106 2248 1186 2332 apud
1206 2268 1259 2307 cana
1316 2243 1317 2306 ζ

187 2327 381 2410 redemptio.
420 2327 460 2386 In
474 2324 692 2408 dispensandis
720 2327 824 2406 itaque
856 2323 947 2385 donis
969 2329 1033 2400 Dei
1057 2351 1121 2390 aaa
1138 2331 1258 2392 debenus
1316 2325 1317 2390 J

186 2404 442 2495 ‘giseciifficilen
464 2427 565 2470 nesse
585 2408 793 2466 accusantium
806 2407 936 2484 gemitus
956 2409 1165 2495 lacrymasque
1179 2410 1259 2490 negle-
1316 2407 1317 2470 j

184 2487 297 2574 gerse„
310 2509 379 2551 cum
395 2489 690 2571 ipsarnpoenitenti
702 2487 901 2568 afflationem
918 2507 960 2551 ex
982 2489 1044 2549 Dei
1062 2493 1213 2554 credamus
1225 2492 1259 2549 ia·
1316 2549 1317 2558 ,

196 2567 563 2658 spirationegeonceptam
594 2568 714 2628 dicente
739 2559 912 2652 Apos'tolo:
930 2572 991 2631 -Ne
1014 2569 1106 2650 sorte
1135 2575 1184 2634 det
1209 2571 1259 2631 illis

194 2659 281 2718 Deus
295 2653 535 2738 poenitentiam,
557 2663 587 2708 et
612 2652 796 2732 resipiscant
821 2651 841 2709 la
864 2649 985 2714 diaboli
1007 2655 1143 2737 laqueis,
1174 2657 1259 2737 laquo

196 2738 311 2824 captivi
325 2746 469 2796 tenentur
485 2729 530 2790 ad
541 2733 639 2813 ipsias
658 2731 853 2792 voluntatem.
893 2735 936 2794 Et
956 2745 1085 2799 sanctus
1110 2736 1259 2819 Gregorius
1313 2802 1314 2812 2

195 2823 229 2882 in
247 2815 416 2899 Evangelii
434 2812 573 2874 homelia
599 2812 696 2874 dicit.-
727 2812 841 2872 Veniat
856 2813 951 2894 foras
973 2832 1134 2892 mortuus,
1161 2819 1195 2880 id
1206 2829 1243 2878 est
1250 2855 1259 2884 ,
1313 2823 1317 2892 Ἀ

195 2903 318 2984 culpam
344 2894 531 2978 confiteatur
545 2907 701 2977 peccator.
746 2893 927 2956 Venientem
952 2919 1023 2960 vero
1037 2900 1134 2980 saras
1160 2902 1260 2961 solvant

196 2979 362 3062 discipuli,
385 2989 419 3036 ut
441 2978 588 3038 Pastores
607 2975 765 3036 Ecclesiae
784 2977 814 3032 ei
831 2997 964 3058 poenam
983 2980 1116 3044 debcant
1138 2997 1260 3044 amouere
1316 3037 1317 3056 χ

195 3082 287 3145 quam
302 3059 415 3120 meruit
435 3059 489 3140 qai
505 3079 567 3117 non
586 3057 708 3117 erubuit
723 3053 869 3127 confiteri
886 3060 1068 3142 quodsecia.

253 3141 334 3204 ,Xl.
375 3139 431 3200 His
446 3138 625 3224 perpensis,
648 3137 957 3218 iratrescarissimi,
987 3143 1031 3220 si,
1061 3156 1099 3207 ut
1127 3143 1259 3214 diximus,

195 3224 393 3289 iamdictam
410 3223 528 3303 Regem
547 3220 564 3278 ia
581 3219 671 3280 nobis
692 3219 859 3287 amabilem
875 3221 918 3282 ita
939 3235 1204 3310 contemperatum
1216 3221 1261 3283 di-

195 3311 290 3374 vinae
309 3304 466 3371 voluntati
485 3313 517 3369 et
537 3324 641 3370 sacrae
669 3301 847 3373 auctoritati
876 3303 1084 3388 inveneritis,
1106 3307 1261 3371 secundum
1314 3317 1315 3356 ἓ

194 3389 406 3454 ministerium
430 3388 521 3451 vobis
539 3387 556 3448 i
573 3391 642 3450 Deo
657 3390 809 3450 traditum
835 3411 907 3450 cum
940 3399 1046 3452 nostra
1072 3389 1260 3451 unanimitate
1314 3389 1315 3424 l

194 3474 359 3539 absolvite.
399 3471 457 3534 sin
483 3471 576 3546 alias,
599 3493 654 3531 vos
671 3471 872 3531 nullomodo
889 3494 962 3533 oum
979 3494 1035 3549 eo,
1057 3493 1152 3552 quem
1175 3465 1261 3530 absol·

193 3578 269 3620 vere
284 3577 348 3616 non
364 3552 529 3636 poteritis,
552 3553 650 3633 ligare
676 3553 792 3623 nolite;
814 3555 967 3633 quoniam
982 3576 1042 3616 nec
1064 3576 1168 3615 coram
1188 3554 1260 3620 Deo,

193 3662 253 3707 nec
269 3638 301 3698 in
317 3637 446 3719 Synodo
470 3657 526 3696 nos
543 3633 619 3694 inde
635 3642 780 3696 auctores
805 3633 961 3697 habebitis
970 3680 982 3708 ‚
1004 3635 1031 3696 si
1045 3657 1150 3718 ¹egere
1168 3633 1259 3702 aliter,

184 3721 279 3802 *quod
296 3719 397 3796 absit,
419 3715 708 3800 praesumpseritis;
733 3737 851 3797 vosque
873 3727 904 3778 et
922 3717 955 3777 in
976 3718 1105 3800 Synodo
1123 3727 1155 3780 et
1174 3729 1261 3777 coram

190 3797 260 3866 Deo
278 3822 336 3882 pro
352 3803 434 3860 factu
455 3798 546 3858 irrito
562 3797 674 3860 dabitis
691 3798 839 3857 rationes.

250 3881 352 3952 ..xtt
393 3881 476 3942 Etsi
495 3880 584 3962 ipse,
606 3879 694 3960 quod
707 3882 793 3940 Deus
815 3879 909 3961 longe
925 3880 1038 3958 faciat,
1058 3889 1090 3942 et
1104 3899 1183 3964 qnae
1200 3872 1261 3958 egit,
1310 3854 1315 3908 l

177 3967 276 4034 ‚unde
297 3965 390 4025 illum
403 3984 491 4023 nanc
509 3982 712 4024 commonere
728 3981 783 4022 vos
805 3961 975 4040 mittimus,
996 3961 1199 4039 reiteraverit,
1211 3977 1263 4018 om·

179 4037 298 4114 littaei·
312 4043 391 4107 'ante
407 4045 535 4106 divinos
552 4043 661 4103 oculos
675 4053 707 4102 et
724 4042 764 4102 ad
792 4044 1007 4106 ecclesiastica
1027 4045 1145 4106 indicia
1163 4037 1262 4104 redivi·

107 4126 109 4130 ’
178 4141 230 4196 -v'o
247 4130 382 4191 vulnere
400 4127 541 4188 curanda
558 4125 610 4185 vel
631 4123 822 4205 amputanda
835 4127 963 4188 noverit
976 4128 1135 4190 revenire.
1155 4117 1261 4204 Siquid

188 4233 317 4298 quoque
336 4217 449 4296 contra
465 4215 604 4269 sanctam
620 4204 1092 4292 auctoritatempraesumptum
1103 4253 1117 4294 ¹.
1137 4205 1185 4268 vel
1204 4201 1261 4266 sub·
