2746 4992
647 325 883 382 castrutium

479 468 507 528 Τ
548 467 562 526 l
603 466 631 526 T
674 466 702 528 U
743 468 768 528 L
810 469 838 526 U
880 469 901 528 S
963 469 1002 530 V.

341 603 491 646 ctrttvtt
512 601 669 644 EXCERPTA
697 602 734 644 EX
764 604 840 644 tuoe
870 603 1143 643 tonuoreunottvu.

192 703 303 776 Haec
332 702 498 794 capitula
523 703 563 770 io
596 701 674 792 lege
707 701 1048 786 Langobardorum
1078 705 1167 770 tara
1191 703 1267 796 leges

257 804 436 878 Lotltnrii
460 803 489 870 Ι.
521 803 685 895 sparsim
713 812 860 888 extaret,
888 804 987 872 unde
1012 827 1037 873 u
1063 802 1210 872 Boluzio

594 912 767 992 excerpto
792 914 886 970 sunt.

560 1085 927 1105 m

463 1221 1028 1288 TITULUSVl.

189 1340 367 1410 Edictum
392 1339 437 1409 de
462 1341 691 1409 restitutione
716 1339 882 1410 Ebbonis
908 1339 1194 1432 Arcbiepiscopi
1212 1341 1267 1408 lo-

189 1441 325 1510 mentis
350 1441 389 1510 in
414 1443 536 1510 sedern
561 1452 595 1507 et
620 1441 819 1508 dioecesim
842 1464 950 1508 sorem
976 1463 1023 1508 ex
1050 1441 1198 1510 erimine
1220 1441 1267 1510 in-

527 1537 730 1629 fidelitatis
755 1540 944 1608 omissum.

189 1671 305 1734 Datum
322 1691 406 1731 anno
422 1666 541 1730 Christi
563 1669 740 1732 DCCCXL.
769 1679 836 1749 post
874 1677 1009 1730 mortem
1047 1665 1200 1730 Ludoviei
1230 1665 1268 1730 Pii

628 1751 838 1834 imperatoris.

190 1837 237 1954 In
262 1891 391 1952 nomine
408 1889 539 1951 Domini
557 1889 657 1950 nostri
678 1891 750 1950 lesu
767 1889 885 1950 Christi
900 1887 957 1950 Dei
976 1889 1115 1949 aeterni.
1157 1889 1269 1950 Hlotha·

187 1976 279 2053 rius,
314 1974 424 2034 divina
458 1973 625 2046 ordinante
655 1972 876 2054 providentia,
917 1973 1096 2054 Imperator
1121 1973 1268 2054 Augustus.

187 2058 272 2136 Quia
288 2057 446 2118 confessio
461 2056 652 2117 delictorum
670 2076 733 2114 uon
749 2054 853 2116 minus
880 2056 911 2114 in
941 2055 1086 2115 adversis
1115 2055 1268 2116 necessaria

188 2149 235 2200 est
251 2161 345 2221 quum
370 2139 401 2197 in
427 2139 601 2220 prosperis,
626 2147 655 2198 et
673 2158 729 2197 cor
745 2139 921 2198 contritum
940 2147 971 2196 et
984 2137 1188 2198 humiliatum
1198 2141 1266 2197 Deus

187 2243 251 2282 nori
276 2221 420 2302 despicit,
440 2221 590 2302 gandium
613 2220 706 2280 etiam
726 2242 793 2282 esse
812 2221 1010 2302 Angelorum
1029 2222 1063 2278 iu
1083 2222 1173 2281 coelo
1190 2240 1267 2301 super

185 2325 252 2364 uno
284 2314 450 2384 peccatore
482 2303 712 2385 poenitentiam
739 2312 853 2384 agente
889 2325 952 2360 non
987 2301 1191 2380 dubitamus,
1223 2323 1266 2360 uos

186 2388 335 2448 mortales
365 2386 512 2446 interris
540 2407 593 2447 eos
622 2407 824 2466 nequaquam
855 2385 1049 2464 despicimus
1073 2407 1133 2468 pro
1170 2385 1265 2466 quibus

183 2471 322 2553 gaudere
335 2469 474 2550 Angelos
496 2471 529 2528 in
545 2470 636 2530 coelo
651 2469 762 2530 divino
784 2468 967 2527 testimonio
997 2489 1063 2528 non
1096 2488 1264 2550 ignoramus.

184 2555 378 2614 Accusaates
393 2562 424 2612 el
441 2551 714 2634 reprehendentes
737 2551 768 2610 in
790 2551 971 2612 excessibus
989 2551 1177 2632 semetipsos
1199 2549 1264 2610 divi-

185 2659 227 2696 na
248 2657 305 2696 nos
332 2635 511 2715 benignitas
527 2655 591 2694 non
606 2635 819 2695 condemnare
838 2635 892 2693 sed
908 2655 1055 2694 recreare
1077 2635 1201 2706 docuit;
1220 2628 1263 2712 qui

185 2717 385 2780 meretricem
405 2738 468 2775 non
490 2717 629 2777 solumi
648 2718 743 2799 legali
773 2717 975 2777 damnatione
1001 2717 1140 2798 eripuit,
1170 2737 1263 2776 verum

183 2801 278 2862 etiam
298 2799 505 2881 publicanum
522 2798 723 2860 humiliatum
737 2810 766 2860 et
779 2811 980 2860 accusantem
998 2822 1032 2859 se
1055 2821 1120 2858 non
1134 2800 1263 2860 eoadem-

184 2883 287 2956 navit,
310 2883 365 2942 sed
380 2883 476 2962 magis
501 2882 703 2943 iustificando
722 2883 893 2951 exaltavit3
916 2881 1060 2962 quinon
1082 2883 1179 2943 dixit:
1201 2881 1262 2939 On·

181 2968 229 3022 nis
251 2967 305 3045 qrri
334 2985 365 3022 se
397 2964 540 3023 humiliat
577 2985 639 3025 noo
672 2965 948 3034 condemnabitur,
980 2965 1039 3025 sed
1079 2966 1263 3026 exaltabitur.

179 3047 371 3110 Potestatem
387 3067 462 3126 ergo
479 3068 574 3127 quam
588 3070 645 3128 pro
665 3070 757 3108 causa
775 3056 881 3107 nostra
902 3056 1009 3127 raptus
1030 3048 1206 3129 perdidisti,
1220 3066 1262 3104 re-

178 3128 361 3210 petentibus
381 3128 543 3190 Ecclesiae
562 3139 633 3191 tuac
652 3130 746 3207 filiis,
768 3131 877 3191 sedem
898 3151 933 3189 ac
960 3131 1117 3191 diocesim
1141 3133 1262 3190 Remen-

177 3210 220 3270 sis
239 3211 325 3271 urbis
344 3209 422 3287 tibi,
444 3210 553 3285 Ebbo,
574 3212 789 3284 restituimus,
813 3221 849 3271 ut
868 3212 1003 3294 pristino
1030 3225 1158 3274 sanetae
1178 3208 1260 3289 largi·

176 3293 454 3374 tatisupostolicae
484 3293 583 3376 pallio
606 3294 756 3373 indutus,
792 3295 995 3355 concordiam
1018 3310 1115 3376 atque
1146 3294 1260 3376 gratiam

176 3376 280 3436 divini
300 3375 590 3454 officiinobiscum,
611 3376 727 3439 humili
750 3377 965 3439 satisfactione
988 3379 1118 3462 expleta
1126 3424 1135 3457 ,
1157 3378 1259 3440 solem-

175 3458 208 3518 ni
226 3468 332 3518 nostra
348 3459 364 3518 b
383 3459 529 3541 largitate
548 3458 736 3544 recipiendo
758 3481 918 3522 exerceas.

174 3575 282 3654 Drogo
304 3573 489 3654 Episcopus.

172 3655 321 3736 Otgarius
342 3655 617 3742 Arcbiepiscopus.

169 3739 261 3798 Hrcti
284 3736 561 3821 Arcbiepiseopus.

168 3821 381 3882 Amalvuinus
398 3821 676 3907 Arcbiepiscopus.

166 3903 280 3964 Audax
295 3903 571 3988 Archiepiscopus.
925 3913 1051 3977 assensi.

168 3987 282 4065 Ioseph
305 3985 491 4067 Episcopus,

163 4067 334 4128 Arlalull'us
356 4069 542 4152 Episcopus

164 4151 268 4210 David
290 4150 477 4230 Episcopus,

105 4304 107 4311 Ι
162 4231 327 4312 Rodingus
353 4233 539 4317 Episcopus.
