2712 4992
119 278 211 357 ’384
587 291 778 350 sonituum

135 439 228 528 pudii
253 456 364 502 eorum
389 433 536 497 munibus
562 433 747 498 roboratum
778 424 930 520 omnique
960 419 1103 524 tempore
1133 436 1248 522 quieti

136 525 266 589 valeant
285 518 437 582 residere.

153 650 343 722 Mandatum
371 647 506 732 qualiter
531 649 662 708 moritus
685 647 841 727 negotium
865 649 977 710 uxoris
996 652 1221 733 prosequatur.

215 763 292 832 XX.
332 763 418 824 Dum
437 769 471 822 et
487 760 627 822 humana
647 761 755 843 prodit
774 759 913 839 utilitas,
940 770 972 823 et
998 764 1068 826 Lex
1095 767 1246 828 Romana

136 848 296 938 exposcit,
334 854 371 906 ut
395 843 583 928 quicunque
607 841 716 906 uxoris
743 865 819 906 suae
846 844 1011 928 negotium
1036 847 1139 908 fuerit
1168 868 1246 930 pro·

135 941 277 1005 secutus,
298 928 442 1010 quamvis
461 927 592 986 maritus
618 925 670 1003 sit,
691 925 773 988 nibil
798 920 887 986 aliud
912 939 994 1012 ngat,
1008 929 1071 990 nisi
1094 931 1187 1012 quod
1210 928 1245 990 ei

136 1014 297 1099 agendum
319 1031 377 1090 per
394 1008 579 1070 mandatum
600 1007 656 1068 illa
682 1008 874 1068 commiserit
885 1015 899 1086 ,‘
917 1009 1015 1092 igitur
1033 1033 1093 1093 ego
1118 1011 1152 1070 iu
1176 1010 1243 1072 Dei

135 1095 266 1158 nomine
286 1093 354 1170 illa,
375 1091 441 1152 filia
459 1091 559 1168 illins,
579 1099 611 1152 te
631 1089 813 1152 dulcissime
829 1090 944 1174 iugalis
961 1113 1051 1156 meus
1067 1094 1137 1170 illc,
1159 1093 1245 1154 dum

134 1199 187 1240 me
209 1175 394 1259 simplicitas
421 1173 604 1235 dominatur
623 1173 710 1254 qnod
732 1172 863 1232 minime
879 1194 929 1235 res
953 1177 1009 1242 vel·
1025 1197 1133 1237 causas
1150 1197 1243 1238 meas

135 1262 228 1323 valeo
250 1276 414 1333 exercere,
435 1265 468 1317 tc
487 1255 521 1314 in
553 1255 701 1316 omnibus
727 1255 823 1316 rebus
851 1257 904 1334 vel
933 1259 1036 1320 causis
1067 1259 1148 1319 meis
1182 1259 1244 1319 in-

133 1343 232 1408 stituo
253 1340 419 1404 dominnm
440 1346 721 1420 procuratoremve
742 1348 775 1398 et
796 1345 945 1416 actorem,
967 1341 1012 1400 ita
1023 1349 1061 1400 ut
1077 1341 1243 1423 quicquid

135 1424 254 1488 exinde
275 1422 381 1504 egeris
403 1419 588 1504 gesserisve,
609 1427 712 1482 ratum
736 1419 786 1480 vel
805 1419 973 1484 definitum
996 1424 1015 1483 la
1035 1443 1086 1483 me
1115 1421 1152 1482 iu
1171 1445 1242 1484 om-

135 1505 232 1568 nibus
261 1525 328 1567 esse
350 1523 538 1586 cognoscas:
560 1501 635 1584 quia
659 1501 744 1561 malo
768 1501 830 1562 boc
851 1501 967 1564 babere
992 1513 1025 1566 te
1052 1525 1151 1586 quam
1173 1528 1242 1586 me,

134 1590 257 1674 pluente
278 1607 373 1669 quam
394 1583 528 1647 caeteris
544 1581 715 1644 heredibus
730 1583 817 1648 meis.
858 1585 900 1646 Et
917 1585 1021 1648 adbuc
1040 1587 1120 1646 mihi
1148 1587 1243 1648 inse-

134 1691 208 1734 rere
230 1669 363 1752 placuit,
385 1678 420 1730 ut
441 1667 502 1726 hoc
521 1666 706 1726 mandatum
726 1666 766 1726 ad
785 1665 947 1728 civitatem
967 1669 1057 1729 illam
1086 1691 1163 1730 enm
1185 1691 1245 1730 cu-

134 1753 184 1816 ria
204 1751 356 1836 publica,
378 1759 416 1810 ut
446 1769 514 1809 mos
535 1756 592 1826 cst,
617 1749 710 1830 gestis
739 1748 985 1831 municipalibus
1005 1751 1102 1832 licias
1119 1751 1244 1834 alliga-

134 1836 174 1900 ri.
213 1837 257 1896 Et
282 1841 322 1894 ut
342 1841 449 1894 nostra
477 1829 625 1892 voluntas
650 1829 736 1892 aevis
755 1833 950 1914 temporibus
972 1833 1094 1898 firmius
1111 1837 1242 1917 perdu-

133 1926 195 1994 ret,
215 1937 313 1977 manu
330 1913 459 2000 propria
481 1911 590 1974 subter
610 1911 751 1990 firmavi,
780 1921 813 1974 et
836 1915 995 1976 bonorum
1013 1916 1160 1976 virorum
1181 1938 1244 1978 ro·

134 1999 315 2062 horandum
337 1995 478 2060 decrevi.
922 2023 926 2031 ·
1001 2003 1003 2008 ’

137 2132 254 2194 Clarto
273 2130 410 2216 qualiter
428 2140 521 2215 pater
536 2123 649 2272 J‘qlium
667 2129 722 2192 vel
739 2142 881 2212 nepotem
904 2129 1056 2192 derebus
1077 2128 1143 2188 suis
1166 2149 1237 2188 rue-

573 2233 677 2275 rorare
698 2225 810 2297 potest.

215 2324 305 2389 XXI.
346 2326 511 2409 Quicquid
537 2337 629 2410 pater
656 2347 917 2409 unumquemque
943 2329 991 2386 ex'
1006 2327 1079 2388 liliis
1102 2325 1158 2388 vel
1178 2349 1236 2390 ne·

134 2409 263 2498 potibus
288 2409 422 2472 meliore
448 2409 564 2472 babere
586 2410 743 2485 voluerit,
773 2409 836 2470 hoc
865 2409 924 2469 sibi
946 2411 1122 2470 secundum
1148 2410 1232 2492 legis

136 2493 284 2556 ordinem
304 2491 374 2556 sine
399 2491 556 2556 consortis
571 2491 762 2575 repetitione
784 2491 1028 2568 defendat,‚nee
1051 2499 1233 2573 praesumat

135 2575 253 2658 aliquis
278 2586 388 2638 contra
408 2575 607 2636 voluntatem
634 2575 730 2657 patris
756 2595 859 2656 agere.
900 2574 1005 2656 lgitur
1028 2595 1086 2656 ego
1111 2574 1144 2632 in
1167 2573 1234 2638 Dei

136 2659 266 2719 nomine
285 2657 352 2735 ille,
373 2656 557 2719 dulcissimo
583 2655 649 2717 filio
673 2657 725 2718 vel
750 2657 857 2740 nepoti
884 2677 957 2715 meo
981 2655 1051 2734 illo,
1072 2656 1152 2716 cedo
1173 2655 1234 2716 tihi

135 2761 323 2822 cessumque
346 2740 380 2800 in
408 2749 600 2823 perpetuum
622 2760 689 2800 esse
710 2737 794 2815 volo,
817 2739 907 2798 etde
935 2758 1007 2797 meo
1027 2739 1097 2798 inre
1122 2739 1237 2798 intua

135 2823 227 2883 trado
250 2822 479 2901 dominatione,
501 2822 618 2902 absque
637 2821 797 2883 consortio
820 2821 953 2881 fratrum
976 2829 1102 2880 tuorum
1125 2821 1177 2880 vel
1195 2820 1236 2878 fi-

137 2905 191 2965 liis
213 2905 309 2983 meis,
331 2904 365 2964 in
394 2905 466 2966 loco
488 2901 693 2985 nuncupante
721 2903 801 2982 illo,
835 2925 907 2964 cum
938 2904 1050 2980 terris,
1074 2902 1235 2979 domibus,

136 2986 316 3063 accolabus,
342 2985 519 3069 mancipiis,
540 2985 709 3064 libertinis,
732 2985 846 3063 vineis,
873 2984 983 3062 silvis,
1000 2983 1135 3064 campis,
1159 3005 1237 3066 pra-

137 3069 195 3147 tis,
224 3068 369 3151 pascuis,
397 3069 508 3152 aquis,
541 3090 738 3152 aquarumve
764 3068 972 3145 decursibus,
1000 3067 1172 3128 mobilibus
1204 3069 1238 3126 e't

138 3151 365 3229 immobilibus,
388 3171 462 3212 cum
486 3152 574 3212 omni
599 3149 796 3234 supraposito
817 3151 945 3230 suisque
967 3149 1165 3224 ediscendis,
1181 3147 1235 3208 vel
1343 3156 1344 3160 ’

136 3233 295 3316 quicquid
318 3233 401 3294 inibi
427 3233 588 3316 praesenti
615 3243 756 3315 tempore
777 3254 846 3294 mea
868 3231 1086 3294 videturesse
1108 3251 1236 3311 posses-

138 3315 208 3388 sio,
231 3324 335 3377 totum
358 3325 391 3378 et
414 3316 455 3377 ad
478 3315 688 3396 integrum,d
715 3314 766 3376 die
789 3325 956 3398 praesente
978 3313 1037 3374 tibi
1066 3313 1139 3376 volo
1165 3333 1236 3386 esse

137 3417 326 3460 concessum
352 3407 449 3479 atque
477 3399 654 3467 indultum;
677 3397 720 3460 ita
747 3404 784 3456 ut
806 3397 962 3480 quicquid
987 3395 1103 3456 exinde
1127 3395 1255 3454 facere*

138 3480 292 3555 volueris,
313 3481 448 3542 liberam
469 3490 502 3540 et
526 3479 733 3556 firmissimam
760 3477 792 3538 in
817 3480 965 3553 omnibus
992 3477 1108 3540 habeas
1127 3485 1238 3559 potes·
1280 3526 1284 3531 .

137 3570 243 3628 tatem.
284 3562 318 3625 Si
343 3562 416 3646 quis
438 3583 526 3642 vero,
551 3562 639 3644 quod
662 3582 724 3622 uec
743 3559 813 3622 fieri
835 3582 901 3622 non
923 3559 1092 3623 credimus.

197 3685 343 3772 Epistola
362 3689 499 3774 qualiter
521 3690 704 3832 nepotesbin
726 3687 796 3750 loco
805 3685 957 3772 filiorum
974 3689 1178 3752 instituuntur

625 3794 645 3832 a
685 3792 757 3832 avo.
1234 3785 1238 3803 ³

161 3902 164 3915 ·
222 3883 335 3956 XXII.
377 3886 543 3972 Quicquid
564 3886 639 3949 liliis
672 3886 723 3949 vel
750 3885 921 3968 nepotibus
938 3886 978 3949 de
1005 3886 1156 3949 facultate
1180 3907 1239 3967 pa·
1343 3923 1345 3965 ἦ

138 3969 196 4032 tris
214 3970 419 4052 cognoscitur
443 3969 616 4048 ordinasse,
639 3971 838 4032 voluntatem
859 3969 928 4032 eius
952 3968 985 4029 in
1007 3969 1155 4030 omnibus
1172 3971 1241 4030 Lex
1342 3980 1346 4003 ¹

138 4055 280 4116 Romana
303 4052 494 4138 constringit
512 4053 696 4136 adimplere.
739 4051 880 4132 Ideoque
899 4073 957 4133 ego
977 4051 1010 4111 iu
1030 4051 1092 4111 Dei
1110 4051 1240 4114 nomine
1342 4040 1345 4065 ⁴

139 4137 197 4196 ille
219 4133 412 4200 dulcissimis
435 4136 604 4220 nepotibus
627 4134 704 4196 meis
724 4133 798 4198 illis.
839 4136 923 4194 Dum
944 4135 1081 4218 peccatis
1103 4133 1183 4194 meis
1196 4133 1241 4192 sa·
1340 4205 1341 4210 η

139 4217 299 4280 cientibus
322 4218 389 4282 lilia
415 4240 485 4282 mea
506 4217 646 4303 genitrix
667 4227 772 4280 vestra
793 4214 849 4276 illa
865 4225 989 4301 tempus
1011 4224 1141 4278 naturae
1165 4235 1240 4277 suae
1338 4259 1339 4268 κ
