2786 4980
181 327 231 398 50
381 343 412 396 s.
445 338 552 396 cua
635 333 879 392 castremus
981 333 1042 401 sss.

183 483 270 546 mitis
291 480 332 544 ad
351 477 488 542 iustitias
504 474 693 557 faciendas,
723 484 759 540 et
779 475 929 540 divinum
951 475 1168 544 ministerium
1194 501 1299 545 exse·

182 565 360 652 quendum.

267 646 344 711 Vll.
384 647 434 706 De
461 639 592 704 iustitiis
614 664 675 726 per
696 641 874 726 Episcopos
893 649 926 706 et
947 643 1060 708 Missos
1088 667 1125 709 ac
1150 646 1300 710 Comites

185 743 310 795 nostros
332 730 366 788 in
388 748 490 810 regno
516 735 625 788 nostro
646 725 824 787 studendis.

266 812 363 877 Vlll.
404 813 453 870 De
470 807 569 890 raptis
588 816 621 870 et
637 807 869 869 coniunctione
892 807 1211 890 Sanctimonialinm,
1244 820 1302 872 at-

185 919 250 980 que
271 894 528 980 propinquarum
545 913 603 952 seu
625 912 814 973 sponsarum
838 890 994 968 aliorum,
1023 903 1061 952 ut
1084 895 1172 977 qnod
1195 915 1302 977 prae-

186 979 282 1040 terito
305 988 412 1038 actum
434 983 491 1051 est,
517 973 698 1036 secundnm
726 973 898 1035 consilinm
921 983 953 1034 et
976 974 1134 1037 iudicium
1154 977 1301 1062 Episco-

185 1081 300 1146 porum
320 1058 509 1140 corrigatur,
532 1057 620 1117 etde
643 1064 769 1118 caetero
789 1056 980 1118 omnimodis
999 1070 1157 1120 caveatur.

267 1140 328 1204 lX.
370 1141 468 1220 Quod
490 1138 516 1200 si
533 1138 658 1220 aliquid
676 1159 734 1221 per
752 1139 976 1200 necessitatem
993 1140 1027 1200 in
1045 1142 1201 1204 Ecclesiis
1216 1142 1300 1220 Dei,

181 1235 241 1286 aut
266 1235 379 1286 eontra
401 1221 544 1303 aliquem
565 1221 710 1281 fidolium
733 1231 915 1284 nostrorum
933 1223 1087 1299 fecimus,
1108 1225 1171 1285 hoc
1194 1247 1302 1308 quam

185 1309 279 1370 citius
301 1305 500 1390 potuerimus
526 1303 741 1386 libentissime
769 1305 1019 1366 emendabimus.
1060 1307 1103 1367 Et
1122 1308 1161 1368 de
1184 1318 1301 1369 caete·

183 1413 220 1452 ro
244 1391 270 1451 si
292 1389 409 1471 aliquis
430 1387 517 1469 apud
533 1408 591 1446 nos
611 1407 722 1468 parem
738 1409 833 1448 suum
849 1409 966 1448 nocere
985 1388 1139 1464 voluerit,
1161 1389 1223 1451 hoc
1239 1412 1301 1451 se-

182 1473 325 1535 cundum
339 1469 606 1534 consuetudinem
619 1477 857 1532 antecessorum
876 1481 1059 1533 nostrorum
1076 1472 1217 1534 diffinire
1231 1495 1300 1534 vo-

182 1557 301 1617 lumus.
350 1563 356 1573 '

264 1637 307 1698 X.
348 1636 396 1695 De
416 1632 536 1717 placito
552 1643 682 1712 nostro,
713 1645 746 1697 et
771 1635 811 1698 de
836 1635 999 1697 communi
1025 1635 1186 1699 adiutorio
1211 1657 1299 1699 con-

181 1730 232 1784 tra
253 1721 481 1796 Nortmannos,
504 1727 537 1778 et
561 1717 600 1778 de
621 1718 849 1780 conlocutione
870 1729 978 1782 nostra
993 1721 1146 1782 fraterna.

428 1897 856 1962 TITULUS
919 1901 1045 1967 XIV.

550 2035 655 2076 aruo
697 2015 922 2082 Stuvacuu.

223 2157 291 2240 (De
310 2151 414 2216 Missis
429 2152 609 2216 Dominicis
625 2174 683 2238 pro
697 2154 802 2238 Regni
817 2165 851 2216 et
868 2156 1033 2219 Ecclesiae
1047 2155 1253 2236 commodis).

181 2300 394 2392 Sequuntur
423 2295 599 2388 Cupitula
627 2321 721 2388 quae
751 2298 896 2391 inipso
928 2325 1051 2388 annu,
1079 2313 1115 2368 et
1139 2301 1178 2369 in
1207 2300 1296 2392 ipso

181 2423 305 2469 mense
330 2395 578 2482 Nouembrio,
612 2395 786 2466 Dumnaco
812 2401 981 2469 Karalus
1006 2401 1174 2470 consultu
1187 2399 1297 2488 fide-

182 2497 272 2568 lium
304 2519 457 2564 suorum
481 2496 522 2565 in
547 2495 726 2566 Silvutico
753 2495 792 2592 f)
817 2500 955 2584 edidit,
985 2513 1020 2569 et
1040 2525 1113 2592 per
1136 2523 1298 2590 regnum

181 2620 289 2666 suum
309 2620 335 2664 a
357 2595 489 2665 Missis
509 2597 588 2664 suis
604 2596 827 2666 adnuntiari
853 2610 888 2666 et
912 2597 1106 2669 obseruari
1127 2623 1299 2690 praece-

175 2698 253 2793 pit,
278 2695 346 2765 secl
362 2707 397 2764 et
407 2695 548 2764 Missos
561 2719 661 2780 suos,
677 2697 773 2764 sicut
790 2695 1035 2789 aridaequitur,
1051 2721 1124 2794 per
1139 2721 1301 2790 reguum

565 2819 674 2863 suum
707 2797 911 2873 ordinauit.

186 2909 238 3021 In
259 2960 390 3021 nomine
416 2967 543 3020 sanctae
566 2967 597 3018 et
622 2958 808 3021 individuae
832 2961 1012 3029 Trinitatis.
1053 2962 1190 3024 Karolus
1219 2983 1298 3044 gra-

184 3044 230 3104 tia
244 3043 305 3103 Dei
319 3045 399 3118 Rex,
424 3042 551 3102 dilectis
562 3051 593 3101 et
610 3041 758 3104 fidelihus
769 3042 872 3120 Missis
886 3046 1299 3128 nostrisperregnumnos-

185 3137 273 3186 trum
298 3125 498 3199 constitutis,
530 3123 675 3189 salutem.
727 3127 818 3187 Sicut
841 3127 931 3189 vobis
961 3139 1074 3189 notum
1097 3151 1163 3190 esse
1185 3128 1298 3188 credi-

185 3229 274 3284 mus,
296 3228 369 3266 cum
396 3207 603 3268 dilectissimo
624 3208 721 3267 fratre
745 3219 859 3273 nostro
879 3211 1047 3272 illothario
1065 3211 1150 3293 apud
1168 3212 1297 3276 Valen-

185 3292 288 3351 tianas
303 3289 404 3350 locuti
424 3289 554 3366 luimus,
577 3298 608 3350 et
628 3291 790 3350 communi
807 3293 942 3354 consilio
968 3317 1041 3356 cum
1054 3295 1201 3356 fidelibus
1216 3314 1299 3352 nos-

186 3371 245 3434 tris
275 3372 499 3433 communibus
527 3372 801 3436 consideravimus
829 3373 866 3434 ut
894 3375 980 3438 inter
1008 3383 1134 3439 caetera
1164 3385 1299 3440 sanctae

187 3455 251 3521 Dei
279 3455 444 3516 Ecclesiae
467 3464 500 3514 et
534 3456 632 3516 nostri
655 3457 854 3540 principatus
880 3479 915 3518 ac
945 3460 1038 3542 regni
1064 3459 1155 3524 nobis
1181 3483 1199 3520 a
1223 3463 1299 3519 Deo

89 3567 90 3572 ¹
185 3539 350 3600 commissi
372 3538 500 3620 negotia
522 3539 711 3620 necessaria,
735 3541 773 3600 de
798 3539 847 3601 his
869 3563 951 3622 quae
973 3545 1216 3624 subsequuntur
1238 3563 1299 3602 vos

188 3623 372 3705 specialiter
391 3640 658 3692 ammoneremns3
681 3631 718 3682 nt
737 3623 820 3684 sicut
850 3623 904 3684 hic
933 3617 1093 3707 descripta
1115 3627 1298 3698 habentur,

188 3727 256 3766 una
280 3727 354 3765 cum
378 3704 439 3764 Dei
466 3703 646 3780 adiutori0,
675 3716 770 3788 prout
799 3707 914 3768 melius
941 3709 1132 3790 potueritis,
1161 3720 1298 3770 strenue

188 3788 322 3872 exsequi
342 3787 540 3870 procuretis,
570 3797 602 3846 et
627 3787 689 3848 hoc
709 3791 952 3869 praesentaliter
976 3793 1193 3853 necessarium
1216 3811 1298 3870 opus

188 3870 260 3932 sine
294 3871 404 3950 aliqua
436 3869 590 3930 dilatione
622 3869 675 3930 vel
700 3871 925 3951 excusatione,
957 3875 1041 3934 sictit
1066 3876 1099 3934 in
1128 3873 1299 3934 missaticis

188 3954 355 4015 coniuncti
376 3961 409 4013 et
423 3951 566 4033 deputati
585 3953 671 4030 estis,
693 3954 787 4014 simul
807 3956 1018 4034 conveniatis,
1042 3968 1072 4017 et
1094 3958 1155 4018 hoc
1176 3959 1216 4017 ad
1226 3977 1301 4038 per-

186 4037 365 4098 ficiendum
379 4035 571 4115 quantocius
590 4035 771 4108 inclroetis3
795 4048 828 4097 et
842 4045 999 4118 quantum
1019 4041 1071 4100 vel
1088 4041 1230 4122 qualiter
1250 4040 1301 4097 ln-

187 4119 228 4180 de
251 4121 370 4180 factum
393 4117 581 4197 habueritis,
604 4121 827 4204 uuusquisque
848 4131 1002 4202 vestrum,
1030 4119 1113 4185 siout
1133 4125 1168 4185 in·
1185 4123 1300 4184 missa-

186 4237 549 4255 *nn—affl

214 4292 261 4364 s)
280 4295 315 4351 al.
332 4309 383 4346 ms.
401 4293 522 4348 Silvano·
