2746 4992
215 282 288 354 256
367 384 372 391 Ι
650 269 885 358 csarrasann

214 443 332 505 siarum
364 437 626 516 irrationabiliter
654 439 798 520 fiebant,
828 452 859 506 et
884 463 916 504 se
944 461 1088 522 suosque
1111 461 1282 508 successores

212 545 319 610 poena
340 523 427 619 grati
448 522 631 604 obligabant
651 532 687 583 nt
709 524 790 586 lacta
808 523 906 609 ipsias
932 533 1097 606 nequeant
1122 523 1282 604 dissolvere,

212 606 428 692 praecipimus
454 614 490 665 ut
516 625 609 666 tremo
643 627 807 668 successor
835 609 867 666 iu
897 607 1105 666 antecessoris
1132 607 1177 666 sui
1199 629 1284 688 poena

212 698 328 752 statuta
350 686 392 749 sit
412 687 587 769 obligatum
619 688 674 749 sed
695 710 769 749 strae
795 689 1013 771 providentiae
1045 689 1087 748 sit
1112 690 1283 768 concessum,

212 780 249 833 ut
271 772 297 834 si
319 779 502 831 antecessor
522 766 590 830 eius
614 790 665 830 res
681 771 844 832 Ecclesiae
864 769 1284 834 irrationabiliterdistrihue·

210 854 264 934 rit,
283 853 322 914 ab
337 874 375 913 eo
393 851 433 912 ad
454 850 504 912 ius
529 850 691 912 Ecclesiae
705 854 882 914 tenendum
901 864 1083 915 revocetur.

291 933 402 999 XXII.
442 934 571 997 Placuit
583 933 674 995 nobis
690 943 725 994 ut
742 935 838 998 liberi
851 935 1010 1012 homines,
1029 933 1087 1019 qui
1104 957 1166 997 non
1179 949 1286 1018 propter

206 1027 438 1101 paupertatem,
459 1017 516 1078 sed
541 1016 582 1076 ob
607 1017 770 1078 vitandam
792 1018 838 1080 rei
864 1018 988 1078 ublicae
1011 1019 1195 1094 utilitatem,
1214 1019 1284 1079 fraa-

208 1100 362 1162 dulenter
392 1122 430 1161 ac
462 1098 629 1178 ingeniose
660 1120 711 1160 res
743 1121 814 1162 suas
837 1041 992 1162 Ecclesiis
1028 1102 1199 1184 delegant,
1230 1123 1284 1162 eas·

206 1202 272 1263 qne
309 1181 418 1245 denuo
457 1182 517 1243 sub
542 1202 642 1242 censu
680 1181 811 1242 utendas
845 1183 1037 1264 recipiunt,
1073 1193 1109 1246 ut
1142 1203 1284 1263 quousque

206 1283 258 1408 pes
288 1284 360 1326 suas
386 1263 569 1348 possident,
601 1261 707 1326 hostes
734 1272 766 1325 et
790 1263 929 1346 reliquas
955 1265 1102 1348 publicas
1129 1263 1285 1326 functiones

221 1344 338 1406 acient.

287 1425 418 1494 XXlll.
459 1428 508 1488 De
530 1425 660 1489 feminis
680 1426 808 1508 quibus,
831 1427 989 1490 defunctis
1008 1428 1105 1505 viris,
1126 1426 1283 1488 Lex'Lon-

205 1508 420 1594 gobardorum
442 1508 592 1592 prohibet
617 1519 689 1570 ante
722 1509 798 1568 anni
831 1509 967 1592 spatium
995 1521 1119 1574 vestem
1144 1509 1284 1592 religionis

204 1599 330 1653 mutare
356 1592 528 1672 velumque
549 1591 721 1672 suscipere,
742 1590 906 1686 petierunt
929 1601 1074 1652 nostram
1092 1591 1244 1654 licentiam
1257 1601 1285 1650 ut

204 1695 280 1735 mox
310 1673 388 1734 dum
414 1674 524 1735 divina
548 1673 648 1756 pictas
673 1673 903 1752 inspiraverit,
938 1695 989 1736 eas
1020 1675 1187 1744 indemnes
1207 1673 1284 1734 liceat

148 1743 153 1766 ⁹
203 1755 377 1837 suscipere.
417 1757 481 1817 Nos
499 1765 606 1816 autem
630 1755 868 1816 considerantes
883 1755 958 1836 qnia
973 1759 1149 1837 praeterito
1165 1765 1285 1836 tempore

203 1859 263 1922 pro
291 1839 358 1918 ipsa
379 1837 565 1900 dilatatione
584 1836 702 1898 multae
722 1837 817 1898 etiam
841 1848 934 1918 raptu
955 1838 1039 1899 intra
1062 1840 1148 1900 idem
1172 1838 1284 1922 spatium

204 1920 246 1980 ad
272 1919 367 1980 aliam
385 1931 507 2004 partem
533 1918 701 1981 distractae
721 1921 871 1997 fueruat,
893 1920 965 1982 ideo
992 1930 1024 1982 et
1052 1942 1162 1983 earum
1182 1920 1284 2001 petitio-

205 2022 296 2078 nem,
317 2001 394 2084 quia
413 2001 596 2064 censuimus
617 2022 684 2064 esse
712 2002 838 2079 iustam,
866 2002 1087 2086 suscepimus,
1119 2012 1152 2066 et
1171 2003 1212 2064 eis
1230 2001 1284 2063 fieri

204 2082 250 2143 ita
273 2084 487 2146 concedimus.

176 2229 180 2240 ,
287 2165 411 2228 xxiv.
452 2169 496 2227 Ut
527 2163 875 2230 nullusCancellarius
898 2167 1047 2248 proullo
1075 2166 1213 2228 iudicato
1240 2174 1284 2224 aut

204 2247 324 2330 scripto
356 2248 481 2329 aliquid
506 2249 643 2327 amplius
674 2251 817 2333 accipere
842 2251 957 2310 audeat
980 2251 1042 2310 nisi
1069 2248 1227 2310 dimidiam
1250 2248 1281 2306 li-

203 2329 294 2391 bram
318 2332 442 2411 argenti
469 2331 510 2392 de
543 2330 714 2394 maioribus
741 2331 875 2415 scriptis.
915 2333 964 2392 Dc
990 2331 1170 2392 minoribus
1196 2339 1282 2390 auten

203 2411 289 2472 intra
318 2413 482 2473 dimidium
505 2412 636 2489 libram,
664 2424 821 2496 quantum
844 2435 895 2473 res
920 2413 1095 2474 assimilare
1124 2413 1233 2496 possit,
1257 2421 1281 2470 et

203 2491 371 2558 iudicibus
390 2505 514 2556 rectum
537 2493 673 2570 videtur,
696 2497 838 2579 accipiat.
879 2497 928 2556 De
950 2494 1104 2578 orphanis
1127 2504 1225 2555 autem
1239 2493 1280 2553 vel

202 2575 243 2640 de
267 2574 399 2640 caeteris
417 2575 610 2660 pauperibus
633 2578 689 2658 qui
712 2580 878 2640 exsolvere
906 2577 967 2638 hoc
992 2600 1058 2638 non
1083 2584 1230 2659 possunt,
1255 2574 1280 2632 in

224 2659 405 2722 residentia
428 2658 560 2720 Comitis
580 2657 622 2718 sit
639 2668 675 2719 ut
698 2681 897 2742 nequaquam
916 2659 991 2721 inde
1014 2659 1141 2740 aliquid
1159 2657 1279 2738 accipiat

199 2681 322 2803 dotarii
350 2750 457 2802 autem
481 2741 543 2800 hoc
574 2739 680 2802 iurare
707 2743 842 2816 debent,
872 2743 960 2822 quod
991 2741 1122 2804 nullum
1149 2741 1279 2820 scriptum

198 2824 318 2885 falsum
338 2823 469 2894 faciant,
493 2844 552 2883 nec
573 2821 606 2881 in
622 2824 748 2886 occulto
770 2825 922 2904 scriptum
937 2823 1071 2905 aliquod
1093 2823 1217 2898 faciant,
1234 2841 1281 2879 nec

199 2904 240 2966 de
262 2928 328 2967 uno
349 2906 510 2966 comitatu
529 2905 561 2963 in
584 2903 647 2964 ulio
664 2905 724 2967 nisi
747 2929 806 2989 per
823 2906 987 2966 licentiam
1009 2904 1099 2964 illius
1118 2904 1240 2978 Comitis
1254 2902 1279 2960 in

198 2987 290 3048 cuius
314 2987 474 3049 Comitatu
502 2995 584 3047 stare
608 2985 736 3048 debent.
778 2989 811 3050 si
836 3010 911 3049 vero
935 2988 1108 3050 necessitas
1133 2987 1165 3046 in
1184 2986 1280 3046 itinere

198 3067 305 3150 aliqua
327 3068 528 3150 compulerit,
551 3077 606 3126 aut
627 3070 793 3132 infirmitas
812 3071 932 3152 gravis,
962 3071 1142 3132 secundum
1166 3068 1279 3148 Capitu-

197 3149 266 3212 larc
295 3151 457 3212 Genitoris
480 3150 579 3211 nostri
606 3151 733 3214 faciant.
774 3154 809 3215 si
829 3153 970 3213 notarius
993 3153 1089 3212 aliter
1109 3151 1279 3229 feceritap·

196 3242 307 3317 parcat
327 3233 431 3296 inanis
452 3242 483 3294 et
506 3254 635 3297 vacuus.

282 3314 386 3376 XXV.
427 3318 474 3376 De
504 3313 622 3375 chartis
643 3336 725 3397 quae
753 3338 769 3374 a
805 3317 993 3398 quibusdam
1015 3313 1170 3397 ¹personis
1195 3309 1276 3370 falsas

197 3396 401 3480 appellantur
422 3398 643 3458 constituimus
665 3406 702 3457 ut
716 3397 743 3458 si
764 3399 912 3461 Notarius
936 3391 1151 3481 supervixerit
1177 3403 1207 3452 et
1228 3399 1276 3450 tes·

195 3489 244 3541 tes
264 3478 336 3561 ipsi,
359 3501 464 3541 veram
485 3491 516 3539 et
539 3480 686 3540 idoneam
706 3481 834 3541 faciant.
874 3483 963 3545 Etsi
987 3489 1080 3541 testes
1094 3475 1206 3538 mortui
1222 3475 1276 3532 lue·

195 3561 274 3640 rint,
296 3571 327 3622 et
344 3563 492 3623 Notarius
516 3561 739 3643 supervixerit,
754 3585 826 3622 cum
844 3563 1012 3625 duodecim
1030 3559 1217 3640 iuratoribus
1235 3554 1274 3634 ip·

196 3665 262 3706 sam
282 3641 423 3704 charran
441 3665 548 3704 veram
571 3651 602 3702 et
629 3643 776 3704 idoneam
800 3645 903 3706 faciat.

276 3727 404 3787 xxtll..
436 3725 562 3788 Placuit
582 3725 673 3787 nobis
698 3735 733 3786 ut
758 3727 837 3788 baec
863 3725 1029 3808 Capitale,
1059 3747 1141 3806 qnae
1164 3737 1274 3796 excerp·

194 3807 293 3871 simus
315 3809 355 3869 de
380 3808 562 3892 capitulare
587 3807 689 3868 bonae
718 3810 886 3869 memoriae
909 3809 970 3868 Avi
996 3808 1096 3868 nostri
1121 3801 1222 3866 Karoli
1244 3817 1272 3855 ac

194 3891 313 3954 Domni
339 3891 501 3952 Genitoris
532 3891 632 3949 nostri
663 3891 793 3951 Lodoici
818 3890 1048 3973 imperatoris,
1080 3890 1118 3949 ab
1146 3882 1272 3947 omnibus

195 3983 228 4036 et
249 3983 376 4036 sanctae
390 3973 553 4039 Ecclesiae
570 3981 602 4031 et
624 3974 739 4032 nostris
753 3973 1062 4052 fidelibusinregno
1084 3970 1189 4030 ltaliae
1207 3983 1271 4024 con·

193 4056 377 4118 sistentibus
400 4078 458 4138 pro
483 4057 553 4136 lege
578 4063 748 4114 teneantur
769 4065 800 4114 et
821 4063 1061 4119 conserventur.
1102 4055 1142 4112 Et
1156 4048 1271 4130 quicun-

193 4159 258 4218 que
279 4159 390 4200 eorum
416 4137 638 4218 capitulorum
660 4147 860 4222 contemptor
878 4136 1038 4215 extiterit,
1060 4134 1213 4218 sexaginta
1229 4145 1269 4186 ⁸0·

194 4220 278 4284 lidos
299 4228 478 4304 componat.
