2786 4980
155 329 224 436 316
374 353 418 418 a.
437 350 522 412 cna.
625 350 884 410 carissimu.
997 354 1056 423 aas.

172 494 355 557 secuudum
369 492 584 555 ministerium
599 503 761 574 restrum,
784 503 942 579 quantum
966 516 1059 579 posse
1081 497 1174 563 voltis
1196 499 1285 562 Deua

176 577 331 657 dederit,
353 577 542 640 exhibeatis.

341 659 399 737 (Ut
416 658 745 744 praeceptoEcclesiis
762 663 1113 746 coracessofirmontuu)

223 749 227 756 '
252 742 332 808 Vll.
374 746 417 804 Ut
433 752 604 824 praecepta
622 765 704 824 quae
722 744 811 804 Avus
825 755 856 806 et
877 747 974 806 Pater
994 756 1100 808 vester
1118 747 1281 810 Ecclesiis

115 905 118 912 ,
147 822 265 910 -Jiobis
295 825 469 891 commissis
499 829 649 886 fecerunt
671 836 703 885 ot
729 827 964 904 firmaverunt,
986 837 1019 889 et
1041 829 1181 892 stabilito
1200 825 1285 909 eois]-

171 920 396 987 serrarerunt,
425 929 509 991 quae
547 909 644 970 etiam
673 931 730 972 ros
766 911 971 990 confirmatis,
1001 912 1042 972 de
1064 919 1193 975 caetero
1214 923 1286 974 rata

174 993 384 1056 conservetis.

192 1103 258 1180 (Ut
283 1099 411 1186 siquid
434 1101 564 1162 invicem
581 1114 747 1182 peccatur,
774 1103 1040 1177 momoronsitto
1065 1104 1264 1184 corrigatur.)

256 1184 351 1251 Vlll.
393 1185 435 1244 Ut
456 1181 483 1243 si
502 1203 558 1245 vos
577 1194 689 1244 contra
702 1185 782 1246 haec
811 1172 984 1268 Capitale,
1011 1195 1067 1246 aut
1087 1207 1167 1264 nos,
1193 1186 1284 1268 quod

175 1268 275 1348 absit,
306 1287 372 1329 non
392 1264 530 1344 malitia,
555 1286 616 1328 nec
637 1289 790 1349 perverso
818 1268 943 1346 studio,
972 1267 1030 1328 sed
1062 1277 1118 1329 aut
1136 1288 1197 1351 per
1216 1268 1283 1328 hu-

176 1375 303 1413 manum
320 1349 548 1432 fragilitatem,
567 1357 621 1409 aut
638 1371 697 1432 per
710 1349 946 1434 ignorantiam,
978 1351 1030 1411 rel
1060 1372 1119 1432 per
1149 1351 1283 1448 subrep-

172 1437 314 1512 tionem,
350 1453 415 1492 non
441 1431 667 1492 damnabiliter
696 1433 878 1516 egerimus,
918 1442 1032 1494 mutuo
1056 1434 1119 1496 hoc
1142 1433 1282 1498 consilto

175 1517 390 1602 corrigamus3
417 1523 450 1575 et
465 1513 589 1576 firmata
603 1514 759 1600 deinceps
780 1515 1012 1579 convenientia
1030 1526 1167 1581 maneat.

499 1677 848 1772 rlrocos
909 1682 949 1748 u

337 1790 466 1848 Arno
509 1786 761 1846 Touosau
803 1806 1125 1862 erytrareu.

280 1907 338 1980 (De
355 1893 509 1980 clericis,
538 1910 576 1962 ut
591 1901 630 1962 ab
655 1902 827 1986 Episcopis
851 1923 918 1964 non
933 1902 1181 1986 opprimantur.)

175 2024 373 2117 Sequentia
396 2023 571 2115 Copitelo
589 2033 677 2091 aeto
699 2034 785 2092 aunt
811 2023 917 2116 opud
941 2021 1118 2092 Tolosam
1138 2025 1280 2093 civito-

173 2141 270 2212 tem,
297 2147 398 2194 ortuo
429 2135 562 2216 quarto
589 2122 734 2193 Domni
766 2122 926 2210 Koroli,
953 2123 1164 2196 Indictione
1194 2121 1278 2207 VL,

174 2247 297 2294 mense
319 2224 453 2310 Ionio,
481 2233 680 2312 antequam
707 2222 774 2290 illo
800 2244 894 2314 quae
913 2223 1148 2312 praecedunt
1161 2223 1280 2314 sacto

164 2324 435 2417 suerintsecee
463 2320 650 2408 Teudonio
664 2321 813 2404 villam,
841 2333 877 2393 et
908 2323 947 2392 ie
961 2392 964 2400 ,
979 2321 1022 2390 V
1015 2345 1106 2406 erno
1127 2323 1276 2414 palatio

174 2437 210 2492 et
226 2425 266 2494 in
281 2422 443 2491 Beleaeo
460 2421 634 2493 civitate:
657 2421 725 2490 sed
741 2422 824 2490 ideo
847 2431 932 2510 urite
945 2420 1011 2490 illo
1029 2421 1155 2512 posito
1172 2432 1275 2509 sunt,

174 2525 265 2618 quio
282 2533 318 2592 et
339 2521 522 2616 dignitate
537 2520 798 2614 generalitatis
821 2531 857 2589 et
885 2521 1059 2608 synodali
1083 2521 1279 2614 prooemi-

564 2631 652 2691 nent
674 2620 911 2691 auctoritate.

536 2752 907 2814 Pnaerorro

123 2889 128 2914 '³
174 2835 285 2957 Haec
309 2910 392 2973 quae
427 2899 610 2971 sequuntur
639 2888 806 2972 Cupitum,
852 2890 1060 2952 consulentes
1089 2887 1281 2950 necessitate

172 2975 408 3059 Episcoporum
423 2972 656 3052 septimaniae,
675 2983 707 3033 et
722 2972 938 3034 subiectorum
955 2973 1001 3033 eis
1013 2971 1281 3055 Presbyterorum

172 3056 383 3142 providentes
399 3054 598 3138 possibilitati
614 3099 623 3131 ,
647 3064 820 3116 tractantes
836 3055 931 3116 etiam
947 3054 1028 3114 sacri
1043 3063 1077 3115 et
1092 3054 1175 3114 iuste
1194 3052 1281 3113 inre·
1381 3113 1382 3120 ,

172 3137 402 3223 prehensibilis
437 3135 607 3198 ministerii
639 3137 856 3215 honestatem,
888 3132 1156 3309 Preyryterorum
1178 3137 1280 3196 recla—
1381 3149 1382 3194 1

174 3221 316 3300 motione
331 3220 536 3295 commoniti,
556 3219 772 3280 moderamine
798 3228 944 3288 mansuet

175 3325 240 3390 «με
260 3301 374 3384 addili
398 3301 555 3376 tutiorem
571 3312 737 3374 tractatum
748 3303 870 3386 Synodi
887 3301 1047 3384 generalis
1063 3299 1280 3362 decernimus.

256 3384 282 3450 l.
307 3382 367 3444 'Ut
412 3383 536 3470 piscopi
557 3386 680 3444 nullam
700 3383 963 3468 inquietudinem
979 3384 1046 3445 sire
1061 3382 1281 3465 exprobratio-

174 3465 252 3532 nedi
262 3467 483 3550 Pleshyletls,
507 3476 562 3527 aut
582 3477 692 3550 aperte
711 3467 920 3548 ingerendo,
960 3475 1017 3526 aut
1044 3465 1107 3525 elia
1132 3460 1280 3546 qualibet

173 3547 346 3634 occasione
354 3548 586 3630 ,machinaudm
600 3572 657 3632 pro
672 3571 710 3612 co
729 3551 816 3634 quod
832 3573 865 3612 se
883 3550 996 3612 ednas
1012 3547 1072 3608 hac
1089 3547 1160 3608 vice
1179 3547 1282 3609 recla-

117 3662 137 3695 μ
172 3655 261 3698 marc
282 3641 461 3709 venerunt,
488 3631 649 3692 inferant:
676 3633 752 3713 quia
774 3635 869 3716 longa
899 3629 1063 3714 oppressio
1091 3628 1281 3691 huiusmodi

170 3714 298 3781 itineris
314 3738 368 3778 eos
387 3715 465 3775 fecit
481 3714 590 3776 subire
611 3714 764 3782 laborem,

253 3797 298 3864 ll.
341 3801 385 3858 Ut
403 3819 506 3857 unum
525 3797 668 3866 modium
685 3797 851 3873 frumenti,
870 3806 901 3858 ct
920 3817 1023 3856 unum
1039 3795 1183 3857 modium
1201 3794 1279 3854 hor-

990 3219 1051 3279 inis
1076 3227 1202 3278 nostrae
1227 3237 1280 3278 us·
1381 3225 1382 3246 ¹

172 3885 244 3963 dei,
266 3891 363 3964 atque
385 3880 646 3966 nnumqmodium
663 3880 752 3959 vini,
774 3904 848 3946 cum
867 3901 1015 3941 mensura
1036 3900 1118 3960 quae
1146 3877 1283 3961 publica
1380 3955 1381 3960 ἵ

172 3978 205 4030 et
225 3964 376 4051 probata,
397 3967 438 4024 ‘ac
458 3962 616 4045 generalis
633 3985 689 4022 seu
707 3963 872 4047 legitima,
897 3985 956 4045 per
979 3961 1141 4022 civitatem
1165 3971 1198 4022 et
1222 3979 1283 4055 po·
1380 3983 1381 4020 l

173 4072 249 4133 gum
265 4058 361 4131 atque
383 4047 582 4109 vicinitatem
597 4043 750 4122 habetur„
775 4045 924 4131 Episcopi
944 4045 962 4104 al
981 4043 1181 4126 Presbyteris
1197 4064 1283 4104 accr-

153 4133 283 4215 .,piant.,
309 4135 343 4191 'et
358 4129 568 4210 frischingam
584 4150 639 4188 sex
658 4130 819 4190 valentem
845 4128 1013 4202 denarios,
1050 4136 1105 4186 aut
1136 4148 1192 4188 sex
1218 4145 1283 4208 pro

174 4235 213 4275 ea
234 4212 401 4290 denarios,
426 4222 460 4274 et
475 4235 539 4272 nou
555 4211 691 4292 amplius
708 4212 847 4292 exigent.
888 4211 934 4272 Et·
953 4209 979 4268 si
995 4208 1075 4272 haec
1095 4219 1171 4271 ·nc‘n
1196 4209 1283 4268 acci-

82 4363 85 4367 ,
173 4296 287 4381 piunt,
310 4295 487 4394 pecipiant,
513 4295 689 4371 sivolunt,
717 4293 845 4378 proluis
874 4291 1023 4354 omnibus
1047 4291 1129 4354 duos
1156 4293 1281 4354 solidos
