2712 4992
482 261 730 320 siauoanrcar
1114 242 1183 322 381

87 400 314 480 nomineilla,
332 400 408 464 dam
426 397 601 466 multorum
615 401 753 462 babetur
777 401 1000 483 percognitum
1020 406 1106 486 quod
1126 428 1186 490 ego

84 501 118 552 te
138 487 214 566 illa,
241 507 307 545 una
332 491 584 566 cum'conseusu
603 493 773 568 pareutum
794 483 846 544 vcl
867 485 1040 546 amicorum
1059 499 1188 551 nostro·

81 593 176 647 rum,
199 579 254 628 tua
270 578 445 648 spontanea
462 566 625 628 voluntate
641 563 808 648 sponsavi,
830 564 909 624 mihi
930 567 1054 648 placuit
1071 581 1108 631 ut
1124 571 1187 630 ali·

81 652 169 738 quid
188 651 228 712 de
247 649 343 710 rebus
361 647 509 730 meisper
527 647 616 710 hunc
634 649 765 709 titulum
783 646 886 706 libelli
909 647 992 712 dotis
1019 661 1093 714 ante
1118 653 1188 716 dies

82 732 276 818 nuptiarum
292 731 352 792 tibi
370 729 558 792 confirmare
575 731 734 794 deberem.
776 729 872 806 Quod
885 727 930 788 ita
946 740 978 794 et
997 733 1072 794 feci.
1100 735 1189 816 Ergo

82 819 178 880 douo
195 811 496 896 tibil'douatumquc
520 833 588 873 esse
607 813 681 874 volo
710 811 865 872 locellum
888 831 957 872 rem
983 815 1189 900 proprietatis¹

81 919 181 962 meae
204 904 445 978 nuncupantem
463 893 577 972 illum,
598 893 695 955 situm
714 894 747 953 in
769 913 850 974 pago
876 891 953 971 illo,
975 919 1049 962 cum
1074 898 1188 978 terris,

85 975 269 1056 aediliciis,
309 977 497 1054 accolabus,
528 976 715 1058 mancipiis,
750 973 894 1052 libertis,
925 977 1047 1056 vineis,
1080 981 1188 1058 silvis,

84 1062 209 1160 pratis,
229 1060 373 1142 pascuis,
393 1059 509 1142 aquis,
531 1079 726 1140 aquarumve
743 1057 949 1135 decursibus,
971 1061 1142 1126 mobilibus
1156 1070 1191 1126 et

87 1141 327 1220 immobilibus,
345 1162 421 1203 cum
442 1139 529 1201 omni
543 1139 741 1223 supraposito
757 1139 887 1221 suisque
911 1139 1109 1221 adiacentiis,
1123 1154 1190 1207 tam

86 1229 132 1306 de
153 1222 357 1306 alodequam
375 1219 461 1286 etde
479 1231 676 1306 comparato,
697 1241 755 1284 seu
775 1222 814 1283 de
843 1221 988 1302 qualibet
1019 1226 1190 1305 adtractu,

86 1315 196 1382 totum
210 1315 242 1369 et
259 1307 300 1368 ad
317 1305 496 1388 integrum,
517 1304 602 1367 sicut
622 1303 640 1366 d
661 1325 712 1365 me
734 1303 895 1391 praesenti
923 1314 1065 1388 tempore
1094 1309 1185 1370 vidc-

86 1401 226 1452 turesse
244 1408 439 1472 possessum,
461 1396 494 1449 et
515 1385 549 1448 in
562 1385 769 1448 fabricaturas
782 1405 895 1446 aarum
914 1395 1055 1468 tautum,
1077 1411 1189 1472 argan-

86 1465 325 1559 tum't'antum,
347 1469 545 1534 vestimenta.
585 1469 671 1531 Haec
695 1469 801 1528 omnia
829 1469 975 1549 superius
1009 1471 1073 1531 iam
1103 1471 1192 1534 dicta

85 1552 253 1643 perhanc
266 1549 398 1632 titulpm
416 1549 520 1620 libelli
535 1547 618 1613 dotis
633 1549 746 1612 diebus
769 1549 950 1632 nuptiarum
962 1551 1021 1612 tibi
1041 1575 1112 1614 sum
1132 1552 1190 1614 im·

85 1637 239 1721 pletnrus
256 1632 511 1710 vel-traditurus,
530 1631 574 1696 iu
590 1641 626 1693 ut
644 1633 720 1694 durn
733 1631 895 1696 advixeris
912 1635 1091 1696 secundum
1106 1635 1189 1717 legis

88 1717 241 1781 ordinem
266 1726 377 1778 teneas
402 1722 500 1796 atque
528 1715 706 1798 possideas,
734 1713 915 1796 nostrisque
943 1715 1000 1796 qui
1027 1738 1068 1779 ex
1095 1717 1190 1780 uobis

87 1799 253 1885 procreati
271 1797 395 1860 fuerint
408 1797 485 1860 liliis
503 1795 555 1858 rel
575 1795 701 1858 filiabus
717 1795 931 1882 derelinquas.
958 1797 991 1858 Si
1009 1799 1082 1880 quis
1097 1821 1189 1878 vero,

90 1882 120 1960 si
144 1881 307 1965 egoipse,
344 1889 401 1941 aut
432 1877 500 1942 ulla
527 1877 679 1974 quislibet
702 1898 838 1962 persona
867 1879 967 1941 fuerit
993 1879 1049 1964 qui
1076 1891 1190 1945 contra

91 1963 179 2026 hanc
211 1960 417 2025 donationem
449 1958 574 2042 aliquid
607 1981 700 2042 agere
727 1960 781 2023 rel
808 1959 1002 2022 calumniam
1034 1984 1189 2046 generare

90 2043 356 2130 praesumpserit,
377 2042 461 2105 illud
475 2041 562 2124 quod
584 2043 702 2124 repetit
724 2063 788 2104 non
811 2041 969 2120 vindicet,
1000 2053 1032 2106 at
1057 2044 1191 2130 iusuper

91 2137 205 2194 contra
222 2126 275 2188 cui
291 2127 383 2187 litem
408 2123 557 2186 intulerit
568 2124 686 2187 solidos
704 2133 834 2187 centum
854 2123 1041 2208 cumponat,
1062 2123 1097 2190 et
1110 2128 1190 2191 haec

92 2209 226 2272 donatio
244 2209 323 2288 meis
334 2207 386 2270 vel
402 2207 561 2269 bonorum
576 2205 743 2268 hominum
758 2206 904 2270 manibus
916 2209 1088 2289 roborata,
1116 2233 1191 2274 cum
1243 2261 1249 2280 ,

91 2285 302 2376 stipulatione
318 2289 473 2367 subnixa,
495 2285 585 2380 firma
606 2298 799 2376 permaneat.

335 2401 368 2432 ⁰
448 2416 593 2481 Traditio
615 2417 660 2478 ad
679 2438 832 2504 sponsam.
912 2445 914 2452 ’

175 2532 249 2602 XV.
288 2537 372 2601 Dum
391 2536 565 2598 multorum
584 2533 721 2595 babetur
736 2535 958 2618 percognitum
975 2538 1113 2622 qualiter
1131 2560 1190 2624 ago

92 2616 151 2698 ille
171 2617 313 2704 puellam
329 2620 468 2702 aliquam
485 2617 615 2680 nomine
631 2616 720 2678 illam
738 2639 802 2678 una
816 2639 889 2679 cum
903 2641 1061 2682 consensu
1079 2643 1194 2706 paren·

91 2709 163 2762 tum
182 2700 234 2762 vel
255 2700 430 2764 amicorum
461 2708 643 2762 nostrorum
670 2699 795 2783 legibus
819 2703 983 2782 sponsari,
1005 2713 1038 2764 et
1068 2703 1192 2800 aliquid

91 2784 133 2844 de
153 2781 250 2844 rebus
263 2783 342 2845 meis
357 2783 386 2845 ei
400 2784 518 2846 donare
534 2791 607 2843 ante
624 2780 691 2844 dies
709 2783 893 2864 nuptiarum
922 2785 970 2846 dis
994 2787 1082 2861 osui,
1118 2787 1192 2852 ideo

89 2864 217 2961 placuit
228 2863 308 2924 milri
326 2875 363 2926 ut
383 2866 423 2927 dc
451 2864 526 2949 ipsis
554 2863 649 2926 rebus
671 2863 765 2942 misso
787 2864 886 2948 ipsius
910 2807 1039 2950 puellae
1061 2869 1192 2932 nomine

92 2947 152 3009 illo
165 2946 372 3009 traditionem
383 2947 436 3009 vel
450 2945 723 3027 introductionem
738 2948 881 3009 locorum
890 2950 1066 3012 secundum
1075 2953 1194 3034 Legem

91 3029 391 3092 Romanamfaccre
410 3029 569 3091 deberem.
611 3029 708 3106 Quod
724 3031 767 3090 ita
783 3038 815 3090 et
831 3032 905 3100 feci.
946 3033 1031 3114 Ergo
1051 3035 1145 3098 trado
1161 3034 1192 3097 ei
1251 3091 1256 3102 ,

93 3116 128 3172 ct
144 3110 311 3185 tradidisse
332 3132 383 3174 me
397 3120 519 3174 constat
539 3111 691 3174 locellum
707 3132 776 3173 rem
792 3114 994 3196 proprietatis
1012 3136 1100 3178 meae
1112 3137 1195 3178 nun-

94 3200 267 3276 cupantem
279 3191 396 3273 illum,
416 3194 513 3258 situm
528 3191 560 3254 in
583 3214 663 3276 pago
684 3193 760 3271 illo,
783 3215 855 3258 curn
884 3196 999 3273 terris,
1021 3197 1193 3278 aediliciis,

93 3275 287 3350 accolabus,
308 3275 497 3361 mancipiis,
519 3277 571 3338 rel
590 3285 714 3338 caetera
735 3297 818 3357 quae
835 3288 1039 3358 sequuntur,
1062 3299 1192 3360 siarum,

94 3353 281 3440 argentum,
303 3358 504 3420 vestimenta.
544 3360 631 3420 Haec
654 3358 758 3418 omnia
789 3362 936 3442 superius
963 3361 1133 3437 iamdicta
1161 3372 1194 3426 to

93 3439 152 3501 ille
169 3439 210 3501 ad
224 3441 327 3502 ricem
346 3462 480 3524 sponsae
497 3461 585 3502 meae
605 3441 663 3500 tibi
678 3436 790 3518 trado,
813 3442 855 3501 ita
880 3454 915 3504 ut
938 3453 1079 3525 ternpore
1108 3466 1194 3526 nup-

92 3520 212 3581 tiarum
225 3523 259 3582 in
273 3523 337 3584 iam
356 3523 462 3588 dictae
478 3543 611 3606 sponsae
625 3544 713 3584 meae
740 3525 891 3587 eveniant
914 3534 1119 3606 potestatem,
1149 3526 1194 3588 ita

94 3611 132 3662 ut
142 3605 410 3688 secundumlegis
422 3605 568 3666 ordinem
585 3613 694 3666 teneat
704 3613 799 3687 atque
814 3605 980 3689 possideat.
989 3607 1031 3667 Et
1043 3609 1068 3668 si
1082 3617 1195 3670 contra

94 3683 178 3748 lianc
195 3685 401 3749 traditionem
418 3686 544 3769 aliquid
561 3683 773 3769 refragarcro,
788 3690 929 3768 partibus
949 3689 1046 3771 ipsius
1066 3692 1194 3772 puellae

94 3765 214 3856 solidos
237 3777 341 3832 tantos
354 3791 563 3854 componam,
585 3778 618 3832 et
635 3768 714 3830 baec
728 3771 856 3832 traditio
872 3773 960 3832 firma
980 3783 1173 3854 permaneat.

120 3873 238 3958 Charta
259 3899 293 3960 in
310 3897 446 3984 puellam
459 3899 551 3983 suctu
571 3899 610 3959 ab
631 3917 666 3960 eo
688 3901 743 3982 qui
763 3901 850 3960 illam
874 3902 1005 3964 inuitam
1021 3879 1162 3986 'traxerit

121 4089 126 4096 Ι
177 4013 264 4076 xvl.
305 4014 499 4080 Viventibns
516 4013 664 4098 patribus
686 4015 772 4076 inter
792 4015 873 4099 lilios
886 4016 1020 4080 familias
1041 4019 1109 4080 sine
1134 4001 1213 4088 voss„

95 4093 216 4156 luntats
238 4116 348 4156 eorum
363 4097 561 4159 matrimonia
578 4117 648 4156 non
670 4096 1025 4182 legitimecopulautur,
1046 4103 1100 4164 sed
1121 4123 1196 4164 con·

95 4175 204 4260 iuncta
225 4199 291 4240 uon
314 4179 492 4244 solvuntur.
534 4177 663 4241 idcirco
686 4199 746 4263 ego
764 4179 797 4262 in
817 4181 878 4244 Dei
898 4183 1027 4264 nominc
1040 4184 1106 4264 ille,
1120 4187 1193 4248 dul-
