2658 4978
194 297 244 374 98
400 318 433 380 s.
450 316 530 377 cas.
635 316 874 376 carrronssu
975 258 1047 392 ossi

193 457 437 606 praesentaliter
458 458 492 520 in
506 465 573 520 toto
596 457 693 523 corde
708 467 740 522 st
756 480 831 538 ore,
852 468 885 524 ct
903 459 1095 543 quantocius
1111 456 1268 522 ratiouahi·

208 547 313 608 iteret
330 540 525 628 possibiliter
536 548 634 624 atquc
647 541 882 606 conienicnter
895 565 936 605 ex
953 541 1114 606 communi
1127 561 1268 606 consenso

193 625 266 690 fieri
282 623 418 710 poterit,
439 623 535 686 etiam
553 623 734 705 praeseutia
749 626 892 706 corporis
906 625 947 686 ad
966 646 1079 708 pacem
1100 632 1133 684 et
1149 645 1268 686 concor·

193 709 280 772 diam
298 729 373 770 cum
390 707 488 768 fratre
505 726 564 768 suo
582 706 704 770 Karolo
718 727 752 768 sc
767 708 971 785 rediturum,
992 717 1027 770 et
1038 707 1073 768 in
1090 727 1166 788 pace
1183 728 1215 770 ac
1230 730 1269 769 ca·

191 790 287 854 ritate
302 793 372 852 Deo
388 788 506 872 placita
520 809 595 850 cum
620 786 770 872 praefatis
794 789 999 873 Principibus
1026 790 1142 850 nostris
1165 790 1269 852 Karolo

192 881 289 956 atquc
305 871 493 948 illothario,
515 870 541 934 si
560 870 620 953 ipsi
638 870 772 931 eandem
794 891 907 952 pacem
926 880 957 933 et
981 871 1184 934 concordiam
1208 893 1270 954 erga

192 977 266 1019 eum
288 953 506 1030 servaverint,
528 973 789 1036 permansurum,
811 954 886 1014 etin
908 975 942 1016 se
957 953 1163 1036 peccantibus
1181 952 1270 1015 debita

192 1037 367 1114 dimiserit,
388 1037 472 1099 sicut
487 1055 545 1096 sua
568 1035 674 1095 aDeo
699 1035 806 1095 debito
831 1035 892 1096 sibi
917 1036 1009 1120 cupit
1036 1035 1163 1098 dimitti.
1188 1038 1270 1114 ·Quia

191 1119 304 1182 itidem
320 1118 485 1202 Scriptura
502 1117 603 1178 dicits
625 1117 741 1177 Pacem
767 1119 934 1198 sequimini
963 1139 1035 1178 cum
1069 1117 1222 1195 omnibus,
1246 1131 1270 1179 et

192 1201 450 1272 sanctimoniam,
472 1201 539 1259 sinc
555 1218 618 1282 qua
636 1217 726 1257 nemo
743 1198 866 1280 videbit
888 1201 999 1260 Deum.
1041 1200 1085 1261 Et
1110 1221 1180 1260 cnm
1202 1203 1268 1260 mala

192 1292 310 1346 cuncta
334 1281 428 1343 bonis
449 1279 658 1362 sequentibus
690 1278 874 1357 diluantur,
896 1290 1022 1342 tantum
1044 1290 1093 1343 est
1111 1281 1268 1344 discordiae

191 1367 332 1441 malum,
353 1385 436 1446 quae
455 1365 516 1423 uisi
538 1362 680 1430 extincta
698 1361 844 1423 funditus
858 1364 977 1441 fucrit,
999 1364 1123 1424 bonum
1147 1364 1269 1424 nullate-

191 1469 253 1508 nus
275 1448 387 1528 scqui,
409 1445 579 1527 evangelio
609 1450 711 1520 teste,
732 1444 908 1525 permittat;
931 1455 963 1506 et
998 1445 1113 1507 caritas
1134 1455 1179 1507 est
1202 1467 1268 1528 quae

191 1530 297 1613 operit
311 1526 553 1590 multitudinem
569 1533 793 1606 pcccatorum,
814 1527 884 1588 sine
901 1548 965 1608 qna
978 1529 1076 1588 etiam
1093 1527 1120 1588 si
1135 1528 1200 1610 quis
1210 1550 1268 1588 cor·

191 1631 252 1694 pus
269 1631 363 1672 suum
378 1609 482 1670 tradat
499 1609 538 1667 ad
556 1608 685 1689 ignem,
708 1606 792 1668 nibil
806 1608 835 1668 ei
851 1608 912 1669 nisi
926 1609 966 1668 ad
982 1608 1190 1670 damnationis
1202 1610 1268 1669 indi·

192 1692 280 1754 cium
297 1692 448 1775 proderit.
470 1691 512 1750 Et
524 1687 680 1749 Dominus
694 1687 789 1750 dicit:
814 1690 928 1750 Sinon
946 1689 1133 1752 dimiseritis
1154 1693 1266 1752 bomini·

192 1775 248 1836 bus
265 1786 393 1857 peccata
408 1791 535 1848 corum,
557 1791 612 1832 nco
630 1782 725 1854 pater
755 1785 861 1832 vester
880 1773 1023 1833 coelestis
1043 1772 1174 1835 dimittit
1194 1775 1266 1835 uotis

189 1867 320 1938 peccata
339 1867 456 1916 vestra.
1160 1895 1164 1906 .

273 1936 349 2003 Vll.
390 1937 466 1998 Post
485 1932 564 1995 haec
578 1977 589 2005 ,
611 1933 637 1994 si
661 1934 842 2015 promiserit
861 1937 949 2017 quod
973 1937 1036 1998 iam
1065 1937 1197 2010 ulterius
1216 1937 1266 1998 tale

192 2022 245 2085 vel
262 2019 366 2082 simile
382 2017 518 2080 schisma
535 2016 569 2076 in
585 2015 645 2076 hac
662 2028 770 2080 sancta
792 2018 853 2079 Dei
877 2021 1023 2082 Ecclesia
1055 2031 1151 2102 atque
1166 2023 1197 2082 in
1222 2023 1268 2082 ista

192 2100 432 2166 christianitate
456 2121 521 2159 non
538 2098 679 2162 reiteret.
722 2101 814 2160 Unde
836 2101 989 2184 scriptum
1013 2113 1077 2164 est:
1102 2106 1163 2184 Qui
1182 2105 1266 2190 bapti·

194 2197 285 2247 satur
300 2186 319 2244 t
335 2195 477 2254 mortuo,
499 2183 656 2242 etiterum
672 2184 771 2259 tangit
786 2182 898 2253 illum,
921 2183 1001 2265 qnid
1020 2184 1152 2267 proficit
1168 2186 1266 2246 lauatio

179 2267 283 2329 otas?
303 2265 485 2348 Baptizatur
504 2262 659 2345 quippei
678 2273 824 2340 mortno,
845 2264 903 2345 qni
923 2266 1099 2326 mundatur
1123 2267 1235 2330 fletibus
1253 2265 1267 2324 l

218 2359 349 2418 eccat03
372 2347 430 2408 sed
449 2353 521 2428 post
542 2343 695 2426 baptisma
712 2355 873 2406 mortuum
889 2349 1001 2430 tangit,
1014 2350 1074 2428 qui
1093 2351 1196 2430 culpas
1210 2355 1267 2431 post

193 2371 350 2514 iacrymas
368 2429 495 2511 repetit.
536 2428 578 2487 Et
607 2425 724 2486 iterum
745 2428 900 2510 scriptum
925 2440 988 2491 est:
1023 2431 1119 2490 Canis
1145 2449 1267 2492 reuersus

197 2511 242 2574 nd
269 2511 423 2574 vomitum
444 2531 546 2582 snum,
569 2522 599 2569 et
617 2529 669 2567 sus
687 2511 753 2571 lota
771 2511 805 2570 in
826 2511 1015 2572 voluntnbro
1039 2513 1118 2580 lati;
1138 2513 1208 2596 qnia
1224 2509 1267 2592 qui

195 2604 363 2678 peccatum
378 2603 449 2674 post
473 2590 703 2673 poenitentiam
727 2612 762 2651 re
786 2591 865 2668 etit,
894 2593 985 2673 quasi
1008 2592 1043 2652 in
1075 2594 1175 2656 lutosa
1203 2613 1269 2672 aqna

196 2675 402 2759 semetipsum
425 2675 545 2751 volvit,
567 2671 650 2733 vitae
675 2615 864 2734 munditiam
884 2673 1061 2753 subtrahit,
1087 2675 1167 2760 ipsas
1191 2675 1269 2738 etiam

197 2760 351 2844 lacrymas
381 2769 455 2820 ante
473 2756 534 2818 Dei
552 2755 661 2815 oculos
678 2753 820 2817 sordidas
837 2756 924 2822 facit.

282 2839 376 2907 VIII.
416 2843 510 2902 Tunc
530 2840 657 2901 demum
670 2837 834 2921 promittat
846 2861 878 2900 se
893 2839 931 2900 ab
949 2839 1082 2901 illorum
1092 2839 1269 2924 perditorum

186 2923 369 2988 ,hominnm
382 2922 520 2984 tuitione
539 2932 632 3001 atque
649 2921 768 2998 favore,
784 2943 843 3003 per
858 2945 939 3005 quos
956 2932 1020 2982 tam
1037 2925 1269 3004 graviterDenm

201 3007 350 3083 offendit,
374 3006 567 3088 disiungere.
608 3003 651 3064 Et
672 3003 729 3085 qui
749 3005 839 3085 quasi
861 3004 989 3078 adeius
1012 3005 1128 3083 fidem,
1148 3005 1201 3066 sed
1222 3022 1269 3084 po-

199 3090 264 3150 tius
287 3087 463 3150 infideliter
476 3088 516 3148 ad
529 3108 604 3148 eum
620 3095 792 3163 venerunt,
803 3087 842 3152 ad
861 3098 980 3149 rectam
999 3088 1158 3149 rationem
1170 3087 1201 3145 in
1212 3104 1270 3164 pro·

198 3171 288 3232 ximo
307 3170 426 3253 placito
443 3178 517 3230 ante
534 3170 665 3231 fratrem
682 3189 774 3229 snum
787 3169 940 3230 Karolum
966 3179 999 3229 ct
1022 3179 1170 3253 nepotem
1194 3185 1269 3228 suum

198 3251 421 3329 Hlotbarinm,
442 3251 525 3312 sicut
535 3295 546 3322 ,
568 3252 638 3311 Deo
659 3258 759 3326 teste,
782 3250 844 3310 iam
870 3252 955 3334 apud
979 3252 1138 3312 Marsuam
1159 3246 1270 3332 propria

199 3356 298 3396 manu
312 3333 510 3410 firmaverat,
533 3333 662 3408 tenire,
684 3332 711 3392 si
727 3332 888 3412 potnerit,
909 3333 1013 3394 faciat.
1052 3334 1095 3394 Et
1117 3349 1269 3415 quemcun-

200 3436 264 3498 que
279 3417 410 3478 illorum
429 3425 517 3477 recta
527 3413 608 3476 ratio
622 3413 863 3495 dignificaverit,
878 3415 973 3496 digne
988 3413 1111 3476 honore
1132 3435 1187 3476 suo
1200 3414 1269 3472 frua-

198 3508 262 3561 tur.
304 3501 346 3560 Et
365 3498 422 3580 qui
437 3519 496 3580 per
516 3505 635 3558 rectam
647 3496 804 3557 rationem
822 3497 989 3558 Seniorem
1012 3517 1104 3556 suum
1125 3489 1269 3556 iustificari

199 3602 265 3642 non
286 3581 445 3664 potnerit,
467 3589 501 3640 et
512 3577 736 3639 rationabilem
752 3578 1003 3638 misericordiam
1014 3600 1073 3658 pro
1089 3600 1127 3639 eo
1145 3574 1269 3660 expetie-

195 3664 258 3742 rit,
279 3658 413 3725 eandem
432 3661 653 3722 rationabilem
665 3659 914 3722 misericordiam
935 3660 985 3721 illi
1000 3659 1150 3727 obtineat.
1187 3662 1228 3720 De
1240 3653 1270 3712 il·

198 3747 232 3806 lo
246 3767 323 3806 vero
337 3766 434 3825 quem
450 3751 538 3804 recta
554 3742 636 3804 ratio
657 3751 690 3802 st
710 3742 830 3802 iustum
846 3741 1001 3802 iudicium
1016 3735 1269 3809 condemnaverit,

199 3837 235 3888 nt
250 3828 319 3888 Rex
338 3825 538 3889 Christianus
551 3846 624 3906 uum
642 3825 728 3904 Rege
748 3825 871 3905 Regum
894 3823 1021 3885 Christo
1041 3823 1226 3896 concordet,
1244 3825 1269 3878 ct

197 3909 322 3970 alienae
335 3907 510 3990 perditioni
529 3929 644 3968 senon
671 3906 904 3980 commisculet,
931 3906 1024 3987 qnia,
1048 3916 1082 3967 ut
1099 3906 1213 3969 Paulus
1229 3898 1270 3960 dl·

199 3993 261 4067 cit,
282 3990 459 4052 nonsolnm
487 3987 695 4071 quisacinnt,
723 3987 783 4048 sed
796 3991 890 4048 ctiam
921 3989 975 4068 qui
998 3988 1079 4048 male
1097 3983 1269 4070 sarientibus

195 4073 414 4143 consentiunt,
448 4069 539 4150 digni
563 4083 635 4130 sunt
663 4084 773 4132 morte.
814 4070 908 4132 Unde
932 4079 1058 4133 sanctus
1081 4066 1267 4130 Innocentius

194 4153 274 4214 dicit
284 4154 360 4236 quia
379 4174 444 4213 non
463 4153 600 4211 multum
614 4151 750 4213 interest
764 4151 850 4212 inter
867 4151 1233 4214 committentisanimum
1244 4153 1269 4202 et

75 4263 80 4276 ’
192 4236 424 4304 conseritieutis
447 4236 596 4297 savorem.
646 4234 738 4294 lld'do
769 4235 921 4317 amphus,
943 4227 1267 4318 plerumqucdcdiscit
