<?xml version="1.0" encoding="UTF-8"?>
<!DOCTYPE html PUBLIC "-//W3C//DTD XHTML 1.0 Transitional//EN"
    "http://www.w3.org/TR/xhtml1/DTD/xhtml1-transitional.dtd">
<html xmlns="http://www.w3.org/1999/xhtml" xml:lang="en" lang="en">
 <head>
  <title>
</title>
<meta http-equiv="Content-Type" content="text/html;charset=utf-8" />
  <meta name='ocr-system' content='tesseract 3.04.00' />
  <meta name='ocr-capabilities' content='ocr_page ocr_carea ocr_par ocr_line ocrx_word'/>
</head>
<body>
  <div class='ocr_page' id='page_1' title='image "./corpusiurisgerm01visigoog_0231.png"; bbox 0 0 2746 4992; ppageno 0'>
   <div class='ocr_carea' id='block_1_1' title="bbox 176 319 1021 404">
    <p class='ocr_par' dir='ltr' id='par_1_1' title="bbox 176 319 1021 404">
     <span class='ocr_line' id='line_1_1' title="bbox 176 319 1021 404; baseline -0.004 -11"><span class='ocrx_word' id='word_1_1' title='bbox 176 319 250 393; x_wconf 77' lang='lat'><strong>220</strong></span> <span class='ocrx_word' id='word_1_2' title='bbox 396 335 428 390; x_wconf 82' lang='lat' dir='ltr'><strong>s.</strong></span> <span class='ocrx_word' id='word_1_3' title='bbox 447 331 527 390; x_wconf 84' lang='lat' dir='ltr'><strong>can.</strong></span> <span class='ocrx_word' id='word_1_4' title='bbox 628 329 864 388; x_wconf 77' lang='lat' dir='ltr'><strong>canrutaara</strong></span> <span class='ocrx_word' id='word_1_5' title='bbox 960 338 1021 404; x_wconf 58' lang='lat' dir='ltr'><strong>sss.</strong></span> 
     </span>
    </p>
   </div>
   <div class='ocr_carea' id='block_1_2' title="bbox 171 471 1271 912">
    <p class='ocr_par' dir='ltr' id='par_1_2' title="bbox 171 471 1271 912">
     <span class='ocr_line' id='line_1_2' title="bbox 237 471 1202 562; baseline -0.001 -22"><span class='ocrx_word' id='word_1_6' title='bbox 237 475 294 555; x_wconf 79' lang='lat' dir='ltr'><strong>(Ut</strong></span> <span class='ocrx_word' id='word_1_7' title='bbox 314 476 334 538; x_wconf 70' lang='grc' dir='ltr'><strong><em>ὰ</em></strong></span> <span class='ocrx_word' id='word_1_8' title='bbox 351 475 495 562; x_wconf 80' lang='lat' dir='ltr'><strong>propriis</strong></span> <span class='ocrx_word' id='word_1_9' title='bbox 512 471 681 558; x_wconf 80' lang='lat' dir='ltr'><strong>Episcopis</strong></span> <span class='ocrx_word' id='word_1_10' title='bbox 707 475 971 536; x_wconf 81' lang='lat' dir='ltr'><strong>excommunicati</strong></span> <span class='ocrx_word' id='word_1_11' title='bbox 990 477 1029 538; x_wconf 80' lang='lat' dir='ltr'><strong>ab</strong></span> <span class='ocrx_word' id='word_1_12' title='bbox 1050 475 1122 538; x_wconf 84' lang='lat' dir='ltr'><strong>aliis</strong></span> <span class='ocrx_word' id='word_1_13' title='bbox 1140 497 1202 540; x_wconf 87' lang='lat' dir='ltr'><strong>aen</strong></span> 
     </span>
     <span class='ocr_line' id='line_1_3' title="bbox 624 555 835 640; baseline 0 -24"><span class='ocrx_word' id='word_1_14' title='bbox 624 555 835 640; x_wconf 76' lang='lat' dir='ltr'><strong>recipiantur.)</strong></span> 
     </span>
     <span class='ocr_line' id='line_1_4' title="bbox 256 661 1268 754; baseline 0.002 -26"><span class='ocrx_word' id='word_1_15' title='bbox 256 663 298 728; x_wconf 86' lang='lat' dir='ltr'><strong>V.</strong></span> <span class='ocrx_word' id='word_1_16' title='bbox 341 665 385 727; x_wconf 86' lang='lat' dir='ltr'><strong>Ut</strong></span> <span class='ocrx_word' id='word_1_17' title='bbox 406 663 533 750; x_wconf 87' lang='lat' dir='ltr'><strong>expulsi</strong></span> <span class='ocrx_word' id='word_1_18' title='bbox 554 661 630 726; x_wconf 89' lang='lat' dir='ltr'><strong>laici</strong></span> <span class='ocrx_word' id='word_1_19' title='bbox 644 663 699 754; x_wconf 70' lang='lat' dir='ltr'><strong>rel</strong></span> <span class='ocrx_word' id='word_1_20' title='bbox 715 663 856 746; x_wconf 83' lang='lat' dir='ltr'><strong>quilibet</strong></span> <span class='ocrx_word' id='word_1_21' title='bbox 871 665 911 726; x_wconf 91' lang='lat' dir='ltr'><strong>de</strong></span> <span class='ocrx_word' id='word_1_22' title='bbox 928 666 1026 728; x_wconf 87' lang='lat' dir='ltr'><strong>Clero</strong></span> <span class='ocrx_word' id='word_1_23' title='bbox 1049 687 1109 749; x_wconf 90' lang='lat' dir='ltr'><strong>pro</strong></span> <span class='ocrx_word' id='word_1_24' title='bbox 1140 667 1268 750; x_wconf 87' lang='lat' dir='ltr'><strong>quibus·</strong></span> 
     </span>
     <span class='ocr_line' id='line_1_5' title="bbox 172 745 1271 829; baseline 0 -17"><span class='ocrx_word' id='word_1_25' title='bbox 172 751 245 812; x_wconf 88' lang='lat' dir='ltr'><strong>dam</strong></span> <span class='ocrx_word' id='word_1_26' title='bbox 261 747 490 814; x_wconf 76' lang='lat' dir='ltr'><strong>facinoribusit</strong></span> <span class='ocrx_word' id='word_1_27' title='bbox 509 745 648 829; x_wconf 87' lang='lat' dir='ltr'><strong>propriis</strong></span> <span class='ocrx_word' id='word_1_28' title='bbox 666 746 845 828; x_wconf 90' lang='lat' dir='ltr'><strong>Episcopis,</strong></span> <span class='ocrx_word' id='word_1_29' title='bbox 866 746 905 807; x_wconf 93' lang='lat' dir='ltr'><strong>ab</strong></span> <span class='ocrx_word' id='word_1_30' title='bbox 920 748 990 810; x_wconf 88' lang='lat' dir='ltr'><strong>aliis</strong></span> <span class='ocrx_word' id='word_1_31' title='bbox 1010 748 1271 812; x_wconf 84' lang='lat' dir='ltr'><strong>iuxtaCanonum</strong></span> 
     </span>
     <span class='ocr_line' id='line_1_6' title="bbox 171 828 1270 912; baseline -0.003 -18"><span class='ocrx_word' id='word_1_32' title='bbox 171 841 288 896; x_wconf 87' lang='lat' dir='ltr'><strong>statuta</strong></span> <span class='ocrx_word' id='word_1_33' title='bbox 314 851 379 892; x_wconf 90' lang='lat' dir='ltr'><strong>uon</strong></span> <span class='ocrx_word' id='word_1_34' title='bbox 397 830 632 912; x_wconf 86' lang='lat' dir='ltr'><strong>suscipiantur,</strong></span> <span class='ocrx_word' id='word_1_35' title='bbox 654 836 691 889; x_wconf 87' lang='lat' dir='ltr'><strong>ut</strong></span> <span class='ocrx_word' id='word_1_36' title='bbox 711 828 784 910; x_wconf 84' lang='lat' dir='ltr'><strong>igne</strong></span> <span class='ocrx_word' id='word_1_37' title='bbox 810 829 1033 909; x_wconf 89' lang='lat' dir='ltr'><strong>poenitudinis</strong></span> <span class='ocrx_word' id='word_1_38' title='bbox 1054 831 1193 910; x_wconf 89' lang='lat' dir='ltr'><strong>decocti,</strong></span> <span class='ocrx_word' id='word_1_39' title='bbox 1215 833 1270 892; x_wconf 91' lang='lat' dir='ltr'><strong>mi-</strong></span> 
     </span>
    </p>
   </div>
   <div class='ocr_carea' id='block_1_3' title="bbox 171 911 1270 1075">
    <p class='ocr_par' dir='ltr' id='par_1_3' title="bbox 171 911 1270 1075">
     <span class='ocr_line' id='line_1_7' title="bbox 171 911 1270 1054; baseline 0 -78"><span class='ocrx_word' id='word_1_40' title='bbox 171 913 379 978; x_wconf 77' lang='lat' dir='ltr'><strong>sericordiam</strong></span> <span class='ocrx_word' id='word_1_41' title='bbox 392 911 543 990; x_wconf 89' lang='lat' dir='ltr'><strong>Domini,</strong></span> <span class='ocrx_word' id='word_1_42' title='bbox 564 919 661 1054; x_wconf 81' lang='lat' dir='ltr'><strong>prout</strong></span> <span class='ocrx_word' id='word_1_43' title='bbox 692 911 883 992; x_wconf 89' lang='lat' dir='ltr'><strong>potuerint,</strong></span> <span class='ocrx_word' id='word_1_44' title='bbox 913 911 1061 996; x_wconf 86' lang='lat' dir='ltr'><strong>lacrymis</strong></span> <span class='ocrx_word' id='word_1_45' title='bbox 1084 912 1270 998; x_wconf 83' lang='lat' dir='ltr'><strong>fletibusque</strong></span> 
     </span>
     <span class='ocr_line' id='line_1_8' title="bbox 171 992 870 1075; baseline -0.007 -17"><span class='ocrx_word' id='word_1_46' title='bbox 171 997 301 1062; x_wconf 79' lang='lat' dir='ltr'><strong>sibimet</strong></span> <span class='ocrx_word' id='word_1_47' title='bbox 318 1007 396 1058; x_wconf 84' lang='lat' dir='ltr'><strong>ante</strong></span> <span class='ocrx_word' id='word_1_48' title='bbox 412 993 524 1056; x_wconf 88' lang='lat' dir='ltr'><strong>mortis</strong></span> <span class='ocrx_word' id='word_1_49' title='bbox 545 1016 563 1055; x_wconf 95' lang='lat' dir='ltr'><strong>o</strong></span> <span class='ocrx_word' id='word_1_50' title='bbox 588 993 667 1054; x_wconf 91' lang='lat' dir='ltr'><strong>itum</strong></span> <span class='ocrx_word' id='word_1_51' title='bbox 689 992 870 1075; x_wconf 85' lang='lat' dir='ltr'><strong>adquirant.</strong></span> 
     </span>
    </p>
   </div>
   <div class='ocr_carea' id='block_1_4' title="bbox 173 1127 1272 1208">
    <p class='ocr_par' dir='ltr' id='par_1_4' title="bbox 173 1127 1272 1208">
     <span class='ocr_line' id='line_1_9' title="bbox 173 1127 1272 1208; baseline -0.005 -14"><span class='ocrx_word' id='word_1_52' title='bbox 173 1128 232 1208; x_wconf 81' lang='lat' dir='ltr'><strong>(Ut</strong></span> <span class='ocrx_word' id='word_1_53' title='bbox 252 1129 387 1192; x_wconf 86' lang='lat' dir='ltr'><strong>liberum</strong></span> <span class='ocrx_word' id='word_1_54' title='bbox 406 1128 537 1190; x_wconf 84' lang='lat' dir='ltr'><strong>alterius</strong></span> <span class='ocrx_word' id='word_1_55' title='bbox 558 1127 714 1188; x_wconf 80' lang='lat' dir='ltr'><strong>bominem</strong></span> <span class='ocrx_word' id='word_1_56' title='bbox 734 1140 844 1188; x_wconf 84' lang='lat' dir='ltr'><strong>contra</strong></span> <span class='ocrx_word' id='word_1_57' title='bbox 862 1128 946 1208; x_wconf 78' lang='lat' dir='ltr'><strong>leges</strong></span> <span class='ocrx_word' id='word_1_58' title='bbox 973 1148 1064 1191; x_wconf 84' lang='lat' dir='ltr'><strong>acmo</strong></span> <span class='ocrx_word' id='word_1_59' title='bbox 1086 1127 1272 1208; x_wconf 77' lang='lat' dir='ltr'><strong>recolligat.)</strong></span> 
     </span>
    </p>
   </div>
   <div class='ocr_carea' id='block_1_5' title="bbox 173 1239 1273 1656">
    <p class='ocr_par' dir='ltr' id='par_1_5' title="bbox 173 1239 1273 1656">
     <span class='ocr_line' id='line_1_10' title="bbox 254 1239 1272 1320; baseline 0 -18"><span class='ocrx_word' id='word_1_60' title='bbox 254 1241 314 1310; x_wconf 86' lang='lat' dir='ltr'><strong>vl.</strong></span> <span class='ocrx_word' id='word_1_61' title='bbox 354 1242 456 1304; x_wconf 85' lang='lat' dir='ltr'><strong>Nemo</strong></span> <span class='ocrx_word' id='word_1_62' title='bbox 470 1239 603 1302; x_wconf 86' lang='lat' dir='ltr'><strong>alterius</strong></span> <span class='ocrx_word' id='word_1_63' title='bbox 623 1240 762 1301; x_wconf 83' lang='lat' dir='ltr'><strong>liberum</strong></span> <span class='ocrx_word' id='word_1_64' title='bbox 780 1239 962 1320; x_wconf 86' lang='lat' dir='ltr'><strong>hominem,</strong></span> <span class='ocrx_word' id='word_1_65' title='bbox 984 1241 1069 1303; x_wconf 88' lang='lat' dir='ltr'><strong>sicut</strong></span> <span class='ocrx_word' id='word_1_66' title='bbox 1091 1241 1153 1302; x_wconf 88' lang='lat' dir='ltr'><strong>iam</strong></span> <span class='ocrx_word' id='word_1_67' title='bbox 1168 1241 1203 1301; x_wconf 89' lang='lat' dir='ltr'><strong>iu</strong></span> <span class='ocrx_word' id='word_1_68' title='bbox 1218 1242 1272 1302; x_wconf 86' lang='lat' dir='ltr'><strong>alia</strong></span> 
     </span>
     <span class='ocr_line' id='line_1_11' title="bbox 173 1323 1272 1412; baseline -0.004 -22"><span class='ocrx_word' id='word_1_69' title='bbox 173 1325 307 1412; x_wconf 80' lang='lat' dir='ltr'><strong>Synodo</strong></span> <span class='ocrx_word' id='word_1_70' title='bbox 329 1323 575 1402; x_wconf 90' lang='lat' dir='ltr'><strong>constituimus,</strong></span> <span class='ocrx_word' id='word_1_71' title='bbox 596 1323 787 1408; x_wconf 80' lang='lat' dir='ltr'><strong>recolligere</strong></span> <span class='ocrx_word' id='word_1_72' title='bbox 802 1335 985 1408; x_wconf 88' lang='lat' dir='ltr'><strong>praesumat</strong></span> <span class='ocrx_word' id='word_1_73' title='bbox 1003 1324 1074 1388; x_wconf 90' lang='lat' dir='ltr'><strong>sine</strong></span> <span class='ocrx_word' id='word_1_74' title='bbox 1095 1324 1162 1386; x_wconf 92' lang='lat' dir='ltr'><strong>illis</strong></span> <span class='ocrx_word' id='word_1_75' title='bbox 1177 1325 1272 1386; x_wconf 85' lang='lat' dir='ltr'><strong>causis</strong></span> 
     </span>
     <span class='ocr_line' id='line_1_12' title="bbox 174 1405 1273 1492; baseline -0.004 -22"><span class='ocrx_word' id='word_1_76' title='bbox 174 1431 256 1492; x_wconf 86' lang='lat' dir='ltr'><strong>quas</strong></span> <span class='ocrx_word' id='word_1_77' title='bbox 277 1408 366 1490; x_wconf 81' lang='lat' dir='ltr'><strong>leges</strong></span> <span class='ocrx_word' id='word_1_78' title='bbox 385 1408 567 1468; x_wconf 89' lang='lat' dir='ltr'><strong>mundanae</strong></span> <span class='ocrx_word' id='word_1_79' title='bbox 592 1405 806 1488; x_wconf 86' lang='lat' dir='ltr'><strong>praecipiunt.</strong></span> <span class='ocrx_word' id='word_1_80' title='bbox 848 1406 970 1488; x_wconf 78' lang='lat' dir='ltr'><strong>siquis</strong></span> <span class='ocrx_word' id='word_1_81' title='bbox 989 1407 1142 1490; x_wconf 86' lang='lat' dir='ltr'><strong>deinceps</strong></span> <span class='ocrx_word' id='word_1_82' title='bbox 1169 1417 1273 1467; x_wconf 86' lang='lat' dir='ltr'><strong>eontra</strong></span> 
     </span>
     <span class='ocr_line' id='line_1_13' title="bbox 175 1487 1273 1565; baseline -0.003 -12"><span class='ocrx_word' id='word_1_83' title='bbox 175 1493 257 1554; x_wconf 88' lang='lat' dir='ltr'><strong>haee</strong></span> <span class='ocrx_word' id='word_1_84' title='bbox 278 1497 387 1550; x_wconf 88' lang='lat' dir='ltr'><strong>nostra</strong></span> <span class='ocrx_word' id='word_1_85' title='bbox 407 1499 521 1552; x_wconf 88' lang='lat' dir='ltr'><strong>statuta</strong></span> <span class='ocrx_word' id='word_1_86' title='bbox 536 1488 729 1565; x_wconf 87' lang='lat' dir='ltr'><strong>tentaverit,</strong></span> <span class='ocrx_word' id='word_1_87' title='bbox 749 1487 828 1549; x_wconf 86' lang='lat' dir='ltr'><strong>sciat</strong></span> <span class='ocrx_word' id='word_1_88' title='bbox 844 1509 879 1549; x_wconf 90' lang='lat' dir='ltr'><strong>se</strong></span> <span class='ocrx_word' id='word_1_89' title='bbox 906 1489 946 1549; x_wconf 86' lang='lat' dir='ltr'><strong>ab</strong></span> <span class='ocrx_word' id='word_1_90' title='bbox 967 1489 1055 1549; x_wconf 90' lang='lat' dir='ltr'><strong>omni</strong></span> <span class='ocrx_word' id='word_1_91' title='bbox 1078 1489 1195 1552; x_wconf 85' lang='lat' dir='ltr'><strong>ordine</strong></span> <span class='ocrx_word' id='word_1_92' title='bbox 1226 1511 1273 1552; x_wconf 88' lang='lat' dir='ltr'><strong>ec-</strong></span> 
     </span>
     <span class='ocr_line' id='line_1_14' title="bbox 178 1569 667 1656; baseline -0.016 -19"><span class='ocrx_word' id='word_1_93' title='bbox 178 1572 357 1637; x_wconf 87' lang='lat' dir='ltr'><strong>clesiastico</strong></span> <span class='ocrx_word' id='word_1_94' title='bbox 379 1593 446 1634; x_wconf 88' lang='lat' dir='ltr'><strong>esse</strong></span> <span class='ocrx_word' id='word_1_95' title='bbox 466 1569 667 1656; x_wconf 81' lang='lat' dir='ltr'><strong>privandum.</strong></span> 
     </span>
    </p>
   </div>
   <div class='ocr_carea' id='block_1_6' title="bbox 333 1702 1129 1786">
    <p class='ocr_par' dir='ltr' id='par_1_6' title="bbox 333 1702 1129 1786">
     <span class='ocr_line' id='line_1_15' title="bbox 333 1702 1129 1786; baseline 0 -22"><span class='ocrx_word' id='word_1_96' title='bbox 333 1705 494 1784; x_wconf 88' lang='lat' dir='ltr'><strong>(Occultae</strong></span> <span class='ocrx_word' id='word_1_97' title='bbox 513 1702 655 1786; x_wconf 83' lang='lat' dir='ltr'><strong>fratrum</strong></span> <span class='ocrx_word' id='word_1_98' title='bbox 688 1704 900 1765; x_wconf 75' lang='lat' dir='ltr'><strong>accusationes</strong></span> <span class='ocrx_word' id='word_1_99' title='bbox 920 1702 1129 1780; x_wconf 82' lang='lat' dir='ltr'><strong>interdictae.)</strong></span> 
     </span>
    </p>
   </div>
   <div class='ocr_carea' id='block_1_7' title="bbox 181 1816 1273 1984">
    <p class='ocr_par' dir='ltr' id='par_1_7' title="bbox 181 1816 1273 1984">
     <span class='ocr_line' id='line_1_16' title="bbox 261 1816 1273 1902; baseline -0.007 -21"><span class='ocrx_word' id='word_1_100' title='bbox 261 1820 339 1888; x_wconf 89' lang='lat' dir='ltr'><strong>Vll.</strong></span> <span class='ocrx_word' id='word_1_101' title='bbox 380 1821 587 1882; x_wconf 80' lang='lat' dir='ltr'><strong>confratrum</strong></span> <span class='ocrx_word' id='word_1_102' title='bbox 612 1819 949 1902; x_wconf 76' lang='lat' dir='ltr'><strong>coepiscoporumque</strong></span> <span class='ocrx_word' id='word_1_103' title='bbox 970 1817 1190 1881; x_wconf 77' lang='lat' dir='ltr'><strong>accusationes</strong></span> <span class='ocrx_word' id='word_1_104' title='bbox 1211 1816 1273 1876; x_wconf 90' lang='lat' dir='ltr'><strong>lieri</strong></span> 
     </span>
     <span class='ocr_line' id='line_1_17' title="bbox 181 1899 1272 1984; baseline -0.009 -16"><span class='ocrx_word' id='word_1_105' title='bbox 181 1907 307 1968; x_wconf 80' lang='lat' dir='ltr'><strong>occulte</strong></span> <span class='ocrx_word' id='word_1_106' title='bbox 328 1903 413 1966; x_wconf 87' lang='lat' dir='ltr'><strong>omni</strong></span> <span class='ocrx_word' id='word_1_107' title='bbox 436 1903 530 1963; x_wconf 89' lang='lat' dir='ltr'><strong>modo</strong></span> <span class='ocrx_word' id='word_1_108' title='bbox 549 1901 775 1984; x_wconf 76' lang='lat' dir='ltr'><strong>prohibemus3</strong></span> <span class='ocrx_word' id='word_1_109' title='bbox 798 1902 874 1983; x_wconf 89' lang='lat' dir='ltr'><strong>quia</strong></span> <span class='ocrx_word' id='word_1_110' title='bbox 888 1923 982 1984; x_wconf 91' lang='lat' dir='ltr'><strong>saepe</strong></span> <span class='ocrx_word' id='word_1_111' title='bbox 1009 1900 1147 1983; x_wconf 82' lang='lat' dir='ltr'><strong>contigit</strong></span> <span class='ocrx_word' id='word_1_112' title='bbox 1173 1909 1210 1959; x_wconf 90' lang='lat' dir='ltr'><strong>ut</strong></span> <span class='ocrx_word' id='word_1_113' title='bbox 1227 1899 1272 1958; x_wconf 90' lang='lat' dir='ltr'><strong>in-</strong></span> 
     </span>
    </p>
   </div>
   <div class='ocr_carea' id='block_1_8' title="bbox 180 1983 1359 2051">
    <p class='ocr_par' dir='ltr' id='par_1_8' title="bbox 180 1983 1359 2051">
     <span class='ocr_line' id='line_1_18' title="bbox 180 1983 1359 2051; baseline -0.009 -1"><span class='ocrx_word' id='word_1_114' title='bbox 180 1987 363 2051; x_wconf 72' lang='lat' dir='ltr'><strong>nocentesi</strong></span> <span class='ocrx_word' id='word_1_115' title='bbox 382 1985 473 2046; x_wconf 89' lang='lat' dir='ltr'><strong>malis</strong></span> <span class='ocrx_word' id='word_1_116' title='bbox 493 1984 677 2046; x_wconf 90' lang='lat' dir='ltr'><strong>huiusmodi</strong></span> <span class='ocrx_word' id='word_1_117' title='bbox 702 1985 968 2050; x_wconf 86' lang='lat' dir='ltr'><strong>condemnentur.</strong></span> <span class='ocrx_word' id='word_1_118' title='bbox 1012 1983 1077 2046; x_wconf 90' lang='lat' dir='ltr'><strong>Sed</strong></span> <span class='ocrx_word' id='word_1_119' title='bbox 1099 1983 1125 2044; x_wconf 92' lang='lat' dir='ltr'><strong>si</strong></span> <span class='ocrx_word' id='word_1_120' title='bbox 1149 2003 1273 2042; x_wconf 87' lang='lat' dir='ltr'><strong>accusa·</strong></span> <span class='ocrx_word' id='word_1_121' title='bbox 1358 1985 1359 1992; x_wconf 76' lang='grc'>’</span> 
     </span>
    </p>
   </div>
   <div class='ocr_carea' id='block_1_9' title="bbox 171 2065 1358 2955">
    <p class='ocr_par' dir='ltr' id='par_1_9' title="bbox 171 2065 1358 2955">
     <span class='ocr_line' id='line_1_19' title="bbox 178 2065 1272 2152; baseline -0.01 -19"><span class='ocrx_word' id='word_1_122' title='bbox 178 2073 225 2134; x_wconf 93' lang='lat' dir='ltr'><strong>tio</strong></span> <span class='ocrx_word' id='word_1_123' title='bbox 240 2092 338 2152; x_wconf 90' lang='lat' dir='ltr'><strong>super</strong></span> <span class='ocrx_word' id='word_1_124' title='bbox 357 2089 491 2152; x_wconf 87' lang='lat' dir='ltr'><strong>persona</strong></span> <span class='ocrx_word' id='word_1_125' title='bbox 512 2065 685 2129; x_wconf 84' lang='lat' dir='ltr'><strong>cuiuslibet</strong></span> <span class='ocrx_word' id='word_1_126' title='bbox 695 2066 847 2148; x_wconf 88' lang='lat' dir='ltr'><strong>Episcopi</strong></span> <span class='ocrx_word' id='word_1_127' title='bbox 871 2066 1007 2144; x_wconf 89' lang='lat' dir='ltr'><strong>dicitur,</strong></span> <span class='ocrx_word' id='word_1_128' title='bbox 1028 2065 1186 2126; x_wconf 87' lang='lat' dir='ltr'><strong>canonice</strong></span> <span class='ocrx_word' id='word_1_129' title='bbox 1207 2085 1272 2127; x_wconf 89' lang='lat' dir='ltr'><strong>san-</strong></span> 
     </span>
     <span class='ocr_line' id='line_1_20' title="bbox 177 2147 1272 2236; baseline -0.008 -21"><span class='ocrx_word' id='word_1_130' title='bbox 177 2155 262 2216; x_wconf 89' lang='lat' dir='ltr'><strong>citus</strong></span> <span class='ocrx_word' id='word_1_131' title='bbox 284 2155 318 2214; x_wconf 91' lang='lat' dir='ltr'><strong>in</strong></span> <span class='ocrx_word' id='word_1_132' title='bbox 338 2149 503 2236; x_wconf 89' lang='lat' dir='ltr'><strong>publicum</strong></span> <span class='ocrx_word' id='word_1_133' title='bbox 519 2149 756 2231; x_wconf 80' lang='lat' dir='ltr'><strong>praetendatur.</strong></span> <span class='ocrx_word' id='word_1_134' title='bbox 779 2148 939 2226; x_wconf 84' lang='lat' dir='ltr'><strong>Quoniam</strong></span> <span class='ocrx_word' id='word_1_135' title='bbox 954 2149 1110 2230; x_wconf 89' lang='lat' dir='ltr'><strong>scriptum</strong></span> <span class='ocrx_word' id='word_1_136' title='bbox 1128 2157 1193 2209; x_wconf 80' lang='lat' dir='ltr'><strong>est:</strong></span> <span class='ocrx_word' id='word_1_137' title='bbox 1225 2147 1272 2206; x_wconf 76' lang='lat' dir='ltr'><strong>cc-</strong></span> 
     </span>
     <span class='ocr_line' id='line_1_21' title="bbox 179 2229 1271 2309; baseline -0.014 -11"><span class='ocrx_word' id='word_1_138' title='bbox 179 2237 260 2298; x_wconf 84' lang='lat' dir='ltr'><strong>cidit</strong></span> <span class='ocrx_word' id='word_1_139' title='bbox 282 2236 320 2295; x_wconf 85' lang='lat' dir='ltr'><strong>cle</strong></span> <span class='ocrx_word' id='word_1_140' title='bbox 355 2234 441 2294; x_wconf 88' lang='lat' dir='ltr'><strong>coelo</strong></span> <span class='ocrx_word' id='word_1_141' title='bbox 471 2244 635 2293; x_wconf 78' lang='lat' dir='ltr'><strong>accrtsator</strong></span> <span class='ocrx_word' id='word_1_142' title='bbox 654 2229 814 2309; x_wconf 83' lang='lat' dir='ltr'><strong>fratrum,</strong></span> <span class='ocrx_word' id='word_1_143' title='bbox 845 2232 900 2308; x_wconf 84' lang='lat' dir='ltr'><strong>qui</strong></span> <span class='ocrx_word' id='word_1_144' title='bbox 931 2231 1096 2292; x_wconf 79' lang='lat' dir='ltr'><strong>accusabat</strong></span> <span class='ocrx_word' id='word_1_145' title='bbox 1124 2251 1177 2289; x_wconf 85' lang='lat' dir='ltr'><strong>eos</strong></span> <span class='ocrx_word' id='word_1_146' title='bbox 1208 2239 1271 2288; x_wconf 85' lang='lat' dir='ltr'><strong>ante</strong></span> 
     </span>
     <span class='ocr_line' id='line_1_22' title="bbox 178 2309 1270 2402; baseline -0.012 -23"><span class='ocrx_word' id='word_1_147' title='bbox 178 2313 375 2402; x_wconf 83' lang='lat' dir='ltr'><strong>conspectum</strong></span> <span class='ocrx_word' id='word_1_148' title='bbox 398 2315 479 2394; x_wconf 74' lang='lat' dir='ltr'><strong>ugni.</strong></span> <span class='ocrx_word' id='word_1_149' title='bbox 521 2315 563 2374; x_wconf 89' lang='lat' dir='ltr'><strong>Et</strong></span> <span class='ocrx_word' id='word_1_150' title='bbox 580 2315 715 2392; x_wconf 85' lang='lat' dir='ltr'><strong>iterum:</strong></span> <span class='ocrx_word' id='word_1_151' title='bbox 740 2313 802 2394; x_wconf 83' lang='lat' dir='ltr'><strong>Qui</strong></span> <span class='ocrx_word' id='word_1_152' title='bbox 825 2309 893 2371; x_wconf 86' lang='lat' dir='ltr'><strong>odit</strong></span> <span class='ocrx_word' id='word_1_153' title='bbox 905 2311 1046 2393; x_wconf 82' lang='lat' dir='ltr'><strong>fratrem</strong></span> <span class='ocrx_word' id='word_1_154' title='bbox 1067 2333 1157 2370; x_wconf 84' lang='lat' dir='ltr'><strong>suunt</strong></span> <span class='ocrx_word' id='word_1_155' title='bbox 1178 2310 1270 2370; x_wconf 80' lang='lat' dir='ltr'><strong>laomi-</strong></span> 
     </span>
     <span class='ocr_line' id='line_1_23' title="bbox 177 2389 1270 2476; baseline -0.012 -15"><span class='ocrx_word' id='word_1_156' title='bbox 177 2401 249 2461; x_wconf 77' lang='lat' dir='ltr'><strong>cida</strong></span> <span class='ocrx_word' id='word_1_157' title='bbox 272 2413 326 2460; x_wconf 88' lang='lat' dir='ltr'><strong>est.</strong></span> <span class='ocrx_word' id='word_1_158' title='bbox 367 2399 426 2460; x_wconf 85' lang='lat' dir='ltr'><strong>Et:</strong></span> <span class='ocrx_word' id='word_1_159' title='bbox 450 2395 512 2476; x_wconf 82' lang='lat' dir='ltr'><strong>Qui</strong></span> <span class='ocrx_word' id='word_1_160' title='bbox 539 2417 603 2455; x_wconf 84' lang='lat' dir='ltr'><strong>noa</strong></span> <span class='ocrx_word' id='word_1_161' title='bbox 632 2395 738 2473; x_wconf 83' lang='lat' dir='ltr'><strong>diligit</strong></span> <span class='ocrx_word' id='word_1_162' title='bbox 762 2398 900 2473; x_wconf 73' lang='lat' dir='ltr'><strong>Jratrem</strong></span> <span class='ocrx_word' id='word_1_163' title='bbox 933 2415 1021 2453; x_wconf 73' lang='lat' dir='ltr'><strong>satiem</strong></span> <span class='ocrx_word' id='word_1_164' title='bbox 1050 2414 1140 2475; x_wconf 80' lang='lat' dir='ltr'><strong>quem</strong></span> <span class='ocrx_word' id='word_1_165' title='bbox 1169 2389 1270 2464; x_wconf 83' lang='lat' dir='ltr'><strong>uidet,</strong></span> 
     </span>
     <span class='ocr_line' id='line_1_24' title="bbox 171 2474 1269 2564; baseline -0.012 -22"><span class='ocrx_word' id='word_1_166' title='bbox 171 2476 280 2542; x_wconf 78' lang='lat' dir='ltr'><strong>¹Deum</strong></span> <span class='ocrx_word' id='word_1_167' title='bbox 296 2528 305 2562; x_wconf 91' lang='lat'><strong>,</strong></span> <span class='ocrx_word' id='word_1_168' title='bbox 328 2503 418 2564; x_wconf 84' lang='lat' dir='ltr'><strong>quem</strong></span> <span class='ocrx_word' id='word_1_169' title='bbox 438 2499 501 2538; x_wconf 89' lang='lat' dir='ltr'><strong>non</strong></span> <span class='ocrx_word' id='word_1_170' title='bbox 518 2477 625 2553; x_wconf 84' lang='lat' dir='ltr'><strong>uidet,</strong></span> <span class='ocrx_word' id='word_1_171' title='bbox 648 2474 804 2559; x_wconf 77' lang='lat' dir='ltr'><strong>qttomodo</strong></span> <span class='ocrx_word' id='word_1_172' title='bbox 823 2489 928 2558; x_wconf 79' lang='lat' dir='ltr'><strong>potest</strong></span> <span class='ocrx_word' id='word_1_173' title='bbox 957 2475 1113 2554; x_wconf 76' lang='lat' dir='ltr'><strong>diligere?</strong></span> <span class='ocrx_word' id='word_1_174' title='bbox 1155 2474 1208 2533; x_wconf 92' lang='lat' dir='ltr'><strong>His</strong></span> <span class='ocrx_word' id='word_1_175' title='bbox 1226 2480 1269 2530; x_wconf 85' lang='lat' dir='ltr'><strong>ta-</strong></span> 
     </span>
     <span class='ocr_line' id='line_1_25' title="bbox 177 2555 1270 2647; baseline -0.014 -22"><span class='ocrx_word' id='word_1_176' title='bbox 177 2555 262 2647; x_wconf 79' lang='lat' dir='ltr'><strong>libus</strong></span> <span class='ocrx_word' id='word_1_177' title='bbox 280 2561 481 2624; x_wconf 85' lang='lat' dir='ltr'><strong>documentis</strong></span> <span class='ocrx_word' id='word_1_178' title='bbox 500 2560 667 2634; x_wconf 81' lang='lat' dir='ltr'><strong>instructi,</strong></span> <span class='ocrx_word' id='word_1_179' title='bbox 689 2557 715 2617; x_wconf 92' lang='lat' dir='ltr'><strong>si</strong></span> <span class='ocrx_word' id='word_1_180' title='bbox 733 2557 806 2638; x_wconf 87' lang='lat' dir='ltr'><strong>quis</strong></span> <span class='ocrx_word' id='word_1_181' title='bbox 828 2567 939 2618; x_wconf 88' lang='lat' dir='ltr'><strong>eontra</strong></span> <span class='ocrx_word' id='word_1_182' title='bbox 956 2557 1018 2616; x_wconf 91' lang='lat' dir='ltr'><strong>hoc</strong></span> <span class='ocrx_word' id='word_1_183' title='bbox 1034 2556 1095 2617; x_wconf 90' lang='lat' dir='ltr'><strong>Dei</strong></span> <span class='ocrx_word' id='word_1_184' title='bbox 1117 2555 1270 2616; x_wconf 89' lang='lat' dir='ltr'><strong>decretum</strong></span> 
     </span>
     <span class='ocr_line' id='line_1_26' title="bbox 181 2631 1268 2730; baseline -0.011 -24"><span class='ocrx_word' id='word_1_185' title='bbox 181 2631 354 2730; x_wconf 78' lang='lat' dir='ltr'><strong>ldptaverit</strong></span> <span class='ocrx_word' id='word_1_186' title='bbox 373 2645 567 2726; x_wconf 86' lang='lat' dir='ltr'><strong>Episcopus,</strong></span> <span class='ocrx_word' id='word_1_187' title='bbox 589 2639 777 2722; x_wconf 83' lang='lat' dir='ltr'><strong>Presbyter,</strong></span> <span class='ocrx_word' id='word_1_188' title='bbox 800 2648 833 2698; x_wconf 91' lang='lat' dir='ltr'><strong>et</strong></span> <span class='ocrx_word' id='word_1_189' title='bbox 862 2639 1043 2715; x_wconf 81' lang='lat' dir='ltr'><strong>Diaconos,</strong></span> <span class='ocrx_word' id='word_1_190' title='bbox 1064 2638 1193 2720; x_wconf 90' lang='lat' dir='ltr'><strong>proprio</strong></span> <span class='ocrx_word' id='word_1_191' title='bbox 1215 2634 1268 2694; x_wconf 88' lang='lat' dir='ltr'><strong>ho-</strong></span> 
     </span>
     <span class='ocr_line' id='line_1_27' title="bbox 179 2717 1268 2811; baseline -0.014 -21"><span class='ocrx_word' id='word_1_192' title='bbox 179 2749 258 2792; x_wconf 88' lang='lat' dir='ltr'><strong>nore</strong></span> <span class='ocrx_word' id='word_1_193' title='bbox 276 2727 438 2811; x_wconf 85' lang='lat' dir='ltr'><strong>privetur,</strong></span> <span class='ocrx_word' id='word_1_194' title='bbox 462 2726 561 2786; x_wconf 90' lang='lat' dir='ltr'><strong>laicus</strong></span> <span class='ocrx_word' id='word_1_195' title='bbox 576 2745 653 2784; x_wconf 80' lang='lat' dir='ltr'><strong>vero</strong></span> <span class='ocrx_word' id='word_1_196' title='bbox 673 2721 848 2784; x_wconf 88' lang='lat' dir='ltr'><strong>cuiuslibet</strong></span> <span class='ocrx_word' id='word_1_197' title='bbox 870 2721 1032 2804; x_wconf 78' lang='lat' dir='ltr'><strong>dignitatis</strong></span> <span class='ocrx_word' id='word_1_198' title='bbox 1059 2719 1146 2780; x_wconf 91' lang='lat' dir='ltr'><strong>omni</strong></span> <span class='ocrx_word' id='word_1_199' title='bbox 1170 2717 1268 2778; x_wconf 88' lang='lat' dir='ltr'><strong>Chris·</strong></span> 
     </span>
     <span class='ocr_line' id='line_1_28' title="bbox 179 2798 1358 2890; baseline -0.012 -19"><span class='ocrx_word' id='word_1_200' title='bbox 179 2811 263 2872; x_wconf 87' lang='lat' dir='ltr'><strong>tiana</strong></span> <span class='ocrx_word' id='word_1_201' title='bbox 278 2820 384 2870; x_wconf 89' lang='lat' dir='ltr'><strong>careat</strong></span> <span class='ocrx_word' id='word_1_202' title='bbox 396 2807 567 2890; x_wconf 77' lang='lat' dir='ltr'><strong>‹lignitat03</strong></span> <span class='ocrx_word' id='word_1_203' title='bbox 592 2815 625 2867; x_wconf 91' lang='lat' dir='ltr'><strong>et</strong></span> <span class='ocrx_word' id='word_1_204' title='bbox 640 2804 701 2866; x_wconf 91' lang='lat' dir='ltr'><strong>nisi</strong></span> <span class='ocrx_word' id='word_1_205' title='bbox 715 2805 845 2886; x_wconf 90' lang='lat' dir='ltr'><strong>utrique</strong></span> <span class='ocrx_word' id='word_1_206' title='bbox 856 2803 1063 2888; x_wconf 79' lang='lat' dir='ltr'><strong>resipuerint,</strong></span> <span class='ocrx_word' id='word_1_207' title='bbox 1074 2798 1268 2865; x_wconf 77' lang='lat' dir='ltr'><strong>anathematis</strong></span> <span class='ocrx_word' id='word_1_208' title='bbox 1357 2803 1358 2828; x_wconf 50' lang='lat' dir='ltr'><strong>l</strong></span> 
     </span>
     <span class='ocr_line' id='line_1_29' title="bbox 179 2889 541 2955; baseline -0.006 0"><span class='ocrx_word' id='word_1_209' title='bbox 179 2894 313 2955; x_wconf 82' lang='lat' dir='ltr'><strong>vinculo</strong></span> <span class='ocrx_word' id='word_1_210' title='bbox 331 2889 541 2953; x_wconf 87' lang='lat' dir='ltr'><strong>innodentur.</strong></span> 
     </span>
    </p>
   </div>
   <div class='ocr_carea' id='block_1_10' title="bbox 463 2999 999 3058">
    <p class='ocr_par' dir='ltr' id='par_1_10' title="bbox 463 2999 999 3058">
     <span class='ocr_line' id='line_1_30' title="bbox 463 2999 999 3058; baseline -0.011 0"><span class='ocrx_word' id='word_1_211' title='bbox 463 2999 999 3058; x_wconf 76' lang='lat' dir='ltr'><strong>Susscarrrronsa</strong></span> 
     </span>
    </p>
   </div>
   <div class='ocr_carea' id='block_1_11' title="bbox 222 3101 1266 4346">
    <p class='ocr_par' dir='ltr' id='par_1_11' title="bbox 226 3101 1266 3281">
     <span class='ocr_line' id='line_1_31' title="bbox 226 3101 1266 3196; baseline -0.012 -20"><span class='ocrx_word' id='word_1_212' title='bbox 226 3115 386 3176; x_wconf 84' lang='lat' dir='ltr'><strong>lohannes</strong></span> <span class='ocrx_word' id='word_1_213' title='bbox 411 3111 614 3196; x_wconf 84' lang='lat' dir='ltr'><strong>Apostolicae</strong></span> <span class='ocrx_word' id='word_1_214' title='bbox 650 3113 810 3172; x_wconf 81' lang='lat' dir='ltr'><strong>Romanae</strong></span> <span class='ocrx_word' id='word_1_215' title='bbox 838 3105 1002 3168; x_wconf 90' lang='lat' dir='ltr'><strong>Ecclesiae</strong></span> <span class='ocrx_word' id='word_1_216' title='bbox 1037 3105 1157 3186; x_wconf 83' lang='lat' dir='ltr'><strong>primae</strong></span> <span class='ocrx_word' id='word_1_217' title='bbox 1193 3101 1266 3166; x_wconf 90' lang='lat' dir='ltr'><strong>sedis</strong></span> 
     </span>
     <span class='ocr_line' id='line_1_32' title="bbox 302 3187 1265 3281; baseline -0.015 -23"><span class='ocrx_word' id='word_1_218' title='bbox 302 3197 478 3281; x_wconf 89' lang='lat' dir='ltr'><strong>Episcopus</strong></span> <span class='ocrx_word' id='word_1_219' title='bbox 499 3195 723 3256; x_wconf 89' lang='lat' dir='ltr'><strong>huicdecreto</strong></span> <span class='ocrx_word' id='word_1_220' title='bbox 741 3193 759 3252; x_wconf 76' lang='lat' dir='ltr'><strong>a</strong></span> <span class='ocrx_word' id='word_1_221' title='bbox 781 3191 871 3252; x_wconf 90' lang='lat' dir='ltr'><strong>nobis</strong></span> <span class='ocrx_word' id='word_1_222' title='bbox 887 3189 1088 3272; x_wconf 77' lang='lat' dir='ltr'><strong>promulgato</strong></span> <span class='ocrx_word' id='word_1_223' title='bbox 1100 3187 1265 3270; x_wconf 88' lang='lat' dir='ltr'><strong>subscripsi.</strong></span> 
     </span>
    </p>

    <p class='ocr_par' dir='ltr' id='par_1_12' title="bbox 224 3269 1010 3357">
     <span class='ocr_line' id='line_1_33' title="bbox 224 3269 1010 3357; baseline -0.014 -15"><span class='ocrx_word' id='word_1_224' title='bbox 224 3279 408 3342; x_wconf 85' lang='lat' dir='ltr'><strong>Walbertus</strong></span> <span class='ocrx_word' id='word_1_225' title='bbox 428 3276 614 3340; x_wconf 89' lang='lat' dir='ltr'><strong>Portuensis</strong></span> <span class='ocrx_word' id='word_1_226' title='bbox 631 3274 809 3357; x_wconf 82' lang='lat' dir='ltr'><strong>Episcopus</strong></span> <span class='ocrx_word' id='word_1_227' title='bbox 828 3269 1010 3353; x_wconf 88' lang='lat' dir='ltr'><strong>subscripsi.</strong></span> 
     </span>
    </p>

    <p class='ocr_par' dir='ltr' id='par_1_13' title="bbox 223 3352 1004 3442">
     <span class='ocr_line' id='line_1_34' title="bbox 223 3352 1004 3442; baseline -0.02 -16"><span class='ocrx_word' id='word_1_228' title='bbox 223 3365 337 3426; x_wconf 87' lang='lat' dir='ltr'><strong>Petrus</strong></span> <span class='ocrx_word' id='word_1_229' title='bbox 351 3358 612 3442; x_wconf 88' lang='lat' dir='ltr'><strong>Forosempronii</strong></span> <span class='ocrx_word' id='word_1_230' title='bbox 628 3356 805 3438; x_wconf 89' lang='lat' dir='ltr'><strong>Episcopus</strong></span> <span class='ocrx_word' id='word_1_231' title='bbox 821 3352 1004 3435; x_wconf 84' lang='lat' dir='ltr'><strong>subscripsi,</strong></span> 
     </span>
    </p>

    <p class='ocr_par' dir='ltr' id='par_1_14' title="bbox 222 3439 782 3524">
     <span class='ocr_line' id='line_1_35' title="bbox 222 3439 782 3524; baseline -0.023 -16"><span class='ocrx_word' id='word_1_232' title='bbox 222 3444 386 3508; x_wconf 87' lang='lat' dir='ltr'><strong>Pascasins</strong></span> <span class='ocrx_word' id='word_1_233' title='bbox 401 3444 580 3524; x_wconf 87' lang='lat' dir='ltr'><strong>Episcopus</strong></span> <span class='ocrx_word' id='word_1_234' title='bbox 600 3439 782 3520; x_wconf 83' lang='lat' dir='ltr'><strong>subscripsi,</strong></span> 
     </span>
    </p>

    <p class='ocr_par' dir='ltr' id='par_1_15' title="bbox 224 3517 1184 3603">
     <span class='ocr_line' id='line_1_36' title="bbox 224 3517 1184 3603; baseline -0.009 -14"><span class='ocrx_word' id='word_1_235' title='bbox 224 3528 413 3589; x_wconf 87' lang='lat' dir='ltr'><strong>Hiucmarus</strong></span> <span class='ocrx_word' id='word_1_236' title='bbox 431 3528 602 3585; x_wconf 88' lang='lat' dir='ltr'><strong>Remorum</strong></span> <span class='ocrx_word' id='word_1_237' title='bbox 614 3521 801 3603; x_wconf 88' lang='lat' dir='ltr'><strong>metropolis</strong></span> <span class='ocrx_word' id='word_1_238' title='bbox 815 3518 993 3603; x_wconf 87' lang='lat' dir='ltr'><strong>Episcopus</strong></span> <span class='ocrx_word' id='word_1_239' title='bbox 1007 3517 1184 3603; x_wconf 86' lang='lat' dir='ltr'><strong>subscripsi.</strong></span> 
     </span>
    </p>

    <p class='ocr_par' dir='ltr' id='par_1_16' title="bbox 223 3600 1087 3690">
     <span class='ocr_line' id='line_1_37' title="bbox 223 3600 1087 3690; baseline -0.014 -19"><span class='ocrx_word' id='word_1_240' title='bbox 223 3608 396 3690; x_wconf 79' lang='lat' dir='ltr'><strong>Ansegisus</strong></span> <span class='ocrx_word' id='word_1_241' title='bbox 416 3605 591 3668; x_wconf 88' lang='lat' dir='ltr'><strong>Sennensis</strong></span> <span class='ocrx_word' id='word_1_242' title='bbox 609 3603 880 3684; x_wconf 87' lang='lat' dir='ltr'><strong>Archiepiscopus</strong></span> <span class='ocrx_word' id='word_1_243' title='bbox 904 3600 1087 3683; x_wconf 85' lang='lat' dir='ltr'><strong>subscripsi.</strong></span> 
     </span>
    </p>

    <p class='ocr_par' dir='ltr' id='par_1_17' title="bbox 225 3683 1151 3771">
     <span class='ocr_line' id='line_1_38' title="bbox 225 3683 1151 3771; baseline -0.011 -17"><span class='ocrx_word' id='word_1_244' title='bbox 225 3692 420 3754; x_wconf 77' lang='lat' dir='ltr'><strong>Aurelianus</strong></span> <span class='ocrx_word' id='word_1_245' title='bbox 441 3686 664 3771; x_wconf 82' lang='lat' dir='ltr'><strong>Lugdunensis</strong></span> <span class='ocrx_word' id='word_1_246' title='bbox 686 3684 954 3767; x_wconf 83' lang='lat' dir='ltr'><strong>Archiepiscopus</strong></span> <span class='ocrx_word' id='word_1_247' title='bbox 971 3683 1151 3768; x_wconf 89' lang='lat' dir='ltr'><strong>subscripsi.</strong></span> 
     </span>
    </p>

    <p class='ocr_par' dir='ltr' id='par_1_18' title="bbox 225 3766 1109 3858">
     <span class='ocr_line' id='line_1_39' title="bbox 225 3766 1109 3858; baseline -0.012 -22"><span class='ocrx_word' id='word_1_248' title='bbox 225 3775 402 3858; x_wconf 80' lang='lat' dir='ltr'><strong>Sigebodus</strong></span> <span class='ocrx_word' id='word_1_249' title='bbox 416 3769 631 3832; x_wconf 85' lang='lat' dir='ltr'><strong>Narbonensis</strong></span> <span class='ocrx_word' id='word_1_250' title='bbox 646 3768 914 3849; x_wconf 79' lang='lat' dir='ltr'><strong>Archiepiscopus</strong></span> <span class='ocrx_word' id='word_1_251' title='bbox 928 3766 1109 3847; x_wconf 87' lang='lat' dir='ltr'><strong>subscripsi.</strong></span> 
     </span>
    </p>

    <p class='ocr_par' dir='ltr' id='par_1_19' title="bbox 226 3848 1102 3938">
     <span class='ocr_line' id='line_1_40' title="bbox 226 3848 1102 3938; baseline -0.015 -19"><span class='ocrx_word' id='word_1_252' title='bbox 226 3860 404 3938; x_wconf 76' lang='lat' dir='ltr'><strong>Rostagnus</strong></span> <span class='ocrx_word' id='word_1_253' title='bbox 423 3851 618 3914; x_wconf 79' lang='lat' dir='ltr'><strong>Arelatensis</strong></span> <span class='ocrx_word' id='word_1_254' title='bbox 636 3850 903 3931; x_wconf 83' lang='lat' dir='ltr'><strong>Archiepiscopus</strong></span> <span class='ocrx_word' id='word_1_255' title='bbox 920 3848 1102 3928; x_wconf 89' lang='lat' dir='ltr'><strong>subscripsi.</strong></span> 
     </span>
    </p>

    <p class='ocr_par' dir='ltr' id='par_1_20' title="bbox 227 3929 1106 4014">
     <span class='ocr_line' id='line_1_41' title="bbox 227 3929 1106 4014; baseline -0.01 -14"><span class='ocrx_word' id='word_1_256' title='bbox 227 3938 404 4002; x_wconf 82' lang='lat' dir='ltr'><strong>Adalardus</strong></span> <span class='ocrx_word' id='word_1_257' title='bbox 425 3933 624 3996; x_wconf 84' lang='lat' dir='ltr'><strong>Turonensis</strong></span> <span class='ocrx_word' id='word_1_258' title='bbox 641 3931 909 4014; x_wconf 83' lang='lat' dir='ltr'><strong>Archiepiscopus</strong></span> <span class='ocrx_word' id='word_1_259' title='bbox 923 3929 1106 4009; x_wconf 87' lang='lat' dir='ltr'><strong>subscripsi.</strong></span> 
     </span>
    </p>

    <p class='ocr_par' dir='ltr' id='par_1_21' title="bbox 226 4011 1184 4098">
     <span class='ocr_line' id='line_1_42' title="bbox 226 4011 1184 4098; baseline -0.013 -15"><span class='ocrx_word' id='word_1_260' title='bbox 226 4021 424 4084; x_wconf 86' lang='lat' dir='ltr'><strong>Tendericus</strong></span> <span class='ocrx_word' id='word_1_261' title='bbox 443 4017 708 4098; x_wconf 75' lang='lat' dir='ltr'><strong>vesontionensis</strong></span> <span class='ocrx_word' id='word_1_262' title='bbox 725 4013 991 4094; x_wconf 85' lang='lat' dir='ltr'><strong>Archiepiscopus</strong></span> <span class='ocrx_word' id='word_1_263' title='bbox 1006 4011 1184 4096; x_wconf 88' lang='lat' dir='ltr'><strong>subscripsi.</strong></span> 
     </span>
    </p>

    <p class='ocr_par' dir='ltr' id='par_1_22' title="bbox 227 4093 1088 4177">
     <span class='ocr_line' id='line_1_43' title="bbox 227 4093 1088 4177; baseline -0.013 -12"><span class='ocrx_word' id='word_1_264' title='bbox 227 4109 391 4165; x_wconf 80' lang='lat' dir='ltr'><strong>Ottrarnua</strong></span> <span class='ocrx_word' id='word_1_265' title='bbox 402 4099 598 4164; x_wconf 88' lang='lat' dir='ltr'><strong>Viennensis</strong></span> <span class='ocrx_word' id='word_1_266' title='bbox 618 4096 886 4177; x_wconf 86' lang='lat' dir='ltr'><strong>Archiepiscopus</strong></span> <span class='ocrx_word' id='word_1_267' title='bbox 906 4093 1088 4176; x_wconf 89' lang='lat' dir='ltr'><strong>subscripsi.</strong></span> 
     </span>
    </p>

    <p class='ocr_par' dir='ltr' id='par_1_23' title="bbox 228 4177 941 4266">
     <span class='ocr_line' id='line_1_44' title="bbox 228 4177 941 4266; baseline -0.018 -18"><span class='ocrx_word' id='word_1_268' title='bbox 228 4188 316 4248; x_wconf 84' lang='lat' dir='ltr'><strong>lsaae</strong></span> <span class='ocrx_word' id='word_1_269' title='bbox 334 4180 548 4266; x_wconf 80' lang='lat' dir='ltr'><strong>Lingoneasis</strong></span> <span class='ocrx_word' id='word_1_270' title='bbox 564 4179 742 4262; x_wconf 88' lang='lat' dir='ltr'><strong>Episcopus</strong></span> <span class='ocrx_word' id='word_1_271' title='bbox 761 4177 941 4259; x_wconf 85' lang='lat' dir='ltr'><strong>subscripsi.</strong></span> 
     </span>
    </p>

    <p class='ocr_par' dir='ltr' id='par_1_24' title="bbox 229 4258 1051 4346">
     <span class='ocr_line' id='line_1_45' title="bbox 229 4258 1051 4346; baseline -0.01 -16"><span class='ocrx_word' id='word_1_272' title='bbox 229 4267 410 4332; x_wconf 85' lang='lat' dir='ltr'><strong>Gerboldus</strong></span> <span class='ocrx_word' id='word_1_273' title='bbox 429 4261 664 4330; x_wconf 75' lang='lat' dir='ltr'><strong>cabillonensis</strong></span> <span class='ocrx_word' id='word_1_274' title='bbox 678 4261 855 4346; x_wconf 89' lang='lat' dir='ltr'><strong>Episcopus</strong></span> <span class='ocrx_word' id='word_1_275' title='bbox 870 4258 1051 4342; x_wconf 88' lang='lat' dir='ltr'><strong>subscripsi.</strong></span> 
     </span>
    </p>
   </div>
   <div class='ocr_carea' id='block_1_12' title="bbox 0 0 1384 4992">
    <p class='ocr_par' dir='ltr' id='par_1_25' title="bbox 0 0 1384 4992">
     <span class='ocr_line' id='line_1_46' title="bbox 0 0 1384 4992; baseline 0 0"><span class='ocrx_word' id='word_1_276' title='bbox 0 0 1384 4992; x_wconf 95' lang='lat' dir='ltr'><strong> </strong></span> 
     </span>
    </p>
   </div>
  </div>
 </body>
</html>
