2712 4992
411 261 421 288 l

180 279 251 352 386
637 301 831 357 renueras

179 441 232 502 nia
261 441 345 502 bona
372 463 447 516 sua,
486 441 568 501 sacto
597 461 632 500 ae
664 440 845 521 conscripto
873 460 982 501 rernm
1008 442 1193 523 inventario,
1226 447 1253 508 ei

176 525 236 586 sub
263 524 369 585 officio
396 523 509 584 tutoris
531 523 752 582 commendare
780 522 980 596 deberemus;
1009 527 1096 606 quod
1117 527 1155 586 ita
1174 531 1255 590 etle-

178 608 288 672 cimus.
329 609 375 668 Ea
405 627 482 668 vero
503 607 625 666 ratione
651 613 687 663 ut
708 625 765 684 per
792 605 912 664 nullam
941 610 1138 669 occasionem
1160 632 1257 692 supra-

177 690 255 750 dicti
278 689 393 772 pupilli
418 683 589 763 hereditas,
610 686 767 768 quicquid
790 686 822 745 iu
845 709 925 770 pago
948 691 1004 750 illo
1024 690 1057 749 iu
1077 692 1165 752 villas
1186 714 1257 752 nun·

177 794 216 832 cn
241 781 329 834 antes
358 773 429 832 illas
448 772 575 832 videtur
594 768 722 846 babere,
745 790 808 827 non
830 770 1012 844 minuatnr;·
1037 774 1093 834 sed
1114 774 1191 855 ipsas
1214 797 1257 835 res

178 795 239 916 vel
256 855 412 938 mancipia
433 862 527 934 atque
556 853 719 912 omnisne
744 851 915 912 substantia
937 855 1111 936 diligenter
1136 856 1257 934 excolat,

177 946 209 996 et
231 937 334 1015 ipsum
352 936 515 1020 pupillum
535 934 652 996 exinde
672 933 794 994 nutrire
825 935 877 995 rel
894 936 1074 997 ministrare
1099 938 1198 1000 faciat.
1223 942 1259 1000 Et

176 1019 215 1096 si,
234 1023 304 1081 Deo
334 1018 495 1103 propitio,
524 1017 752 1101 inperfectam
780 1017 906 1077 venerit
928 1027 1086 1095 aetatem,
1116 1021 1215 1080 omnia
1234 1024 1258 1082 ei

175 1104 354 1164 secundum
377 1101 458 1183 legis
482 1100 627 1160 ordinem
653 1099 833 1160 cumomni
857 1099 1042 1182 integritate
1066 1105 1259 1165 serratared·

175 1182 301 1246 dantur.
343 1185 436 1246 Unde
464 1183 618 1244 convenit
640 1180 731 1240 uobis
755 1193 792 1242 ut
819 1180 896 1242 duas
921 1183 1074 1264 epistolas
1094 1205 1159 1244 uno
1177 1194 1260 1246 teno-

173 1286 207 1326 re
230 1269 424 1350 eonscriptas
450 1264 567 1327 exinde
586 1262 787 1324 conscribere
810 1264 861 1324 rel
879 1265 1047 1326 adfirmare
1070 1265 1257 1337 deberemus

174 1352 262 1428 quod
276 1351 318 1411 ita
340 1359 373 1410 et
394 1348 537 1410 fecimus.
579 1349 682 1406 Unam
700 1346 830 1426 quidem
850 1345 1030 1408 iamdictus
1050 1358 1179 1430 patruus
1195 1373 1258 1410 suns

174 1454 282 1493 secum
302 1431 450 1507 retineat,
473 1430 602 1490 alteram
629 1449 705 1487 vero
726 1427 842 1508 aliquis
867 1427 962 1489 bomo
989 1431 1124 1490 nomine
1152 1432 1205 1492 illc
1226 1432 1258 1492 de

173 1536 270 1575 mainn
296 1523 402 1576 nostra
427 1513 478 1575 vel
504 1513 566 1570 iam
585 1509 662 1571 dicti
679 1510 795 1592 pupilli
815 1510 976 1592 suscipiat,
997 1521 1036 1572 ut
1055 1513 1173 1574 suturis
1189 1523 1258 1573 tem-

172 1599 324 1685 poribus,
346 1600 416 1658 Deo
441 1593 634 1668 auxiliante,
665 1593 724 1652 sub
747 1593 970 1654 testificatione
998 1594 1160 1655 bonorum
1182 1596 1259 1657 viro-

171 1705 267 1760 rum,
302 1679 359 1763 qui
389 1677 499 1739 subter
526 1682 680 1736 tenentur
701 1675 828 1752 inserti,
862 1676 1047 1759 peripsam
1076 1693 1150 1738 eum
1184 1679 1260 1742 omni

174 1765 355 1852 integritate
377 1759 484 1822 omnia
504 1779 561 1820 sua
583 1756 711 1839 exigere
741 1757 864 1822 debeat.
1202 1755 1204 1760 ’

527 1887 657 1950 Pactum
676 1888 759 1947 inter
774 1899 930 1971 parentes.

253 2014 361 2080 XXV.
403 2005 550 2070 Caritatis
568 2003 674 2064 studio
697 2012 729 2065 et
750 2002 932 2064 dilectionis
952 2004 1072 2068 affectu
1093 2005 1175 2067 inter
1191 2027 1258 2088 pro·

173 2104 312 2189 pinquos
346 2094 438 2155 decet
463 2097 499 2148 ut
523 2085 679 2168 quicquid
705 2085 744 2145 de
770 2086 864 2145 rebus
889 2107 1001 2146 eornm
1027 2089 1114 2148 inter
1135 2111 1166 2149 se
1189 2089 1256 2150 divi·

176 2185 292 2258 serint,
315 2177 544 2256 seripturarum
564 2171 645 2228 serie
667 2167 828 2249 alligetur,
849 2169 1057 2250 Romanaque
1081 2173 1163 2252 Lege
1178 2172 1255 2231 ordi·

176 2274 273 2328 rrarntc
295 2271 330 2322 ut
360 2255 548 2338 quicunque
574 2250 606 2308 in
630 2258 730 2308 aetate
760 2251 901 2330 perfecta
925 2255 1111 2334 pactionem
1129 2254 1178 2313 rel
1203 2253 1246 2312 de·

176 2347 355 2410 linitionem
379 2335 646 2416 perscriptorem
667 2332 788 2408 fecerit,
810 2340 842 2391 et
867 2331 927 2393 hoc
948 2336 1036 2414 quod
1062 2335 1138 2396 fecit
1158 2334 1253 2415 imple·

176 2456 211 2494 re
234 2422 429 2509 neglexerit,
464 2425 517 2476 aut
536 2424 646 2475 contra
672 2435 740 2474 eam
768 2415 815 2474 ire
841 2417 1112 2497 praesumpserit,
1142 2415 1253 2476 infamis

177 2522 334 2579 vocetur,
368 2513 400 2564 et
431 2501 529 2583 ipsam
554 2517 678 2557 eausam
706 2517 799 2577 agere
826 2515 892 2556 non
922 2499 1145 2578 permittatur,
1171 2509 1252 2576 atque

176 2614 313 2682 poenam
342 2594 490 2648 statutam
515 2587 646 2660 cogatur
669 2579 844 2642 exsolvere.
891 2577 997 2658 Igitur
1023 2581 1146 2661 placuit
1172 2591 1253 2660 atque

176 2673 330 2743 convenit
343 2671 429 2729 inter
442 2665 534 2724 illum
548 2672 579 2722 et
592 2681 776 2743 germanum
791 2671 883 2720 suum
903 2661 996 2720 illurn
1014 2673 1052 2721 ut
1064 2662 1254 2723 hereditatem

176 2772 340 2844 paternam
358 2762 454 2831 atque
478 2754 650 2805 maternam
676 2743 760 2802 inter
788 2763 821 2802 se
842 2742 984 2804 dividere
1009 2745 1064 2804 vel
1094 2761 1253 2825 exaequare

177 2844 348 2906 deberent;
371 2830 460 2914 qnod
484 2829 527 2888 ita
545 2835 577 2887 et
595 2827 750 2886 fecerunt.
791 2825 924 2906 Accepit
944 2824 1053 2908 itaque
1072 2827 1128 2886 ille
1149 2827 1178 2886 in
1192 2845 1253 2908 por·

176 2930 265 2988 tione
292 2941 349 2984 sua
374 2915 469 2976 villas
491 2918 710 2990 nuncupantes
738 2905 826 2983 illas,
854 2907 927 2966 sitas
948 2906 983 2967 in
1005 2929 1088 2990 pago
1112 2908 1253 2985 illo,cum

175 3007 286 3082 terris,
315 2995 490 3066 aediliciis,
519 2990 705 3064 accolabus,
742 2988 928 3068 mancipiis,
962 2990 1014 3050 vel
1043 3000 1163 3052 caetera
1183 3007 1252 3069 quae

177 3094 368 3170 sequuntur.
408 3074 562 3139 Similiter
582 3094 600 3133 e
622 3080 733 3131 eontra
753 3072 876 3152 accepit
897 3070 953 3132 ille
975 3072 1008 3132 in
1033 3073 1251 3155 compensatio-

176 3195 217 3234 ne
238 3163 395 3252 portionis
415 3178 490 3222 snae
510 3156 602 3216 villas
624 3163 844 3235 nuncupantes
865 3152 935 3212 illas
956 3153 1029 3214 sitas
1052 3155 1174 3236 inpage
1191 3152 1249 3224 illo,

176 3276 250 3317 cum
273 3247 380 3324 terris,
398 3237 567 3313 aediliciis,
588 3237 765 3308 accolabus,
786 3234 962 3316 mancipiis,
982 3235 1033 3296 vel
1049 3247 1165 3298 caetera
1177 3252 1251 3316 quae

175 3340 365 3415 sequnntur.
405 3326 491 3386 Haec
516 3319 647 3400 quidem
676 3319 781 3377 omnia
803 3317 999 3378 unanimiter
1019 3318 1249 3388 consentientes,

175 3439 248 3504 Pars
268 3420 392 3496 partem
423 3403 587 3466 tradidisse
617 3399 670 3460 vel
694 3399 894 3480 consignasse
923 3403 1123 3482 cognoscite,
1151 3401 1189 3458 ita
1218 3405 1250 3456 ut

175 3494 334 3584 quicquid
354 3487 532 3575 posthunc
554 3483 639 3544 diem
665 3482 886 3562 unnsquisque
918 3482 957 3542 de
978 3481 1040 3542 hoc
1064 3483 1146 3566 quod
1168 3499 1249 3540 acce·

174 3585 224 3664 pit
248 3583 354 3639 facere
375 3569 524 3637 voluerit,
546 3566 663 3646 absque
684 3564 798 3624 nostris
819 3563 1064 3645 repetitionibus
1084 3565 1206 3625 liberam
1220 3567 1247 3620 et

173 3659 383 3726 firmissimam
414 3653 448 3712 in
470 3648 616 3710 omnibus
640 3645 753 3706 babeat
777 3655 973 3727 potestatem.
1011 3647 1097 3708 Etsi
1118 3647 1246 3727 aliquan·
1319 3645 1320 3680 l

174 3752 216 3810 do
237 3740 353 3823 aliquis
373 3757 413 3797 ex
435 3733 527 3794 nobis
558 3740 613 3790 aut
640 3728 810 3788 heredibus
834 3727 948 3788 nostris
974 3739 1083 3788 contra
1107 3727 1159 3788 has
1178 3723 1242 3806 epis·

172 3834 252 3892 telas
275 3820 398 3903 aliquid
418 3836 511 3897 agere
533 3813 585 3872 rel
604 3813 764 3892 refragare
784 3810 1128 3892 praesumpserit,eius
1143 3803 1240 3887 repeti·

171 3917 216 3974 tio
246 3907 373 3968 nullum
394 3900 536 3960 obtineat
558 3894 729 3970 ellectum,
758 3901 790 3952 et
818 3891 949 3974 insuper
972 3901 1083 3953 contra
1104 3893 1150 3954 eui
1169 3890 1245 3949 litem

171 3990 320 4054 intulerit
341 3983 460 4046 solidos
480 3985 586 4039 tantos
608 3984 787 4056 componat,
809 3983 842 4033 et
854 3995 1003 4055 praesens
1022 3977 1125 4055 pactio
1140 3973 1185 4037 vel
1200 3971 1245 4031 de·

168 4069 271 4138 finitio
294 4089 367 4134 cum
390 4059 594 4148 stipulatione
614 4057 749 4124 subnixa
769 4057 857 4120 firma
878 4064 1072 4140 permaneat.
