2658 4978
217 381 347 440 menn.
449 381 573 440 acaum
606 353 829 448 rannoonnst
932 367 1009 454 aa,
1095 360 1162 438 171

84 529 185 592 tionem
206 522 486 606 etpoenitcntiam
514 519 644 597 redcat,
675 517 906 584 commonitum
928 519 1054 590 liabent.
1097 520 1164 599 Qui

81 616 230 695 peccator,
252 606 279 668 si
296 606 507 667 commonitus
526 604 566 666 de
595 613 682 666 certa
707 614 738 664 et
760 603 928 663 manifesta
950 626 1044 666 causa
1068 611 1105 664 ut
1125 601 1166 665 ad

80 687 319 752 emendationem
342 697 374 748 et
390 686 625 768 correptionem
641 685 770 762 redcat,
793 683 983 750 inobediens
999 695 1031 748 ct
1055 683 1166 747 incor-

79 771 198 856 rigibilis
213 771 445 852 permanserit,
468 768 560 830 etad
583 768 842 829 emendationem
866 767 973 832 redirc
999 767 1165 843 noluerit,

80 865 106 918 et
129 853 487 914 excommunicationem
522 851 711 912 canonicam
737 851 776 912 de
802 849 905 910 causis
930 850 1104 934 designatis
1133 857 1167 912 et

79 935 240 999 manifestis
261 934 524 1018 parvipenderit,
546 934 666 1016 regiam
686 933 736 994 rel
761 931 959 1014 reipublicae
976 941 1167 1016 potestatem

78 1039 128 1104 per
146 1037 177 1078 se
192 1016 246 1078 vel
264 1039 324 1100 per
339 1017 501 1090 ministros
519 1037 609 1096 suos,
631 1025 686 1077 arat
699 1037 758 1097 per
773 1014 898 1076 litteras
920 1036 1011 1090 suas,
1028 1016 1166 1098 Episco-

78 1123 129 1185 pus
151 1099 259 1176 adeat,
282 1109 318 1160 ut
335 1097 589 1179 constringatur,
612 1108 770 1179 qnatenus
793 1095 832 1156 ad
855 1098 1112 1160 emendationem
1129 1117 1167 1158 ao

77 1181 295 1268 poenitentiam
314 1182 416 1244 isdem
432 1191 583 1263 peccator
609 1181 734 1250 redeat;
760 1201 800 1240 ne
819 1178 944 1240 dicatur
965 1181 1057 1242 nobis
1071 1180 1089 1240 d
1103 1180 1167 1240 Do·

78 1266 156 1327 mino
171 1264 257 1344 quod
271 1263 349 1325 olim
364 1265 485 1348 populo
507 1263 607 1324 reteri
626 1263 664 1324 alr
688 1283 726 1322 eo
749 1260 886 1343 legimus
911 1261 1049 1324 dictum:
1079 1261 1167 1320 Ana·

79 1350 171 1406 tlaenm
190 1348 223 1405 in
245 1346 349 1407 medio
372 1348 426 1406 tui.
467 1346 540 1406 Non
559 1346 679 1428 poteris
701 1357 785 1403 stare
806 1364 912 1404 coram
934 1345 1071 1408 inimicis
1094 1343 1168 1403 tuis.

79 1429 108 1490 si
120 1435 221 1488 antem
233 1427 320 1488 idem
339 1435 488 1511 peccator
504 1425 544 1487 dc
563 1427 730 1488 manifesta
747 1434 780 1486 et
795 1425 1016 1506 comprobata,
1038 1425 1092 1488 vel
1106 1423 1168 1486 dra

78 1519 180 1593 sponte
200 1511 343 1572 confessa
361 1531 474 1585 causa,
497 1507 537 1570 ad
558 1508 789 1591 poenitentiam
807 1508 918 1568 vestire
934 1508 1088 1586 voluerit,
1110 1503 1169 1568 sed

78 1593 169 1675 ipsam
181 1593 413 1675 poenitentiam
428 1600 561 1674 propter
580 1591 698 1651 fetidam
721 1591 898 1652 secundum
911 1612 1051 1652 canones
1072 1587 1170 1652 susci·

78 1695 148 1758 pere
164 1684 194 1734 et
208 1674 318 1756 quiete
332 1696 425 1757 agere
442 1672 682 1756 non-potuerit,
703 1672 880 1754 Episcopus
898 1694 958 1754 per
981 1695 1014 1735 se
1039 1673 1090 1734 vel
1110 1676 1170 1753 p'er

79 1756 244 1831 ministros,
266 1766 321 1818 aut
338 1779 397 1841 per
413 1756 536 1817 litteras
558 1775 652 1832 suas,
674 1755 796 1835 regiam
819 1764 959 1816 nostram
980 1755 1033 1816 nel
1056 1754 1168 1836 reipn·

79 1837 172 1899 blicae
206 1848 331 1900 nostrae
350 1847 546 1922 potestatem
573 1836 682 1914 adeat,
716 1846 753 1896 ut
781 1837 849 1918 ipsa
879 1836 963 1897 saida
991 1835 1171 1899 secundum

80 1919 334 1982 constitutionem
350 1921 401 1984 avi
421 1930 453 1981 et
469 1923 568 2002 patris
586 1919 688 1980 nostri
719 1918 868 2000 legaliter
888 1918 1093 1998 pacificetur,
1115 1921 1170 1978 aut

79 1999 160 2062 iuxta
184 2003 271 2084 leges
294 2003 471 2064 secundum
493 2023 571 2083 quus
591 2001 624 2060 in
653 2001 725 2063 aliis
752 2001 939 2084 regionibns
963 2001 1101 2086 quilibet
1119 2000 1171 2060 ri·

80 2093 175 2162 runt,
195 2084 335 2151 sedetur.
383 2087 427 2148 Et
451 2094 530 2146 tune
554 2092 705 2168 peccator
734 2083 926 2145 medicinam
951 2082 1171 2168 poeniteutiae

80 2166 247 2228 secundum
268 2189 373 2232 sacros
390 2170 560 2244 Canoncs‚
583 2185 656 2225 cnm
679 2165 780 2248 pinet
801 2165 920 2226 salubri
947 2166 1169 2240 discretione,

81 2248 247 2310 secundum
267 2251 395 2332 regulas
414 2271 517 2311 sacras
536 2248 691 2330 suscipiat
711 2259 742 2309 et
758 2257 905 2331 peragat,
929 2258 962 2309 et
981 2247 1171 2310 reconcilia·

82 2331 193 2392 tionem
215 2340 310 2412 atque
329 2333 587 2394 communionem
606 2331 785 2417 percipiat,
808 2329 891 2391 sicut
915 2330 949 2390 in
967 2331 1090 2394 eisdem
1119 2349 1170 2394 8³⁴

83 2411 138 2474 cris
151 2413 269 2494 regulis
284 2414 506 2475 discretissime
527 2423 560 2473 et
580 2412 832 2475 misericorditer
851 2412 1048 2479 continetur.
1256 2411 1260 2420 ¹

153 2494 212 2560 Xl.
255 2499 297 2555 Ut
316 2495 456 2557 Comites
472 2503 504 2556 et
527 2494 615 2556 Missi
637 2517 672 2556 ac
687 2497 768 2557 vassi
791 2495 910 2565 nostri,
931 2505 963 2557 et
978 2495 1171 2558 ministeriu·

81 2574 121 2639 les
141 2576 230 2660 regni
250 2578 373 2653 nostri,
395 2576 618 2658 unusquisque
638 2579 818 2640 secundum
842 2577 989 2639 ordinem
1010 2586 1042 2640 et
1066 2578 1172 2662 digni·

81 2665 167 2720 tatem
184 2680 220 2720 ac
234 2659 479 2741 possibilitatem
498 2681 607 2735 suam,
626 2679 737 2740 pacem
755 2669 789 2720 et
803 2659 957 2720 iustitiam
974 2660 1007 2720 in
1024 2660 1089 2722 suis
1107 2660 1171 2722 mi-

81 2741 209 2804 nisteriis
227 2742 366 2820 faciant,
389 2752 422 2803 et
438 2742 520 2803 iuste
536 2762 648 2802 omnes
667 2742 726 2801 snb
738 2742 799 2802 Dei
821 2751 972 2824 respectu
1003 2741 1172 2820 iudicent,

80 2824 272 2886 attendentes
295 2825 382 2906 quod
410 2823 568 2885 Dominus
591 2823 739 2885 omuibus
767 2824 984 2888 indicantibus
1011 2825 1106 2888 dicit:
1129 2830 1172 2888 In

79 2927 132 2986 quo
148 2905 264 2966 indicio
287 2905 501 2967 indicaveritis
514 2950 527 2979 ,
561 2905 755 2967 iudicabitur
779 2905 818 2966 de
850 2907 945 2968 vodis.
986 2907 1052 2969 Et:
1080 2907 1173 2969 Beati

77 2991 127 3070 qui
145 2987 325 3048 custodiunt
345 2987 495 3048 iudicium
511 3000 540 3048 et
553 2987 682 3067 faciunt
702 2989 853 3048 iustitiam
870 2991 1005 3051 inomni
1021 3001 1172 3075 tempore.
1190 3059 1192 3066 Ι
1224 3013 1226 3018 ·

152 3069 230 3134 ΧΗ.
273 3069 474 3152 UtEpiscopi
488 3080 583 3152 atque
599 3069 736 3130 Ablmtes
753 3071 932 3133 etComites
949 3093 985 3132 ac
1001 3073 1083 3135 vassi
1100 3093 1172 3135 nos·

79 3150 114 3210 tri
135 3159 164 3211 ct
184 3173 294 3212 ornnes
321 3152 433 3213 fideles
457 3151 553 3229 laici,
584 3153 737 3215 concordi
771 3152 946 3215 dilectione
970 3164 1003 3216 ct
1024 3152 1172 3217 unanimi

78 3234 233 3294 voluntate
257 3233 297 3292 ad
311 3234 371 3295 Dci
394 3243 426 3294 et
454 3244 581 3296 sanctae
604 3234 769 3294 Ecclesiae
792 3257 828 3296 ac
851 3245 996 3296 nostrum
1019 3247 1052 3299 et
1077 3235 1171 3320 regni

79 3315 170 3375 nostri
191 3316 349 3376 honorem
368 3324 400 3376 ct
415 3325 547 3392 statum,
570 3324 666 3396 atque
687 3337 890 3377 communem
912 3327 1051 3380 nostram
1065 3321 1171 3382 salva·

78 3397 208 3475 tionem,
231 3397 301 3458 sine
319 3397 441 3458 invidia
460 3406 492 3459 et
507 3397 728 3458 malivolentia
754 3408 849 3478 atque
872 3399 1014 3460 indebita
1035 3412 1173 3463 conten·

78 3477 182 3557 tione,
204 3481 418 3541 communiter
438 3481 602 3541 decertare
623 3489 799 3561 procurent
830 3489 866 3540 ut
890 3502 952 3562 pax
975 3489 1008 3548 et
1031 3483 1172 3560 iustitia,

79 3569 108 3619 et
124 3581 194 3620 vera
212 3585 285 3623 cum
305 3563 368 3623 Dei
389 3563 555 3644 voluntate
577 3562 766 3636 concordia,
790 3561 876 3622 inter
889 3584 945 3622 nos
968 3583 1077 3626 omnes
1092 3565 1169 3626 etin

78 3660 171 3721 regno
188 3655 297 3704 nostro
310 3655 451 3716 maneat;
474 3646 568 3726 quia,
590 3645 674 3706 sicut
692 3652 799 3704 sancta
814 3644 979 3724 Scriptura
998 3646 1087 3722 dicit,
1102 3648 1170 3706 ius·

79 3724 144 3784 ticin
164 3727 265 3786 etevat
284 3739 421 3806 gentem,
445 3730 575 3787 miseros
587 3726 675 3806 ¹sarcit
691 3725 826 3809 populos
844 3739 1014 3810 peccatum.
1054 3729 1097 3790 Et
1114 3727 1170 3788 ubi

79 3823 137 3865 non
161 3809 209 3868 est
223 3828 298 3868 vcra
321 3831 394 3868 cnm
415 3809 476 3870 Dei
495 3809 661 3870 voluntate
681 3807 870 3884 concordia,
893 3807 937 3866 ihi
955 3808 1015 3870 nisi
1032 3811 1071 3870 ad
1088 3810 1171 3871 indi·

78 3888 156 3948 cium
181 3911 244 3947 non
272 3889 393 3950 habitat
409 3893 517 3967 Deus,
540 3891 616 3972 qni,
637 3890 722 3951 sicut
735 3890 877 3950 Psalmus
901 3889 996 3966 dicit,
1010 3891 1095 3970 facit
1115 3913 1172 3953 un-

78 3973 186 4029 animes
207 3973 348 4032 habetare
365 3973 400 4030 im
428 3971 543 4044 domo,
567 3973 600 4034 id
633 3983 701 4051 cst,
730 3970 764 4030 in
791 3983 897 4033 sancta
926 3971 1094 4033 Ecclesia.¹
1131 3976 1168 4034 In

79 4071 134 4135 qua
157 4052 296 4112 fideliter
309 4054 555 4115 consistentibus
580 4054 728 4137 spiritum
754 4055 894 4115 caritatis
918 4053 1077 4123 infundit;
1112 4054 1169 4136 qui

78 4145 199 4215 propter
220 4135 350 4195 nimiam
365 4136 528 4197 caritatem
551 4159 660 4215 stram,
690 4157 752 4219 qna
787 4137 903 4198 dilexit
929 4156 1004 4213 nos,
1041 4136 1171 4196 tradidit

78 4217 270 4299 scoretipsum
290 4219 478 4299 pronobiss
501 4228 624 4280 etcum
646 4240 784 4281 essemus
816 4217 933 4281 mortui
965 4219 997 4279 in
1031 4219 1170 4300 pcccatis

80 4299 195 4376 nostris,
211 4299 448 4364 convivificavit
466 4323 523 4365 nos
544 4301 576 4362 iu
594 4304 775 4386 semetipso,
799 4313 834 4362 ut
855 4319 994 4364 essemus
1015 4303 1118 4365 sancti
1135 4311 1170 4363 ct
