2658 4978
222 317 255 374 s.
274 313 352 390 cna,
456 315 817 398 naouurmueoanu
921 321 981 373 aaa.
1085 297 1154 370 123

90 453 242 530 nonhabet
268 453 464 536 parturiens,
486 456 562 536 quia
592 455 668 517 dum
690 457 836 518 infirmus
861 455 998 540 quisque
1022 459 1156 520 consilia

90 538 226 620 concipit,
247 535 328 597 haec
350 537 386 596 ad
411 539 583 598 utilitatem
598 539 792 620 aliquantam
815 562 874 622 per
897 550 1023 620 pairtum
1051 541 1156 622 operis

87 620 299 702 noiiproducit.
349 618 567 701 Videmusque
592 620 759 702 impletum
785 623 871 702 qnod
903 622 1081 682 dDomino
1110 632 1158 683 est

86 713 143 764 ante
156 701 350 782 praedictum
374 703 495 783 populo
528 712 637 762 contra
662 704 859 765 uoluntatem
882 727 970 764 suam
1001 704 1155 764 facienti:

83 787 234 848 Aootliemo
255 785 288 842 in
310 783 411 842 medio
436 786 502 842 tui:
534 807 595 844 non
621 787 740 868 poteris
774 799 856 844 storo
887 808 990 846 coram
1022 788 1155 846 inimicis

84 868 140 931 tois,
178 864 241 940 Qui
259 874 369 924 contra
384 865 525 944 placatus
543 867 742 946 placentibus
758 867 815 927 sibi
833 868 930 927 dixit:
953 869 1063 926 Nullas
1091 882 1155 926 sta·
1191 933 1195 938 ,

83 951 238 1010 utcontra
260 968 321 1011 vos.
364 948 427 1008 Sed
457 959 488 1008 et
509 949 585 1008 ideo
615 959 732 1008 terram
757 959 895 1010 nostram
922 951 953 1008 in
984 961 1156 1032 conspectu

82 1041 173 1090 nostro
191 1028 288 1088 alieni
307 1029 478 1106 devorant,
501 1032 653 1112 quoniam
674 1031 794 1091 alienos
809 1033 824 1090 ai
840 1035 910 1091 Deo
935 1029 1086 1100 diabolos,
1112 1034 1156 1092 el·

81 1115 171 1193 iugata
194 1111 292 1190 gratia
310 1113 418 1172 Sancti
442 1113 597 1194 Spiritus,
621 1115 652 1172 in
678 1113 796 1173 animas
818 1123 940 1174 nostras
967 1114 1155 1194 recepimus.

82 1196 145 1254 Ideo
160 1202 241 1252 terra
260 1203 366 1254 nostra
384 1191 506 1256 deserta
528 1204 574 1254 est
589 1196 672 1256 sicut
685 1196 716 1253 in
740 1197 913 1255 vastatione
932 1195 1058 1269 hostili,
1080 1197 1157 1276 quia

82 1277 161 1335 llores
175 1275 341 1336 etfructus
362 1277 455 1355 fidei,
477 1278 544 1360 spei
557 1323 566 1354 ,
589 1286 620 1337 et
645 1277 802 1347 caritatis,
833 1288 865 1338 et
887 1277 1093 1353 humilitatis,
1124 1286 1157 1338 et

83 1356 237 1432 castitatis,
260 1367 293 1416 et
309 1359 497 1434 sobrietatis,
519 1381 554 1420 ac
580 1371 774 1420 caeterarum
789 1359 943 1420 virtutum
962 1361 1000 1418 ab
1020 1363 1110 1442 (agro
1132 1365 1155 1434 t)

85 1441 172 1500 cordis
195 1440 294 1499 nostri
316 1441 566 1518 devastavimus,
589 1452 619 1504 et
645 1464 704 1523 pro
725 1441 789 1502 illis
815 1442 920 1519 spinas
948 1443 1098 1502 vitiorum
1124 1450 1157 1501 et

83 1521 182 1582 urticas
202 1531 421 1662 peccatorum,
445 1534 477 1585 et
492 1523 620 1599 (cicutas
645 1523 793 1584 vanitatis
814 1529 844 1600 u]
879 1523 911 1583 in
945 1524 1036 1584 uobis
1063 1524 1154 1604 ipsis,

84 1605 162 1664 etiam
178 1604 205 1662 la
230 1614 355 1666 orantes
374 1615 409 1664 ut
429 1605 541 1686 inique
564 1627 707 1688 agamus,
728 1626 793 1665 uon
826 1605 1004 1667 increscere
1030 1608 1155 1682 solum,

84 1687 129 1745 sed
141 1687 368 1747 incrementare
389 1711 461 1748 cum
478 1681 583 1749 studio
599 1690 742 1749 fecimus.
785 1686 861 1748 ldeo
883 1687 1074 1750 habitatores
1089 1698 1156 1748 ter-

85 1789 127 1828 roe
144 1767 233 1830 occisi
254 1779 286 1828 et
300 1767 520 1850 fugatisunt,
533 1772 608 1851 quia
629 1770 786 1851 nosipsos
805 1770 926 1850 peccati
948 1771 1052 1852 gladio
1067 1770 1155 1831 occi-

86 1850 180 1926 dimus,
194 1859 225 1912 et
243 1851 349 1910 omnia
362 1852 446 1912 bona
463 1874 543 1933 quae
562 1854 652 1913 nobis
675 1852 832 1912 Dominus
853 1853 919 1913 sive
938 1852 969 1911 in
986 1854 1155 1913 intellectu

85 1933 219 2009 naturali,
240 1933 306 1994 sive
328 1933 361 1992 in
387 1933 548 2011 doctrina,
572 1937 640 1996 sive
668 1935 700 1992 i'n
718 1933 857 2010 divitiis,
880 1934 994 1994 sivein
1020 1935 1155 1994 honori-

84 2013 144 2090 bus,
163 2015 224 2074 sive
247 2015 280 2088 in
296 2016 563 2078 familiaritatibus
581 2040 658 2099 quas
678 2017 769 2076 nobis
793 2017 931 2076 contulit
954 2018 1039 2098 apud
1063 2017 1154 2078 nobis

83 2098 268 2176 potentiores,
291 2099 445 2160 adcarnis
463 2100 641 2178 voluptates
660 2099 885 2173 convertimus,
910 2108 940 2158 et
960 2120 1016 2160 nos
1039 2109 1071 2158 et
1092 2121 1158 2158 om·

84 2178 126 2235 nia
144 2200 218 2258 qnae
241 2181 331 2240 nobis
349 2181 504 2242 Dominus
526 2182 624 2256 dedit,
646 2182 683 2239 ab
699 2181 785 2239 illius
811 2183 993 2257 voluntate,
1016 2203 1074 2262 pro
1092 2203 1156 2260 qna

85 2260 160 2320 nobis
180 2261 321 2322 facienda
346 2263 402 2324 illa
429 2263 582 2341 donavit,
612 2264 792 2328 avertimus,
820 2264 915 2340 Quod
933 2263 1155 2343 unusquisque

84 2352 171 2421 potest
185 2345 215 2402 in
231 2344 333 2426 seipso
348 2340 591 2426 recognoscere,
607 2346 632 2406 si
659 2347 753 2405 etiam
784 2345 822 2406 de
846 2346 981 2426 singulis
1008 2345 1156 2405 memhris

85 2425 137 2484 suis
157 2425 336 2507 cogitaverit
351 2428 431 2509 quid
448 2428 525 2488 feeit
554 2437 587 2489 et
610 2427 689 2508 quid
710 2428 795 2502 facit,
811 2429 899 2506 quod
917 2431 1003 2486 Deus
1022 2428 1061 2487 ad
1078 2449 1156 2508 ope-

83 2507 193 2566 randam
214 2509 346 2568 salutem
364 2508 501 2571 donavit.
522 2512 563 2570 Et
578 2510 660 2571 sicut
678 2510 716 2570 dc
735 2510 883 2569 membris
907 2509 1047 2588 corporis
1070 2510 1157 2569 inve-

83 2587 139 2646 niet
153 2589 230 2671 apud
246 2589 405 2671 seipsum,
426 2592 469 2650 ita
487 2593 524 2653 de
541 2593 689 2652 membris
711 2591 833 2652 animae
856 2592 976 2670 poterit
992 2591 1155 2665 invenire,

83 2690 150 2748 quae
170 2693 224 2754 per
241 2674 397 2756 spiritalia
428 2673 504 2734 vitia
531 2674 702 2756 dispergit,
725 2684 819 2752 atque
842 2671 1013 2753 disperdit,
1036 2682 1066 2731 et
1089 2671 1157 2753 spi-

83 2751 173 2813 ritales
190 2763 220 2814 et
238 2755 270 2814 in
291 2777 323 2816 se
340 2755 475 2838 virtutes
496 2758 513 2817 ai
532 2760 601 2817 Deo
628 2758 688 2818 sibi
713 2759 852 2816 conlatas
881 2764 936 2814 aut
964 2755 1080 2834 ell'ugat
1102 2760 1157 2812 aut

84 2838 239 2900 conculcat.
282 2838 359 2898 Ideo
376 2837 540 2900 Ecclesiae
556 2847 588 2899 et
601 2841 696 2899 villae
717 2839 866 2898 incensae
890 2846 984 2910 sunt,
1008 2837 1082 2916 quia
1106 2836 1157 2916 ig-

83 2915 123 2974 nis
137 2919 280 2979 avaritiae
298 2929 330 2979 et
346 2921 545 3002 rapacitatis,
568 2931 661 3002 atque
680 2920 839 2996 invidiae,
862 2929 894 2979 et
912 2919 1155 2993 adulteriorum,

83 3018 112 3056 ac
131 3011 319 3061 caeterarum
348 3003 637 3080 immunditiarum,
670 3024 733 3063 non
763 3003 867 3062 solum
897 3023 954 3084 per
979 3001 1157 3060 naturalem

82 3099 194 3159 sexum,
216 3083 270 3144 sed
284 3083 380 3143 etiam
393 3106 452 3165 per
467 3108 541 3146 eum
569 3108 679 3146 sexum
703 3085 759 3164 qui
791 3095 837 3146 est
858 3095 967 3145 contra
990 3094 1156 3159 naturam,

83 3159 139 3222 sine
153 3163 346 3243 poenitentia
360 3176 391 3226 et
411 3168 479 3228 sine
492 3167 710 3250 resipiscentia
730 3169 761 3225 in
779 3168 868 3228 nobis
885 3167 1002 3228 exarsit
1014 3176 1044 3226 et
1057 3167 1156 3226 ardet.

82 3241 116 3300 Et
136 3247 281 3324 quoniam
300 3247 392 3308 illum
407 3249 563 3330 Spiritum
580 3243 641 3329 ¹qai
661 3271 756 3329 super
772 3249 928 3309 humilem
948 3258 981 3310 et
999 3249 1155 3328 quietum,

84 3331 110 3382 et
121 3347 271 3388 sermones
291 3352 364 3390 suos
380 3331 771 3413 trementem,reqniescit,
785 3353 842 3410 per
859 3331 1040 3412 superbiam
1055 3341 1085 3390 et
1105 3331 1158 3388 in-

83 3405 277 3470 obedientiam
301 3407 337 3472 ae
360 3414 650 3494 praesumptionem
685 3414 702 3472 ai
733 3412 822 3470 nobis
848 3412 1053 3494 expulimus,
1083 3412 1157 3470 ideo

84 3486 252 3550 Sanctorum
272 3489 308 3553 ae
328 3505 544 3574 protectorum
563 3500 744 3557 nostrorum
767 3513 897 3574 corpora
916 3495 954 3552 de
978 3493 1157 3577 sepulchris

84 3588 145 3629 suae
159 3575 366 3653 requietionis
388 3576 496 3636 effossa
513 3587 598 3636 sunt.
639 3579 681 3636 Et
697 3577 770 3655 quia
792 3597 848 3634 nos
863 3575 987 3656 spiritui
1016 3575 1157 3654 maligno

84 3647 158 3709 iuxta
176 3657 234 3713 Dei
248 3658 488 3736 permissionem
501 3667 689 3740 potestatem
714 3659 844 3716 habenti
862 3667 893 3716 et
913 3677 1009 3736 super
1030 3678 1087 3715 nos
1107 3677 1158 3714 as-

84 3733 215 3794 cendenti
241 3759 303 3797 non
328 3739 502 3804 resistimus
527 3751 562 3799 ut
581 3741 682 3820 fugiat
705 3739 851 3815 anobis,
873 3738 993 3797 idcirco
1024 3739 1107 3797 servi
1127 3745 1158 3796 et
1204 3791 1207 3794 .

85 3814 200 3877 ancillae
216 3818 276 3878 Dei
300 3822 337 3880 de
359 3821 436 3880 locis
459 3822 523 3882 suis
553 3822 676 3902 expulsi
706 3830 797 3894 sunt,
830 3829 861 3880 et
895 3841 951 3878 nos
983 3820 1021 3878 de
1048 3820 1157 3892 quiete

87 3896 210 3959 coelestis
225 3903 362 3980 paradisi
380 3903 467 3962 etde
487 3905 647 3964 consortio
667 3903 814 3963 eoelestis
832 3901 1014 3976 Ecclesiae,
1038 3901 1071 3960 id
1087 3911 1158 3977 est,

84 3971 260 4056 Angelorum
283 3996 481 4062 sanctornm,
505 3985 599 4046 eiecti
616 4007 740 4060 sumus,
765 3985 824 4044 nisi
841 4006 900 4064 per
918 3982 1029 4063 dignos
1048 3982 1160 4064 p'oeni-

82 4059 183 4120 tentiae
201 4064 323 4126 fructus
339 4067 468 4130 adhaec
485 4069 572 4130 unde
596 4067 792 4144 cecidimus,
811 4069 985 4126 redeamus.
1026 4065 1067 4124 Et
1083 4063 1160 4146 quia

92 4169 356 4198 ·—--.-...
400 4175 402 4177 .

112 4219 134 4289 t)
150 4224 181 4276 δί.
197 4244 254 4281 mss.
273 4245 338 4298 erpa
641 4227 676 4300 a)
695 4228 729 4284 al.
747 4247 793 4284 ms.
813 4239 937 4298 cunctas
948 4223 1092 4286 sonitans.
