2786 4980
165 317 214 394 88
382 340 414 392 A.
435 337 513 392 ena.
620 335 863 392 aasumensi
964 338 1024 395 seo.
1106 363 1110 378 ι

166 481 304 542 nasteria
327 485 423 558 atque
443 475 614 559 hospitalia
634 478 693 540 sihi
717 477 882 540 commissa
899 479 1040 560 ipsorum
1057 490 1169 562 regant
1185 502 1269 544 con-

165 564 262 633 silio;
300 559 455 642 qnoniam
480 559 631 641 Episcopi
662 571 829 642 paternam
849 561 1103 622 sollicitudinem
1127 565 1192 642 eis,
1214 587 1269 626 se-

165 647 309 707 cundum
330 641 545 702 ministerium
557 641 699 715 illorum,
710 643 885 704 studebunt
902 644 1098 726 impendere.
1137 647 1180 706 Et
1191 647 1269 726 quia

164 749 259 810 saepe
280 723 458 805 unicuique
472 723 503 780 in
520 724 606 784 omui
631 725 745 785 ordine
766 735 999 809 competentem
1023 727 1129 807 legem
1150 737 1182 788 et
1199 730 1270 789 ius·

167 811 279 885 titiam,
302 829 367 867 nna
393 827 466 868 cum
493 807 644 866 fratribus
674 807 804 884 vestris,
833 807 998 887 frequenti
1022 808 1270 871 adnuntiatione

163 890 376 976 perdonastis,
398 887 606 949 ecclesiastici
627 898 659 948 et
676 889 818 970 religiosi
841 889 968 950 habitus
983 889 1045 950 viri
1066 912 1101 950 ac
1115 891 1269 968 feminae,

167 984 262 1055 atque
281 970 442 1054 peregrini
468 979 501 1029 et
518 973 687 1051 pauperes,
710 970 743 1030 in
772 970 889 1053 quibus
914 971 1098 1049 specialiter
1120 973 1269 1036 Christus

166 1056 350 1137 suscipitur,
362 1051 628 1136 perdonationem
640 1061 777 1114 vestram
786 1054 848 1115 sihi
863 1056 1003 1118 sentiant
1012 1075 1138 1137 semper
1147 1059 1268 1118 adesse.

167 1184 282 1268 (Quod
299 1183 412 1262 Regem
432 1182 478 1253 ita
496 1181 596 1242 uitam
617 1181 781 1322 instituelre
803 1184 985 1256 conveniat,
1007 1196 1042 1245 ut
1063 1187 1206 1248 omnibus
1229 1189 1273 1250 sit

628 1286 740 1348 exemp
755 1271 803 1343 o).

249 1377 311 1447 XI.
351 1380 394 1442 Et
409 1380 486 1460 quia
501 1380 540 1441 de
564 1389 697 1442 statuet
717 1379 819 1441 salute
840 1381 953 1462 populi
970 1379 1165 1459 Christiani,
1187 1382 1274 1444 sicut

166 1462 345 1545 scripsistis,
367 1463 465 1524 vultis
484 1483 649 1543 quaerere,
671 1462 776 1544 primo
796 1485 814 1522 a
839 1464 1022 1546 vobisipsis
1049 1464 1193 1546 incipite,
1214 1466 1273 1547 qui

167 1547 247 1605 alios
274 1545 396 1606 debetis
425 1546 608 1626 corrigere,
631 1545 713 1606 sieut
737 1544 891 1626 scriptum
917 1556 983 1609 est:
1012 1547 1137 1607 Mediae
1147 1591 1159 1619 ‚
1194 1569 1272 1607 eura

168 1629 384 1709 temetipsum
406 1637 439 1688 et
465 1628 584 1686 munda
609 1627 704 1687 debet
722 1649 834 1688 manus
854 1649 873 1686 a
900 1629 1049 1690 sordibus
1073 1649 1159 1704 esse,
1186 1651 1271 1710 quae
1318 1667 1321 1674 ·

166 1709 286 1768 alienas
301 1711 413 1771 sordes
432 1717 524 1770 curat
544 1709 720 1790 detergere.
761 1710 803 1769 Et
821 1710 950 1790 quaein
969 1711 1040 1772 aliis
1059 1710 1179 1772 debetis
1196 1733 1271 1771 cor-

165 1790 291 1871 rigere,
324 1813 418 1851 nemo
450 1791 483 1851 in
507 1790 595 1851 vobis
624 1791 704 1852 iuste
733 1793 837 1852 valeat
862 1792 1111 1873 reprehendere.
1165 1795 1273 1874 Super

167 1882 302 1954 quantos
322 1874 409 1934 enim
424 1874 499 1934 estis
523 1873 555 1931 in
578 1875 672 1954 regni
692 1873 847 1951 eulmine,
866 1883 1029 1938 tantorum
1048 1876 1189 1937 moribus
1211 1877 1273 1936 de-

166 1953 250 2014 betis
271 1955 403 2034 servire,
425 1965 457 2016 et
480 1955 564 2016 sieut
581 1955 715 2016 lucerna
740 1977 836 2036 super
864 1957 1094 2017 candelabrum
1118 1959 1152 2017 in
1175 1958 1273 2019 domo

165 2036 282 2120 posita,
304 2036 454 2098 honitatis
475 2039 621 2119 exempla
641 2047 836 2114 monstrare,
865 2040 942 2118 quia
964 2040 1108 2099 omnium
1130 2041 1216 2102 oculi
1234 2040 1273 2099 in

157 2140 223 2180 ¹ros
247 2118 367 2178 dehent
384 2119 572 2180 intendere:
607 2141 688 2200 quos
708 2119 733 2178 si
752 2121 836 2178 rnalo
855 2122 1003 2202 exemplo
1030 2121 1273 2200 destruxeritis,

167 2199 225 2281 qui
246 2221 304 2281 per
324 2223 380 2261 vos
401 2211 433 2262 et
459 2225 476 2262 a
498 2200 589 2262 vobis
618 2203 650 2260 in
674 2202 796 2261 bonum
810 2203 989 2263 debuerant
1008 2205 1189 2282 aedificari,
1211 2205 1273 2265 suh

166 2282 263 2342 tantis
283 2283 352 2342 sine
374 2285 472 2344 dubio
489 2280 521 2341 in
540 2285 650 2343 futuro
664 2283 775 2344 seculo
791 2285 904 2362 poenis
919 2307 976 2346 vos
995 2307 1125 2348 necesse
1147 2297 1194 2348 est
1208 2296 1275 2347 tor·

168 2363 272 2446 queri.
313 2367 486 2446 Propterea
511 2375 639 2446 oportet
663 2374 700 2436 ut
714 2367 770 2446 qui
795 2367 864 2426 Rea
878 2368 973 2446 estis,
997 2377 1030 2428 et
1043 2369 1200 2430 Dominus
1219 2391 1275 2450 ap-

168 2445 348 2527 pellamini,
370 2449 403 2507 in
425 2449 517 2509 illum
535 2469 660 2530 semper
679 2469 832 2530 suspenso
858 2449 954 2510 corde
969 2451 1149 2532 suspiciatis
1170 2473 1188 2510 a
1205 2473 1274 2530 quo

169 2526 340 2605 videlicet,
363 2532 449 2611 Rege
471 2533 593 2610 Regum
614 2538 646 2590 et
664 2530 803 2590 Domino
820 2531 1043 2608 Dominorum,
1067 2555 1182 2594 nomen
1206 2535 1275 2594 Re-

170 2609 216 2692 gis
240 2619 271 2669 et
287 2613 419 2671 Domini
444 2612 603 2676 mutuatis.
645 2614 687 2673 Et
704 2613 787 2672 sicut
799 2611 856 2672 ille
877 2612 1018 2694 disponit
1040 2615 1150 2676 orbem
1166 2625 1276 2676 terrae

170 2692 405 2773 inaequitate,
437 2705 468 2754 et
495 2695 535 2754 ad
563 2694 648 2771 hoo,
674 2693 808 2755 sicut'in
828 2693 911 2754 libro
935 2697 1116 2777 Sapientiae
1141 2698 1274 2774 dicitur,

170 2775 338 2836 constituit
353 2777 517 2838 homiuem
538 2786 573 2840 ut
590 2777 660 2855 ipse
674 2776 822 2837 similiter
841 2777 954 2854 faciat,
982 2778 1148 2837 imitamini
1166 2780 1273 2856 illum,

170 2858 196 2918 si
216 2857 314 2918 vultis
334 2880 468 2941 regnare
486 2881 559 2920 oum
577 2859 645 2918 illo.
678 2861 761 2936 Quia
778 2857 835 2938 qui
861 2859 939 2920 dicit
956 2881 988 2920 se
1007 2861 1040 2919 in
1056 2861 1182 2922 Christo
1202 2883 1272 2920 ma-

170 2959 261 3017 nere,
283 2940 389 3016 dehet,
411 2941 493 3002 sieut
509 2941 566 3002 illc
587 2941 760 3002 ambulavit
777 2951 809 2999 et
827 2941 892 3022 ipse
902 2943 1076 3017 ambulare,
1099 2945 1156 3024 qui
1178 2943 1273 3003 dicit:

171 3021 281 3081 Estote
293 3032 323 3079 et
339 3022 554 3103 perperfecti,
575 3026 655 3083 sicut
668 3036 698 3082 et
717 3027 814 3083 Pater
830 3035 935 3082 uester
956 3026 1098 3084 coelestis
1114 3025 1276 3108 perfectus

172 3113 227 3161 est.
268 3103 355 3162 Etsi
381 3101 544 3181 dixeritis,
566 3105 727 3185 quomodo
748 3125 876 3184 possum
897 3126 963 3165 esse
987 3108 1168 3186 perlectus,
1200 3127 1276 3168 cnm

173 3182 234 3242 alia
259 3183 422 3265 Scriptura
444 3185 542 3246 dieat:
573 3187 611 3245 St
628 3189 698 3270 quis
713 3188 747 3244 in
765 3187 863 3246 verbo
883 3208 946 3246 uon
966 3188 1114 3269 offendit,
1136 3190 1190 3248 ille
1201 3209 1275 3270 pcr-

165 3263 273 3344 fectus
291 3279 337 3324 est
358 3269 422 3338 uir,
451 3289 517 3328 non
542 3269 626 3329 cadit
646 3293 664 3328 a
682 3267 881 3350 perfectione
903 3269 959 3349 qui
987 3291 1051 3328 non
1072 3279 1183 3352 peceat
1204 3293 1274 3330 ma·-

104 3383 108 3394 ·
172 3345 261 3406 litiae
297 3348 495 3430 cupiditate:
534 3352 655 3434 Septies
687 3352 770 3409 euim
802 3349 888 3410 cudit
925 3353 1023 3410 iustus
1057 3365 1087 3410 et
1120 3355 1274 3430 resurgit:

175 3430 268 3510 impii
293 3445 394 3490 oratam
416 3446 565 3492 corruunt
583 3435 617 3491 in
636 3432 760 3491 malum.
801 3433 863 3492 Et.-
884 3432 1002 3506 Iustus;
1027 3455 1095 3493 cunr
1108 3434 1272 3506 ceciderit,

175 3532 239 3571 uon
259 3513 453 3588 sordidetur,
482 3517 557 3595 quio
581 3516 733 3574 Dominus
755 3514 901 3608 supponit
919 3535 1043 3574 murrum
1062 3537 1159 3581 suam.
1187 3519 1276 3592 Qua-

173 3593 381 3675 litercuuque
398 3617 476 3657 vero
499 3596 571 3677 quis
585 3605 716 3678 peccet,
744 3594 935 3677 cupiditatis
949 3598 1112 3657 voluntate
1135 3607 1190 3658 aut
1209 3599 1278 3657 fra-

174 3675 305 3758 gilitatis
318 3679 519 3756 necessitate,
534 3701 627 3738 nemo
637 3678 687 3737 illi
706 3678 820 3739 melius
834 3678 1000 3758 praevalet
1020 3678 1162 3740 indicare
1180 3701 1278 3762 quam

179 3759 465 3839 conscicntiasua,
494 3782 576 3842 quae
598 3783 663 3820 uon
691 3771 796 3840 potest
823 3759 924 3820 latere
950 3760 1060 3820 oculos
1087 3761 1279 3844 inspectoris

176 3840 237 3904 sui.
278 3843 453 3922 Propterea
480 3844 524 3904 ita
554 3853 680 3925 oportet
699 3865 754 3903 ros
779 3841 909 3918 rivere,
940 3842 1099 3922 iudicare,
1125 3854 1159 3904 et
1183 3865 1279 3926 agere

178 3922 274 3983 etiam
295 3924 328 3982 in
355 3927 493 4002 occulte,
516 3921 607 4006 quasi
627 3926 694 3985 sitis
711 3945 837 4004 semper
857 3923 889 3981 in
912 3923 1060 4006 puhlico;
1084 3926 1160 4006 quia
1183 3949 1280 4008 saepe

177 4005 250 4066 talis
277 4008 449 4070 rosverbo
468 4007 622 4082 laudabit,
644 4007 700 4087 qui
719 4007 814 4070 corde
835 4005 951 4066 acriter
970 4008 1197 4087 reprehendet,
1214 4029 1282 4070 sae·

178 4108 218 4168 pe
251 4090 346 4148 etiam
376 4089 433 4150 illa
461 4113 543 4171 quae
572 4089 661 4151 vobis
691 4099 722 4148 et
758 4089 792 4148 in
824 4088 913 4150 vobis
945 4089 1152 4168 laudaverit,
1194 4090 1281 4173 apud

163 4169 258 4237 ,alios
277 4172 315 4232 de
338 4172 427 4232 vobis
450 4171 719 4254 reprehensibilia
743 4170 907 4235 iudicabit,
950 4171 1002 4232 Sic
1029 4182 1153 4250 autem,
1176 4183 1212 4233 ut
1233 4173 1282 4233 di-

181 4250 291 4332 cimus,
312 4253 483 4319 adiuvante
501 4253 639 4318 Domino
658 4254 780 4333 vivere,
802 4253 963 4331 iudicare,
986 4263 1018 4316 et
1040 4253 1132 4340 agere
1151 4277 1282 4342 praera-
