2746 4992
241 273 314 350 nto
427 287 466 342 s.
486 285 563 342 cua
666 281 940 344 connumeras
1038 289 1095 356 sos.

238 433 294 497 Aa
316 433 377 494 ista
392 429 496 502 verba,
526 427 668 488 Coronet
687 433 719 487 te
739 425 919 502 Dominus,
946 425 1090 506 miserunt
1105 423 1150 486 illi
1168 420 1286 508 Episcopi

615 527 763 570 coronam
786 510 821 570 in
843 508 955 592 capite.

319 630 462 692 Coronet
483 633 514 684 te
537 619 695 684 Dominus
721 641 840 682 corona
866 619 985 702 gloriae
999 631 1092 703 atque
1112 618 1247 689 iustitiam
1263 630 1289 681 ut

236 733 311 774 oum
334 710 397 771 fide
418 715 506 769 recta
526 713 559 766 et
577 702 751 786 multiplici
770 703 931 764 honorum
946 725 1078 786 operum
1093 701 1291 764 fructuadco·

235 815 348 858 ronam
366 787 536 874 pervenias
549 785 641 868 regni
656 783 813 867 perpetui,
835 785 905 868 ipso
923 785 1078 870 largiente
1092 785 1177 848 cuius
1190 793 1230 846 est
1240 805 1291 868 reg·

235 898 314 940 uum
340 883 373 937 et
394 870 564 954 imperium
583 869 617 928 iu
634 867 742 929 secula
763 867 956 931 seculorum.

232 1005 287 1068 Aa
308 1006 370 1071 isto
389 1003 486 1066 uerbo
496 1046 511 1078 ,
535 1003 600 1064 Det
619 997 677 1060 tibi
701 998 966 1064 Dominusvelle
977 1046 988 1080 ,
1022 998 1172 1063 dederunt
1188 997 1230 1059 illi
1240 999 1293 1082 pal-

619 1101 702 1142 mam
726 1093 758 1142 et
778 1094 942 1167 sceptrum.

309 1205 374 1265 Det
395 1200 453 1263 tibi
472 1196 629 1262 Dominus
648 1195 735 1259 velle
762 1203 796 1258 et
820 1218 912 1279 posse
931 1219 1015 1280 quae
1036 1195 1204 1282 praecipit,
1226 1206 1254 1257 ut
1268 1196 1291 1256 in

227 1285 321 1368 regni
341 1282 497 1367 regimine
516 1281 694 1342 secundum
712 1279 910 1341 voluntatem
930 1303 1020 1342 suam
1045 1281 1223 1364 proficiens,
1240 1301 1293 1340 cum

226 1372 330 1452 palma
356 1362 592 1449 perseverantis
614 1360 766 1424 victoriae
790 1361 831 1422 ad
855 1361 993 1442 palmam
1018 1360 1292 1442 pervenias-gloriae

225 1449 449 1536 sempiternae.
491 1443 602 1507 Gratia
621 1441 754 1506 Domini
777 1442 877 1505 nostri
902 1445 976 1528 lesu
1002 1443 1136 1524 Christi,
1158 1443 1210 1527 qui
1226 1441 1292 1506 risit.

447 1585 1113 1648 Ouarsouusrqusss.

304 1706 354 1767 Da
376 1700 479 1777 nohis,
499 1697 702 1781 omnipotens
726 1700 830 1776 Deus,
859 1707 896 1758 nt
916 1699 1002 1760 beati
1025 1700 1182 1783 Gorg'onii
1206 1711 1291 1784 marty·

222 1790 266 1851 ris
293 1787 343 1848 tui
372 1781 556 1847 veneranda
588 1781 772 1844 solemnitas
793 1790 826 1842 et
852 1780 1057 1845 devotionem
1088 1785 1178 1846 nohis
1206 1793 1291 1866 augeat

222 1882 257 1935 et
284 1871 429 1932 salutem.
470 1865 534 1927 Per
551 1863 741 1924 Dominum.¹

302 1955 513 2030 Quaesumus,
536 1945 746 2040 omnipotens,
767 1944 952 2008 utlamulus
971 1954 1060 2025 tans,
1081 1947 1139 2030 qui
1157 1955 1207 2008 tua
1224 1947 1292 2007 mise·

221 2035 346 2098 ratione
376 2028 516 2111 suscepit
542 2047 634 2108 regor
663 2026 897 2108 gubernacula,
931 2051 950 2089 a
979 2039 1011 2091 te
1036 2030 1191 2092 virtutum
1219 2031 1291 2091 etiam

219 2114 377 2200 percipiat
402 2111 613 2172 incrementa:
635 2107 927 2192 quibuskdecenter
949 2121 1100 2190 ornatus,
1123 2122 1153 2174 et
1170 2112 1291 2174 vitiorum

219 2205 359 2259 monstra
383 2193 497 2270 vitare,
519 2189 611 2254 etad
631 2198 674 2265 te,
696 2187 754 2270 qui
773 2190 836 2269 via,
857 2193 982 2272 veritas,
1005 2204 1038 2256 et
1053 2195 1119 2256 vita
1142 2217 1184 2271 es,
1203 2193 1291 2277 gratio

219 2304 273 2344 sus
297 2278 401 2344 valeat
418 2273 601 2360 pervenire.
643 2271 709 2352 Qui
735 2271 818 2335 vivis
838 2282 871 2335 et
894 2277 1009 2358 regnas
1030 2299 1105 2339 cum
1124 2278 1200 2340 Deo.

537 2399 995 2464 Suessonoars.

300 2521 448 2606 Respice,
468 2515 618 2591 Domine,
640 2533 775 2574 munera
803 2515 916 2598 populi
945 2517 993 2577 tui
1016 2519 1204 2583 Sanctorum
1227 2518 1290 2579 festi-

220 2608 317 2671 vitate
342 2604 462 2678 votiva,
484 2608 516 2660 et
536 2607 609 2658 tuae
632 2595 811 2682 testificatio
837 2600 979 2663 veritatis
1000 2602 1094 2665 nobis
1112 2603 1247 2688 proficiat
1262 2599 1290 2661 ad

219 2691 362 2752 salutem.
402 2688 467 2748 Per
487 2678 670 2741 Dominum.

300 2773 447 2844 Munera,
468 2783 678 2846 quaesumus,
700 2759 857 2839 Domine,
885 2762 991 2824 oblata
1018 2767 1194 2838 sanctifica;
1221 2776 1249 2826 ut
1268 2773 1290 2823 et

218 2853 312 2916 nobis
338 2845 500 2932 unigeniti
528 2844 577 2904 tui
604 2863 718 2926 corpus
736 2852 769 2905 et
787 2844 916 2926 sanguis
932 2845 1025 2924 fiant,
1047 2857 1084 2909 et
1101 2849 1216 2911 Karolo
1232 2846 1292 2926 Regi

219 2947 328 2997 nostro
347 2933 389 2993 ad
407 2926 616 2992 obtinendam
637 2925 759 2986 animae
782 2927 992 3009 corporisque
1011 2931 1171 3014 salutem,
1200 2932 1292 3012 tegplas.

219 3017 339 3100 giente,
360 3029 590 3096 usquequaque
617 3008 796 3091 proficiant.
836 3010 900 3072 Per
920 3011 1072 3100 eundem.
1242 3007 1246 3013 '

446 3149 594 3210 Posr
635 3147 1087 3213 Couuurrorsu.

299 3263 574 3325 Sacramentorum
595 3273 733 3339 tuorum,
744 3263 893 3342 Domine,
915 3267 1100 3330 communio
1120 3277 1235 3352 sumpta
1250 3292 1292 3332 nos

216 3343 328 3422 salvet,
350 3355 382 3407 et
405 3346 437 3404 in
458 3356 530 3408 tuae
554 3344 696 3410 veritatis
717 3345 790 3405 luce
811 3346 985 3409 confirmet.
1014 3351 1078 3409 Per
1089 3351 1261 3416 Dominum.

299 3429 402 3504 llaec,
432 3430 587 3506 Domine,
608 3427 790 3488 commuuio
814 3428 958 3490 salutaris
985 3431 1144 3493 famulum
1165 3443 1246 3498 tuum
1263 3435 1292 3494 ab

217 3509 364 3570 omnibus
389 3520 517 3572 tueatur
544 3510 705 3570 adversis:
734 3519 892 3590 quatenus
916 3521 948 3571 et
971 3515 1201 3581 ecclesiasticae
1223 3521 1291 3604 pacis

217 3592 359 3651 obtineat
379 3591 644 3674 tranquillitatem
663 3600 695 3651 et
711 3601 781 3673 post
800 3591 892 3652 istius
913 3595 1068 3675 temporis
1088 3597 1248 3670 decursum
1260 3602 1291 3663 ad

215 3677 377 3747 aeteruain
401 3675 569 3759 perveniat
592 3672 811 3741 hereditatem.
853 3677 917 3740 Por
936 3676 1120 3746 Dominum.
