2712 4992
503 325 682 380 unacum
1088 307 1161 382 3⁵7

42 486 101 541 na,
127 461 188 545 qui
225 471 349 528 contra
373 463 455 524 hanc
478 464 654 526 cessionem
677 462 787 541 istam,
811 482 905 544 quam
926 479 984 544 ego
1008 465 1159 549 plenissi-

41 569 90 605 ma
123 547 309 610 voluntate
340 568 409 608 mea
438 567 496 628 pro
528 566 633 606 amore
660 543 792 604 Domini
817 544 917 605 nostri
943 547 1018 608 lesu
1040 548 1161 609 Christi

41 627 110 688 fieri
136 638 171 688 et
192 629 375 692 adfirmare
402 627 524 709 rogavi,
552 627 664 688 venire
687 627 862 703 conaverit,
887 626 1003 688 inferat
1021 627 1079 690 tihi
1103 629 1162 690 ista

41 721 105 770 tota
128 721 294 772 servante
318 731 384 772 una
409 731 482 770 cum
508 708 593 771 socio
620 706 713 784 fisco,
742 707 813 766 auri
835 708 946 769 uncias
970 720 1069 771 tantas
1090 730 1159 772 esse

41 792 230 871 multando,
255 803 294 856 et
314 813 463 876 praesens
487 789 586 853 cessio
601 789 688 849 omni
707 797 848 873 tempore
864 789 952 851 firma
968 801 1162 876 permaneat.

534 924 695 986 Pretorio.

123 1041 273 1106 XXVII.
318 1039 475 1102 Dominae
499 1047 625 1101 sanctae
647 1060 683 1098 ac
703 1040 975 1104 reverentissimae
998 1039 1162 1102 Ecclesiae

45 1122 190 1206 pagensi,
218 1123 279 1184 his
312 1123 517 1199 nominibus,
539 1142 620 1202 quae
646 1131 693 1181 est
722 1132 903 1183 constructa
930 1123 963 1183 in
987 1143 1068 1262 pago
1092 1123 1162 1200 illo,

46 1208 77 1263 in
105 1204 182 1264 loco
211 1205 312 1287 quod
344 1204 462 1267 dicitur
490 1204 563 1280 ille,
589 1223 648 1284 ego
673 1203 705 1260 in
734 1203 797 1264 Dei
826 1205 955 1265 nomine
978 1204 1047 1265 ile.
1088 1206 1163 1265 Om-

48 1287 137 1346 nibus
153 1307 227 1346 non
249 1287 393 1348 habetur
408 1286 607 1368 incognitum
625 1285 765 1364 qualiter
789 1307 840 1346 res
858 1285 1060 1369 proprietatis
1074 1305 1165 1347 meac

49 1371 79 1426 in
100 1388 186 1450 pago
212 1369 292 1445 illo,
315 1369 349 1428 in
372 1370 444 1430 loco
463 1367 516 1430 cui
542 1366 732 1427 vocabulum
758 1376 834 1428 sunt
861 1369 931 1430 illas
956 1375 989 1428 ct
1013 1368 1101 1445 illae,
1128 1369 1163 1428 in

51 1450 109 1508 iam
131 1449 225 1510 dicta
255 1451 342 1527 loca,
366 1450 401 1513 id
423 1459 479 1528 est,
503 1457 567 1510 tam
588 1448 713 1524 mansis,
737 1451 843 1509 omnia
867 1460 900 1510 et
924 1470 965 1511 ex
984 1449 1090 1509 omnia
1107 1471 1166 1544 per

50 1553 116 1591 mea
145 1533 306 1593 cessione
330 1533 369 1592 ad
390 1533 497 1592 lumen
521 1531 575 1592 vel
595 1529 784 1592 sacrificium
811 1531 851 1592 ad
879 1533 946 1614 ipsa
969 1552 1039 1592 casa
1060 1533 1122 1594 Der
1146 1533 1165 1592 d

49 1613 98 1672 die
125 1624 311 1696 praesente
344 1613 506 1696 delegavi;
538 1621 645 1694 postea
674 1613 713 1672 ad
743 1613 934 1693 petitionem
957 1636 1059 1675 meam
1079 1613 1164 1674 mihi

51 1715 114 1754 non
137 1695 336 1777 denegasti,
363 1696 424 1756 nisi
451 1705 487 1757 ut
509 1695 589 1776 ipsas
612 1715 686 1770 res,
712 1695 857 1774 quandiu
879 1695 1005 1774 advivo,
1024 1695 1103 1755 mihi
1122 1697 1163 1758 ad

51 1777 210 1836 usandum
238 1780 293 1838 vel
325 1775 579 1858 condirgendum
606 1786 764 1856 praestare
788 1777 957 1838 deberetis.
999 1779 1095 1854 Quod
1122 1779 1167 1838 ita

53 1859 261 1936 asteriscis,
289 1859 335 1920 sic
356 1859 464 1921 taliter
487 1868 522 1918 ut
547 1868 688 1939 tempore
712 1857 794 1917 vitae
813 1880 900 1919 meae
926 1859 1007 1941 ipsas
1031 1881 1085 1920 res
1105 1859 1165 1919 ha-

53 1941 125 2000 bere
149 1949 184 2000 et
211 1963 312 2002 usare
334 1941 385 2004 vel
417 1940 604 2020 condirgere
628 1939 777 2015 debeam,
811 1950 841 2000 et
867 1951 936 2022 post
957 1963 1064 2002 meum
1087 1963 1167 2022 quo·

55 2042 112 2102 que
133 2022 319 2085 discessum
340 2022 516 2084 cumomni
537 2042 572 2081 re
596 2020 816 2098 immeliorata,
836 2033 963 2104 agentes
984 2023 1082 2104 ipsius
1106 2025 1167 2084 Ec·

57 2102 169 2163 clasiae
193 2105 321 2187 absque
342 2113 524 2185 exspectata
544 2103 715 2162 traditione
737 2102 768 2161 in
798 2123 908 2164 eorum
932 2115 1085 2166 revocent
1105 2105 1165 2167 do-

56 2185 233 2246 minatione
265 2187 318 2248 vel
342 2195 507 2270 potestate.
546 2185 720 2266 Propterea
740 2183 837 2244 talem
857 2187 1033 2268 precariam
1055 2188 1095 2248 ad
1115 2187 1165 2270 ip-

58 2289 87 2326 sa
111 2287 181 2327 casa
210 2269 280 2330 Dei
299 2269 370 2330 fieri
398 2278 431 2328 et
450 2267 614 2326 adfirmare
636 2264 746 2347 rogavi
768 2275 802 2325 ut
827 2269 908 2349 ipsas
933 2291 983 2330 res
1008 2290 1068 2330 nec
1084 2289 1165 2329 ven-

61 2349 142 2423 dere,
173 2371 238 2410 nec
269 2351 411 2426 donare,
436 2371 498 2412 nec
527 2356 737 2424 commutare,
774 2369 833 2408 nec
861 2371 919 2432 per
938 2350 1037 2413 nullis
1063 2350 1166 2414 modis

60 2428 223 2511 nullisque
252 2433 392 2513 ingeniis
417 2431 456 2492 de
485 2431 551 2513 ipsa
568 2451 638 2490 casa
662 2430 723 2490 Dei
744 2429 937 2507 abstrahere,
960 2454 1019 2492 nec
1038 2433 1166 2491 minua-

61 2532 92 2570 re
117 2514 327 2590 pontificium
351 2535 416 2574 non
445 2513 589 2588 habeam,
612 2531 671 2570 nec
696 2533 764 2570 mea
783 2511 936 2592 possessio
960 2515 1051 2573 nullo
1075 2534 1165 2594 prac-

61 2593 178 2653 indicio
215 2595 310 2657 vohis
341 2617 401 2656 nec
434 2596 474 2655 ad
503 2595 570 2674 ipsa
594 2613 663 2653 casa
696 2592 756 2651 Dei
792 2613 884 2672 agere
919 2614 978 2654 nec
1011 2614 1166 2676 generare

65 2695 123 2732 nou
147 2677 287 2736 debeam
318 2698 379 2738 nec
405 2698 464 2757 ego
493 2676 572 2757 ipse,
601 2695 662 2734 nec
696 2673 781 2733 ullus
802 2676 840 2734 de
866 2673 1037 2736 heredibus
1064 2676 1164 2751 meis,

64 2777 120 2815 nec
144 2759 304 2837 quislibet
329 2763 471 2840 opposita
496 2777 639 2838 persona.
700 2757 796 2832 Quod
827 2756 853 2815 si
882 2757 1165 2833 attentaverimus,

65 2837 188 2899 nullum
217 2841 363 2900 obtineat
385 2840 543 2914 ellectum,
562 2847 595 2897 et
617 2837 748 2919 insuper
763 2838 936 2898 inferamus
960 2839 1101 2922 partibus
1115 2839 1167 2920 ip·

66 2919 125 2978 sius
156 2923 326 2983 Ecclesiae
355 2923 406 2981 vel
434 2922 498 2982 suis
527 2919 734 2995 Rectoribns,
765 2941 829 2979 una
855 2941 927 2979 cum
958 2922 1045 2983 socio
1077 2922 1188 2997 fisco,-

68 3002 262 3069 auriuncias
277 3012 377 3063 tantas
397 3025 464 3064 esse
483 3001 660 3077 multando,
675 3009 708 3060 et
728 3001 805 3060 alias
829 3002 987 3082 precarias
1000 3025 1058 3086 per
1073 3004 1167 3086 quin·

70 3086 247 3164 qucunium
270 3085 394 3148 fuerint
416 3093 593 3158 renovatas,
618 3082 675 3144 ista
691 3103 748 3164 per
769 3104 802 3143 se
821 3083 962 3149 obtineat
977 3086 1166 3149 firmitatem.

403 3219 585 3277 Praestarin
615 3217 659 3276 ad
684 3213 835 3283 Ecclesia.

148 3331 312 3398 XXVIII.
355 3333 391 3392 lu
417 3331 545 3393 Christo
567 3331 633 3390 filio
654 3329 723 3406 illo,
746 3330 778 3389 in
801 3331 861 3391 Dei
883 3331 1010 3393 nomine
1030 3332 1086 3394 ille
1113 3335 1167 3395 do·

75 3432 146 3474 num
165 3417 227 3477 Dei
249 3419 378 3485 Rector,
401 3414 456 3497 qui
485 3423 532 3474 cst
560 3421 664 3473 custos
691 3413 854 3472 Ecclesiae
884 3412 989 3488 illius,
1017 3426 1166 3496 quaeest

76 3505 251 3559 constructa
273 3499 305 3556 in
327 3517 407 3577 pago
434 3496 501 3572 illo,
525 3494 558 3553 in
589 3495 661 3553 loco
683 3494 769 3572 quod
798 3493 917 3554 dicitur
955 3494 1021 3556 ille.
1086 3498 1166 3561 Orn-

76 3576 164 3638 nibus
190 3603 257 3640 non
279 3579 414 3639 hahetur
436 3577 633 3657 incognitum
656 3575 794 3655 qualiter
818 3585 854 3636 tu
882 3597 933 3637 res
958 3577 1162 3659 proprietatis

77 3663 145 3718 tuae
159 3669 221 3721 tam
239 3663 323 3721 infra
343 3659 503 3721 civitatem
518 3679 612 3737 quam
629 3666 660 3718 et
672 3656 768 3716 aforis
790 3655 823 3715 in
845 3657 913 3738 ipso
935 3680 1025 3739 pago,
1047 3659 1080 3718 in
1094 3661 1166 3720 loco

78 3739 163 3801 cuius
193 3745 384 3804 vocabulum
405 3751 479 3802 sunt
512 3740 582 3800 illas
603 3750 636 3799 et
657 3737 739 3814 illas,
762 3739 794 3797 in
820 3761 882 3798 ram
900 3740 983 3800 dicta
1010 3741 1080 3801 loca
1104 3764 1168 3802 om·

79 3838 147 3880 nem
177 3846 245 3885 rem
265 3835 351 3884 tuam
374 3845 432 3904 per
465 3833 520 3882 tua
547 3819 751 3882 concessione
781 3821 820 3881 ad
845 3823 913 3906 ipsa
942 3843 1010 3882 casa
1030 3824 1092 3885 Dei
1112 3826 1169 3884 vel.

80 3899 142 3978 ipso
166 3905 259 3967 domo
278 3909 338 3968 Dei
363 3898 453 3965 anie
477 3913 643 3986 praesente
677 3901 839 3983 delegasti,
880 3904 994 3965 Postea
1019 3906 1059 3964 ad
1082 3907 1167 3988 peti-

80 3982 193 4046 tionem
220 3997 305 4048 tuam
324 4010 389 4047 nou
413 3986 656 4066 denegavimus,
687 3983 749 4043 nisi
775 3993 811 4043 ut
835 3983 917 4066 ipsas
941 4007 992 4046 res
1015 3988 1055 4047 ad
1076 4008 1190 4069 prae-.

82 4063 184 4126 stitum
216 4071 409 4131 beneficium
441 4068 497 4128 tibi
523 4075 680 4148 praestare
707 4065 901 4134 deberemus.
950 4068 1046 4146 Quod
1066 4069 1109 4130 ita
1136 4079 1170 4130 et

83 4144 221 4229 fecimus,
243 4152 288 4212 sic
300 4153 407 4213 taliter
427 4159 463 4209 ut
485 4159 626 4234 tempore
650 4148 733 4208 vitae
754 4157 829 4209 tuae
847 4149 929 4232 ipsas
952 4172 1079 4230 reaper
1098 4173 1169 4214 nos-

87 4232 130 4288 tro
154 4232 309 4298 beneficio
330 4233 521 4296 habere-vel
546 4231 732 4313 condirgere
759 4230 826 4293 sive
858 4253 947 4296 usare
970 4232 1103 4313 debeas,
1138 4243 1178 4304 et-
