2746 4992
476 275 738 334 rursnaroaun
1101 268 1175 344 259

42 475 43 480 ,
85 425 196 494 tis-uuo
215 416 606 505 locopluresEcclesiae
627 426 724 495 sunt,
753 416 974 495 destruantur·
1020 425 1118 505 Quod
1146 432 1180 496 si,

42 537 43 542 κ
84 517 155 577 forse
168 505 209 583 ,in
224 504 341 587 aliquo·
360 503 433 564 loco
455 502 496 562 sit
512 500 871 578 Ecclesiacoustructa,
887 526 976 586 ,quae
997 515 1106 577 tumen
1117 501 1176 582 ce·

84 588 204 657 cessaria
225 587 279 665 sit,
297 619 298 624 κ
313 595 345 648 et
366 584 449 645 nihil
472 584 555 646 dotis
575 583 741 660 babuerit,
765 585 912 648 volumus
935 599 971 650 ut
991 595 1173 664 secuudum

82 674 243 741 iussionem
271 667 391 732 Domni
413 677 446 728 et
468 666 631 728 Genitoris
652 667 753 727 nostri
781 687 865 730 unus
886 692 1016 734 mansus
1048 677 1177 744 duodo-o,

82 761 134 822 cim
153 751 316 814 bunuariis
344 752 383 812 de
406 759 490 810 terra
511 748 623 809 arabili
645 749 689 809 ibi
713 750 825 827 detur,
856 761 887 811 et
915 757 1076 840 mancipia
1108 761 1172 823 duo

42 831 43 838 ἵ
80 850 127 902 aut
144 835 252 898 liberis
272 832 457 895 hominibus
478 831 534 916 qui
556 831 604 892 ad
624 833 736 894 eadem
763 833 912 896 Ecclesia
941 838 1083 901 officium
1110 845 1180 910 Dei,
1266 857 1271 862 ’

81 919 340 996 audissemus,
369 924 405 976 ut
432 915 579 982 sacerdos
601 912 646 975 ibi
667 913 769 997 possit
789 937 857 978 esse
880 927 913 980 et
941 920 1068 986 divinus
1099 927 1183 990 cul-2

79 1018 123 1068 tus
139 1001 214 1064 fieri.
260 1001 359 1080 Quod
379 998 406 1060 si
427 997 490 1058 hoo
509 997 646 1092 populus
658 1000 763 1059 facere
784 999 933 1078 uoluerit,
958 1003 1172 1074 destruantur.

149 1086 201 1145 ll..
228 1081 402 1166 Sanguinis
424 1080 535 1142 effusio
556 1101 590 1140 1n
611 1081 757 1147 Ecclesia
785 1081 870 1143 facta
901 1102 976 1144 cum
1007 1089 1110 1169 ¹suste,
1144 1091 1173 1152 si

79 1169 232 1250 Presbyter
251 1166 368 1242 fuerit,
400 1164 433 1223 in
456 1163 554 1247 triplo
576 1171 804 1244 componatur,
836 1165 918 1227 duas
936 1177 1043 1250 partes
1064 1173 1181 1246 eidem,
1210 1183 1214 1190 '

79 1251 271 1332 Presbytero,
293 1247 421 1309 tertiam
441 1268 499 1328 pro
520 1245 611 1305 fredo
632 1245 673 1305 ad
692 1246 888 1324 Ecclesiam,
917 1245 1059 1333 'insu'per
1088 1256 1181 1328 bans,

79 1357 129 1395 nus
148 1341 263 1394 noster.
309 1329 464 1390 Similiter
485 1329 523 1390 dc
546 1328 692 1388 Diacono
713 1328 801 1388 iuxta
822 1333 1088 1414 compositionem
1101 1339 1171 1400 eius

79 1420 105 1477 iu
123 1415 213 1498 triplo
236 1435 314 1477 cum
334 1414 443 1475 banuo
464 1420 573 1472 nostro
601 1422 820 1495 componatur.
874 1416 923 1475 De
953 1417 1176 1484 subdiaconis·

79 1499 209 1562 similiter
224 1495 342 1579 triplos
363 1495 542 1568 secundum
563 1514 652 1555 suam
674 1495 951 1578 compositionem,
977 1497 1070 1561 etde
1093 1504 1170 1563 uni-

79 1581 254 1662 uscuiusque
277 1578 412 1640 Ordinis
434 1577 561 1640 Clerico
582 1578 761 1638 secundum
781 1600 872 1640 suam
902 1583 1170 1663 compositionem

78 1664 105 1724 in
121 1659 211 1746 triplo
231 1661 454 1745 persolvatur,
478 1660 610 1742 insuper
637 1663 746 1722 banuo
776 1671 896 1724 nostro.
947 1663 1104 1728 Similiter
1137 1677 1171 1730 et

80 1747 202 1806 deictus
222 1745 294 1807 sine
318 1743 481 1826 sanguinis
503 1742 656 1804 effusione
675 1745 714 1804 de
745 1744 999 1828 uniuscuiusque
1033 1750 1168 1814 Ordinis

80 1829 156 1888 Glcro
175 1829 356 1889 secundum
377 1849 466 1893 suam
488 1825 751 1912 compositionem
771 1827 869 1910 triplo
889 1830 1098 1908 persolvatur,
1120 1833 1170 1892 in.

80 1933 157 1993 super
174 1911 282 1971 banno
307 1919 424 1975 nostro.
466 1911 509 1969 Et
528 1908 585 1989 qui
607 1929 677 1968 non·
694 1909 790 1970 babet
812 1910 898 1969 unde
920 1911 960 1972 ad
985 1911 1167 1978 Ecclesiam
1193 1980 1194 1986 χ

79 1995 229 2082 persolvat,
254 1993 365 2054 tradat
382 2015 414 2053 se
437 1991 471 2054 in
494 1989 622 2054 servitio
644 1991 749 2052 eidem
770 1991 933 2054 Ecclesiae
955 2015 1057 2078 usque
1089 1997 1167 2060 dum

79 2085 162 2136 totum
182 2076 326 2150 debitum
346 2077 515 2158 persolvat.

143 2161 198 2220 lll.
239 2158 418 2220 statuimus
439 2158 478 2219 de
498 2154 695 2240 Presbyterir
715 2167 749 2226 et
775 2159 973 2223 Diaconibus
994 2163 1167 2226 ecclesias·

79 2240 128 2303 tico
145 2242 265 2303 honore
288 2242 440 2324 privatis,
472 2251 507 2302 ut
534 2241 720 2322 redigantur
740 2242 798 2302 sub
827 2245 1050 2326 poenitentia,
1083 2247 1166 2307 sicut

79 2325 202 2388 Canones
223 2324 438 2407 praecipiunt.
479 2322 567 2383 Etsi
588 2323 766 2406 Episcopus
788 2326 821 2382 in
842 2349 899 2386 sua
926 2329 1079 2408 parocbia
1103 2329 1166 2388 ba-

76 2405 161 2468 buerit
180 2407 428 2484 monasterium,
447 2405 502 2466 'ibi
525 2404 700 2493 mittaptur.
751 2408 848 2484 Quod
877 2409 904 2470 si
933 2413 1165 2472 monasterium

78 2491 290 2568 nou-habuerit,
312 2498 391 2548 tunc
403 2487 580 2570 praecipiat
591 2489 781 2571 Episcopus,
805 2499 839 2549 ut
855 2491 905 2551 illi
920 2493 998 2552 tales
1016 2493 1172 2566 habitent=

77 2569 101 2628 in
112 2572 160 2631 illa
171 2573 276 2654 plebe,
301 2573 388 2632 unde
402 2579 494 2640 sunt;
517 2579 553 2630 ut
565 2571 590 2630 si
610 2591 660 2634 res
674 2571 818 2653 proprias
834 2572 1017 2650 habuerint,
1041 2573 1165 2656 eligant

77 2651 121 2712 sibi
129 2665 304 2736 patronum,
323 2655 378 2737 qui
390 2653 428 2714 de
439 2651 514 2734 ipsis
525 2653 619 2714 rebus
630 2653 750 2714 victum
760 2661 793 2711 et
802 2655 1027 2717 vestimentum
1037 2657 1084 2718 eis
1099 2657 1163 2716 mi-

76 2735 176 2798 nistret.
204 2739 267 2822 Ipsi
288 2748 395 2798 tamen
410 2737 532 2797 nullam
543 2735 683 2796 habeant
693 2734 857 2796 licentiam
875 2739 1010 2820 vagandi
1022 2748 1076 2798 aut
1094 2739 1163 2800 dis-

76 2821 212 2898 currendi,
234 2821 302 2882 sive
320 2820 359 2880 ad
379 2819 509 2902 placita,
530 2819 594 2878 sive
617 2819 657 2879 ad
672 2818 836 2899 palatium,
855 2819 920 2880 sive
939 2821 979 2880 ad
998 2821 1083 2902 ipsas
1098 2842 1162 2896 res,
1220 2853 1222 2858 ·

76 2921 137 2982 quas
155 2903 296 2986 proprias
318 2911 390 2963 ante
413 2900 592 2977 habuerint,
616 2901 685 2960 sinc
708 2901 840 2961 licentia
856 2903 905 2962 sui
917 2903 1082 2986 Episcopi,
1103 2905 1162 2964 sed

75 2980 100 3042 in
125 2985 229 3047 codem
262 2987 356 3062 loco,
387 2984 442 3046 ubi
472 2985 680 3044 constitutum
710 2992 773 3060 est,
811 3005 899 3045 suam
927 2984 1160 3068 poenitentiam

77 3063 175 3147 iugiter
190 3077 294 3151 agant.
325 3069 420 3148 Quod
441 3067 467 3128 si
490 3067 551 3126 hoe
575 3089 640 3127 non
663 3065 910 3144 observaverint,
933 3069 1073 3151 primum
1089 3091 1159 3130 ver-

74 3145 180 3212 beribus
201 3162 420 3214 coerceantur.
462 3150 558 3227 Quod
580 3149 606 3208 si
638 3171 698 3210 nec
720 3149 765 3210 sic
795 3170 826 3209 se
850 3151 1091 3234 castigaverint,
1124 3152 1159 3214 iu

75 3229 119 3288 tali
136 3233 201 3294 loco
222 3237 445 3310 retrudantur,
467 3233 524 3292 ubi
545 3231 635 3292 velut
656 3233 716 3292 sub
737 3232 938 3314 poenitentia
958 3235 1074 3294 vivant.
1149 3281 1152 3288 .

139 3317 190 3378 IV.
230 3321 274 3379 Ut
296 3319 403 3378 nullus
425 3315 531 3376 ebrius
554 3337 642 3374 suam
664 3335 792 3376 causam
812 3313 844 3395 in
858 3315 955 3375 mallo
966 3317 1067 3398 possit
1078 3339 1161 3377 con-

75 3394 198 3477 quirere,
220 3422 281 3462 nec
302 3397 526 3462 testimon-ium
545 3397 663 3458 dicere.
704 3397 770 3458 Nec
791 3397 947 3480 placitum
970 3400 1084 3460 Comes
1099 3399 1158 3460 ha-

74 3473 217 3557 beatrici
238 3483 376 3546 ieiunus.
1146 3507 1148 3512 ·

141 3564 177 3625 V.
215 3571 265 3629 De
279 3565 548 3629 ,reclamatoribus
568 3565 620 3626 vel
641 3562 821 3640 causidicis,
845 3565 899 3648 qui
922 3583 982 3626 nec
1001 3562 1159 3628 iudicium

75 3639 261 3712 scabinorum
275 3651 479 3731 acquiescere
495 3663 560 3708 nec.
570 3647 791 3728 blasphemare
799 3649 924 3726 volunt,
938 3649 1068 3730 antiqua
1078 3670 1164 3726 con·⁴
1242 3683 1244 3690 ,

75 3730 188 3793 suetudo
210 3742 360 3808 servetur,
396 3731 429 3791 id
452 3740 514 3808 est,
538 3732 627 3791 utin
653 3729 798 3791 'custodia
819 3731 1031 3791 recludantur
1053 3733 1157 3798 donec

75 3823 158 3870 unum
177 3837 215 3877 ex
235 3817 357 3878 duobus
386 3814 516 3879 faciant.
566 3816 607 3875 Et
636 3812 661 3872 si
691 3813 730 3873 ad
761 3813 913 3895 palatium
948 3835 1005 3896 pro
1035 3809 1096 3874 bac
1123 3831 1172 3874 re⁴

74 3892 311 3974 reclamaverint,
341 3907 371 3958 et
391 3897 512 3959 litteras
535 3893 729 3971 detulerint,
761 3917 826 3955 non
850 3897 984 3978 quidem
1013 3895 1058 3956 eis
1087 3918 1158 3956 cre-

76 3967 164 4054 datur,
186 4003 243 4043 nec
263 3993 369 4042 tamen
392 3981 426 4038 in
451 4003 577 4042 carcerc
601 3967 777 4060 pennatum
814 3981 867 4038 sed
908 3999 982 4038 cum
1012 3979 1158 4038 custodia

76 4059 100 4109 el
116 4077 180 4121 cum
201 4065 276 4144 ipsis
298 4064 413 4126 litteris
434 4064 551 4146 pariter
573 4063 612 4122 ad
641 4061 795 4144 palatium
819 4071 961 4122 nostrum
989 4061 1162 4138 remittan-¹

75 4138 130 4209 tn,
149 4153 183 4202 ut
201 4147 245 4209 ibi
267 4146 479 4210 discutiantur
500 4148 583 4208 sicut
603 4145 737 4226 dignum
758 4153 816 4204 est.
1151 4205 1159 4222 Ι

142 4223 195 4292 tt
233 4231 281 4296 De
303 4230 604 4315 conspirationibus,
635 4226 823 4311 quicunque
844 4229 952 4320 facere
971 4247 1159 4314 praesump-
