2658 4978
190 248 262 320 160
410 262 545 316 aena.
650 261 887 316 carisomus
1005 273 1064 322 305.

188 418 370 470 nostrorum
401 405 444 464 lta
471 402 591 461 faciant
614 402 698 462 sicut
730 399 763 460 in
796 401 919 466 eisdem
946 407 1179 490 Cupitularibus
1207 433 1276 472 con·

185 494 318 553 tinetur.

267 571 343 635 Xll.
386 573 429 630 Ut
445 569 533 628 Missi
562 566 659 626 nostri
682 567 832 639 iustitias,
857 581 1015 652 quantum
1041 574 1190 658 temporis
1214 599 1278 656 qna-

184 658 257 718 litas
282 652 474 738 permiserit,
497 651 646 710 omnihus
670 650 890 728 indigentibus
913 656 1047 728 l'aeiant;
1074 658 1205 738 etquod
1225 681 1279 717 ruo·

185 742 226 801 do
245 760 303 820 pro
320 735 474 818 qualitate
497 734 547 792 vel
569 732 726 793 brevitate
743 736 895 814 temporis
912 740 1017 800 facere
1036 761 1103 800 uon
1117 741 1278 820 potueriat,

185 820 363 882 Comitibus
389 816 617 876 commendent
647 824 683 874 ut
713 825 859 897 tempore
891 841 1035 900 congruo
1059 822 1105 882 cis
1127 817 1231 900 legem
1254 834 1280 881 et

183 904 339 965 iustitiam
381 899 507 959 faciant.
572 899 614 957 Et
639 899 767 958 insuia
797 902 1038 966 memoriau'lrus
1066 905 1217 964 adnotent
1247 906 1279 965 de

182 987 299 1067 quibus
326 981 503 1044 Comitibus
526 980 855 1052 commemlaveruut;
880 995 914 1042 ut
933 986 958 1046 si
980 988 1100 1045 iter'um
1120 987 1169 1046 illi
1187 987 1279 1046 homi-

183 1091 239 1129 nes
265 1089 298 1128 se
321 1065 568 1125 reclamaverint
586 1063 673 1144 quod
699 1065 994 1128 iustitiamliabcrc
1020 1089 1087 1128 non
1110 1079 1278 1149 potuerunt,

182 1149 319 1231 nosipsi
340 1147 581 1234 investigemus,
604 1155 636 1204 et
659 1145 869 1210 decernamus
886 1171 986 1232 quare
1009 1151 1072 1212 hoc
1096 1151 1157 1233 ipsi
1186 1153 1277 1211 Conri-

181 1244 229 1296 tes
256 1232 458 1292 dimiserunt.

263 1313 360 1376 Xlll.
404 1315 448 1374 Ut
465 1309 491 1371 si
517 1309 665 1370 infideles
689 1311 789 1368 nostri
812 1335 845 1373 se
870 1314 1090 1375 adunaverint
1117 1316 1158 1376 ad
1183 1315 1279 1376 deras-

181 1397 336 1458 tationem
363 1394 455 1476 regni
477 1393 595 1469 nostri,
620 1392 730 1452 fideles
758 1397 874 1472 nostri,
904 1407 968 1455 tam
998 1399 1170 1480 Episcopi,
1187 1419 1279 1477 quam

182 1481 332 1554 abbates,
356 1488 387 1538 et
411 1476 563 1552 Comites,
587 1485 619 1535 et
637 1473 876 1538 Abbatissarum
897 1479 1065 1550 honnnes,
1099 1481 1163 1540 sed⁴
1177 1491 1207 1542 et
1231 1481 1279 1561 ipsi

185 1562 338 1634 Comites,
361 1583 397 1620 ac
425 1559 505 1618 vassi
533 1559 643 1634 nostri,
667 1579 723 1617 seu
746 1561 863 1620 caeteri
894 1564 1016 1644 quique
1043 1563 1156 1623 fideles
1178 1564 1232 1622 Dei
1251 1585 1278 1620 ac

189 1644 291 1704 nostri
315 1644 353 1703 dc
378 1641 622 1704 unomissatico
644 1663 676 1700 se
701 1641 732 1698 in
752 1665 851 1704 uuam
878 1647 1020 1705 adunare
1041 1655 1220 1726 procurent.
1248 1645 1279 1702 Et

181 1727 278 1788 atissi
298 1726 398 1786 nostri
418 1725 457 1784 dc
478 1724 546 1804 ipso
562 1724 719 1783 missatico
739 1728 971 1803 praudentium
993 1729 1136 1788 habeant
1159 1728 1278 1809 qualiter

189 1809 412 1888 unusquisque
425 1806 612 1887 Episcopus,
633 1807 685 1866 vel
707 1807 822 1890 Ablaas,
844 1831 897 1870 seu
916 1811 1096 1888 Abbatissa,
1119 1809 1277 1872 cumomni

190 1891 396 1972 plenitudine
409 1900 442 1948 et
459 1889 638 1948 necessario
651 1889 761 1950 hostili
775 1903 939 1972 apparatu,
956 1904 987 1954 ct
1006 1896 1047 1954 ad
1065 1905 1200 1976 tempus,
1220 1914 1278 1952 suos

189 1974 338 2034 homines
366 1973 445 2031 illuc
470 1971 680 2030 transmiserit
706 1994 779 2032 cum
802 1978 1056 2054 guntfanonario
1080 1979 1138 2060 qui
1166 1978 1202 2036 de
1227 1975 1278 2034 suis
1315 2004 1316 2030 i

186 2057 317 2139 paribus
340 2077 413 2114 cum
431 2054 531 2114 Missis
557 2055 672 2113 neutris
693 2056 850 2115 rationem
868 2056 1000 2118 habeat:
1025 2071 1058 2119 et
1081 2060 1216 2142 qualiter
1230 2056 1276 2138 ipsi

186 2138 328 2199 Comites
351 2147 384 2197 et
409 2137 488 2196 vassi
516 2137 627 2214 nostri,
650 2159 708 2196 seu
730 2141 847 2198 caeteri
864 2139 986 2220 quique
1011 2143 1075 2201 Dei
1097 2142 1222 2218 fideles,
1246 2139 1276 2201 ad

184 2221 248 2282 hoc
272 2219 492 2295 occurrerint,
515 2219 607 2278 uobis
637 2225 756 2302 scripto
786 2224 987 2284 renuntient.
1037 2227 1081 2286 Et
1110 2225 1136 2284 si
1164 2225 1200 2285 de
1225 2245 1276 2280 uno

182 2304 343 2365 missatico
371 2303 411 2362 ad
431 2299 493 2361 hoc
507 2302 692 2382 praevalere
712 2304 753 2362 ad
777 2326 841 2364 non
857 2306 1033 2386 potuerint,
1050 2308 1150 2367 alium
1163 2306 1274 2366 missati-

183 2409 256 2448 cum
282 2385 437 2448 celeriter
460 2385 572 2444 Missos
595 2385 844 2466 suosdirigant,
868 2379 1039 2466 et‘dmnes,
1064 2391 1148 2452 sient
1170 2388 1274 2470 praedi-

182 2471 311 2546 ximus,
342 2469 382 2529 de
413 2466 478 2526 alio
504 2475 664 2526 missatico
697 2468 737 2528 ad
764 2469 910 2550 illosqui
938 2471 1092 2553 indigent
1119 2467 1274 2553 praeparati

183 2561 365 2614 occurrant.
394 2549 479 2610 Etsi
502 2547 551 2608 illi
581 2547 645 2608 duo
673 2548 823 2611 missatici
847 2554 887 2612 ad
908 2552 971 2614 hoc
1000 2577 1066 2614 uon
1091 2553 1273 2616 suffecerint,

181 2637 275 2696 nobis
297 2635 338 2694 ad
362 2643 488 2714 tempus
515 2631 574 2691 lroc
599 2633 772 2711 mandent,
795 2636 936 2714 qualiter
968 2647 1022 2696 aut
1055 2659 1116 2720 per
1139 2659 1207 2712 nos,
1233 2643 1274 2692 urit

180 2741 240 2802 per
261 2718 367 2777 filium
395 2726 563 2790 nostrum,
586 2724 641 2773 aut
666 2715 749 2774 sicut
774 2717 969 2795 viderimuS,
1001 2720 1047 2780 cis
1081 2720 1272 2780 necessarium

181 2801 331 2864 solatium
353 2797 625 2872 transmittamus,
656 2808 816 2878 quatenus
849 2801 882 2859 in
913 2823 1012 2882 regno
1043 2813 1154 2863 nostro
1185 2803 1272 2859 uultus

180 2896 293 2946 noster
316 2881 457 2942 infidelis
484 2881 536 2941 vel
571 2881 750 2941 contrarius
775 2883 883 2942 locum
911 2885 1051 2944 nocendi
1077 2886 1197 2948 haheat.

263 2964 358 3028 XlV.
401 2967 443 3022 Ut
473 2961 569 3042 quia,
600 2963 683 3023 sicut
712 2965 909 3043 audivimus,
933 2967 1066 3046 quidam
1089 2969 1122 3027 in
1148 2965 1271 3028 domibus

180 3048 247 3111 sais
268 3047 413 3110 resident
436 3044 582 3126 quandiu
603 3067 714 3126 pacem
740 3046 858 3108 habere
886 3060 1042 3130 possunt,
1081 3060 1114 3111 et
1137 3073 1205 3111 cum
1227 3069 1271 3106 uc-

180 3131 309 3193 eessitas
329 3129 429 3202 venit,
453 3127 566 3189 dicunt
578 3149 611 3189 se
624 3127 656 3186 in
667 3138 810 3190 nostrum
824 3131 933 3192 venire
946 3131 1127 3210 servitium,
1143 3133 1270 3194 nolanus

181 3224 217 3273 ut
241 3213 358 3294 aliquis
383 3211 422 3271 de
449 3209 499 3270 his
521 3210 577 3291 qui
603 3209 635 3269 in
662 3210 717 3270 illa
743 3222 829 3272 terra
853 3223 1000 3290 manent,
1025 3228 1057 3276 et
1088 3238 1156 3277 eam
1180 3223 1269 3274 contra

182 3297 331 3356 inimicos
359 3301 484 3355 nostros
506 3292 682 3354 defendere
705 3294 836 3371 debent,
860 3297 1013 3378 deinceps
1038 3299 1124 3360 hauc
1150 3297 1269 3358 occasio-

182 3401 257 3439 nem
288 3379 420 3446 haheat;
451 3375 507 3436 sed
534 3397 608 3435 cum
631 3377 803 3438 necessitas
822 3378 937 3454 fuerit,
961 3382 1044 3441 sicut
1063 3381 1268 3462 praediximus,

183 3463 223 3524 ad
236 3463 351 3523 Missos
368 3470 492 3520 nostros
515 3458 606 3518 etad
626 3480 718 3539 pares
740 3483 814 3520 sues
836 3474 1016 3524 occurrant.
1038 3465 1082 3525 Et
1098 3465 1124 3526 si
1140 3485 1192 3522 nos
1212 3481 1267 3522 earu
1313 3471 1314 3534 ,

181 3544 370 3626 specialiter
389 3543 429 3602 ad
456 3563 514 3602 nos
536 3540 647 3601 venire
669 3544 940 3622 mandaverimus,
964 3554 1019 3605 aut
1040 3547 1108 3629 ipse
1132 3545 1213 3606 nobis
1228 3562 1267 3600 nc·

180 3628 351 3691 cessariam
372 3648 498 3685 eausam
518 3623 557 3683 de
576 3633 683 3684 nostra
699 3625 854 3688 fidelitate
878 3628 1028 3690 nuntiare
1053 3629 1198 3702 voluerit,
1217 3625 1266 3706 ple·

181 3712 366 3774 nitudinem
391 3707 563 3768 hominum
579 3707 607 3784 l)
627 3729 759 3767 suorum
781 3709 849 3772 illic
872 3711 912 3771 ad
943 3722 1084 3785 nostram
1106 3711 1265 3770 fidelitatem

181 3793 423 3876 exsequendam
451 3790 615 3866 dimittat,
644 3801 676 3852 et
702 3791 806 3852 Missis
833 3793 949 3868 uostris
981 3795 1034 3856 vel
1064 3793 1190 3878 paribus
1215 3786 1264 3849 suis

180 3879 244 3939 hoe
268 3887 381 3937 notum
404 3875 509 3934 faciat.
551 3872 657 3933 Aliter
685 3884 793 3934 autem
821 3875 853 3935 in
876 3877 999 3936 nullam
1022 3889 1142 3958 partem
1167 3875 1201 3934 de
1222 3869 1264 3928 illa

179 3973 267 4025 terra
290 3968 413 4042 pergat,
434 3957 496 4018 nisi
522 3977 596 4017 eum
620 3959 783 4017 communi
809 3959 944 4021 consilio
970 3961 1021 4019 vel
1044 3952 1264 4023 commendatio-

118 4037 121 4042 *
181 4069 223 4108 ne
249 4037 420 4106 Missorum
445 4049 646 4117 nostrorum,
670 4048 724 4100 aut
764 4043 967 4126 reliquorum
999 4041 1142 4104 fidelium
1162 4046 1263 4122 nostro-⁸

181 4151 270 4206 rum,
304 4125 360 4208 qui
383 4125 472 4185 illam
496 4133 616 4184 terrum
641 4122 818 4190 defendere
843 4126 970 4189 debent.
1012 4129 1054 4189 Et
1078 4124 1161 4189 Missi
1183 4124 1261 4182 nasta

182 4213 543 4232 ........-.-..--.

216 4237 249 4306 t)
269 4237 305 4296 al.
326 4235 377 4294 ms(
395 4236 522 4287 omm'um.
573 4259 576 4266 ·
