2786 4980
302 338 335 393 e.
354 335 437 394 can.
549 322 674 391 arcun
691 333 910 390 rasuconuu
1014 331 1079 393 sse.
1220 319 1269 394 59

157 473 290 559 fregerit
311 479 364 542 rel
389 474 556 560 infringit,
588 485 644 536 aut
662 473 723 536 tilii
745 473 813 536 cius
835 473 874 534 ad
901 475 1000 538 talem
1022 487 1146 559 partem
1173 482 1268 560 regni

156 578 250 640 quam
274 568 312 618 tu
330 569 445 620 contra
470 580 546 620 eum
566 570 728 640 acceptam
747 557 856 633 habes,
872 557 905 618 in
928 571 1086 638 quantum
1109 565 1269 627 Dominus

151 663 244 724 posse
266 641 407 718 dederit,
427 650 461 702 et
479 651 593 703 contra
616 642 722 724 ipsum
740 650 771 701 et
796 649 908 701 contra
931 642 1014 703 tilios
1034 645 1122 720 eius,
1146 669 1182 706 ac
1204 669 1269 706 om·

153 745 211 785 nes
227 724 287 806 qui
311 745 381 785 eam
404 724 464 784 tibi
485 726 614 785 auferre
639 723 807 784 volueriut
829 723 948 804 absque
971 725 1052 786 iusta
1077 737 1108 786 et
1130 729 1270 788 rationa-

149 806 213 866 bili
236 807 421 884 occasione,
443 806 469 866 si
495 817 531 866 tu
553 808 746 889 expetieris,
767 807 965 867 adiutorium
986 809 1045 868 tibi
1070 809 1269 873 defensionis

150 891 339 972 praestabo.
381 890 415 950 Si
446 899 549 950 autem
578 912 637 970 ego
667 899 699 950 te
724 888 954 972 supervixero,
977 891 1051 952 siliis
1080 894 1143 954 tuis
1168 896 1269 955 talem

152 982 286 1054 partem
303 973 398 1054 regni
414 993 508 1052 quam
523 981 556 1031 tu
577 979 690 1031 contra
710 993 760 1031 me
782 981 814 1031 et
829 992 936 1032 meum
956 975 1086 1034 fratrem
1104 988 1268 1058 acceptam

155 1055 274 1132 habes,
297 1078 364 1116 non
385 1057 538 1132 auferam,
558 1055 614 1116 sed
638 1053 846 1120 consentiam.
889 1055 930 1115 Et
950 1055 975 1116 si
998 1057 1055 1137 ipsi
1080 1060 1131 1118 rel
1155 1060 1267 1122 fideles

159 1137 298 1197 illorum
319 1137 509 1220 expetierint
528 1137 724 1197 defensionis
741 1137 936 1198 adiutorium
950 1149 1063 1200 contra
1080 1139 1183 1222 ipsum
1205 1145 1268 1201 sra-

160 1229 247 1280 trem
263 1231 406 1282 nostrum
421 1229 453 1280 et
468 1219 548 1280 filios
562 1220 641 1297 eius,
662 1242 698 1280 ac
714 1241 835 1298 omnes,
852 1230 887 1280 ut
910 1242 978 1280 eam
1001 1232 1111 1282 tenere
1132 1225 1266 1306 possint,

160 1303 358 1363 adiutorium
380 1305 413 1362 in
438 1311 595 1382 quantum
617 1311 731 1383 potero
749 1303 938 1383 praestabo,
960 1305 986 1364 si
1004 1315 1040 1364 tu
1064 1314 1120 1364 aut
1134 1307 1194 1366 filii
1216 1306 1265 1366 tui

154 1385 296 1468 idipsum
322 1385 517 1446 adiutorium
533 1384 614 1445 mihi
633 1385 889 1470 praestaveritis,
911 1395 944 1447 et
965 1409 983 1448 a
1005 1386 1098 1451 nobis
1120 1410 1177 1454 vos
1198 1409 1266 1448 uon

144 1467 413 1535 *dissociaveritis

379 1647 809 1712 TITULUS
871 1647 1038 1715 XVII.

213 1803 416 1846 PRAECEPTUM
445 1803 708 1844 courtsus'rronts
738 1804 797 1844 PRO
821 1803 966 1844 secessu
997 1805 1200 1846 ronnacenst.

145 1901 302 1972 'Datum
331 1903 435 1994 apud
468 1900 507 1972 V
505 1901 703 1970 ermeriam
731 1873 920 1970 Palatinis
949 1904 1113 1990 regium,
1157 1899 1263 1974 VIII.

206 2003 397 2071 Kalendae
427 1998 619 2089 Augusti,
663 2025 763 2070 anno
807 2000 945 2069 Christi
977 2001 1215 2074 DeOcLlV.

433 2100 573 2171 Keroli
604 2099 713 2170 Calvi
737 2098 855 2191 Regis
881 2100 968 2177 XV.

148 2231 338 2365 Kanoeus,
361 2287 461 2370 gratia
475 2286 537 2348 Dei
557 2287 637 2348 Rex.
680 2287 765 2365 Quia
785 2289 983 2352 venerabilis
1005 2290 1057 2352 vir
1076 2290 1188 2365 lmmo,
1201 2290 1265 2351 No·

149 2370 367 2450 niumagensis
386 2381 482 2452 atque
502 2371 718 2431 Tornacensis
737 2371 903 2432 Ecclesiae
924 2373 1114 2455 Episcopus,
1137 2374 1263 2433 utilita-

149 2465 218 2515 tem
238 2455 298 2514 sibi
323 2455 510 2514 commissae
535 2453 700 2514 Ecclesiae
724 2463 757 2513 et
776 2455 998 2516 necessitatem
1021 2457 1264 2516 Canonicornm

152 2559 285 2599 suorum
305 2537 510 2618 praevidens,
533 2536 657 2596 scilicet
679 2546 716 2596 ut
743 2537 839 2597 rebus
859 2538 1074 2598 exterioribus
1098 2537 1263 2615 adhibitis,

154 2620 299 2680 divinum
320 2621 445 2680 cultum
465 2642 501 2680 ac
519 2619 734 2680 ministerium
758 2619 880 2701 proprii
900 2620 999 2680 ossrcii
1030 2621 1164 2682 liberius
1187 2643 1265 2701 pos-

152 2703 193 2762 sit
212 2704 364 2784 explere,
388 2704 537 2762 deferens
557 2702 766 2782 privilegium
790 2701 951 2784 quoddam
972 2702 1210 2762 venerabilium
1223 2703 1265 2762 E-

148 2786 357 2867 piscoporum
374 2793 554 2844 nostrorum
576 2785 722 2844 manibus
745 2785 941 2861 roboratum,
964 2783 1083 2866 inquo
1106 2785 1265 2866 quaedam

147 2889 200 2927 res
224 2868 264 2924 ad
284 2889 359 2926 usus
379 2867 595 2948 praefatorum
613 2867 851 2928 Canonicorum
868 2889 1000 2927 suorum
1022 2868 1187 2949 delegatae
1210 2867 1265 2926 de-

144 2949 349 3026 tinebantur,
371 2949 539 3010 humiliter
556 2951 650 3030 petiit
672 2959 707 3008 ut
722 2949 754 3009 id
767 2950 957 3031 easdemque
977 2973 1028 3011 res
1047 2973 1120 3010 cum
1139 2971 1263 3032 appen-

147 3032 246 3110 diciis
264 3032 329 3092 suis
352 3030 533 3114 praedictae
551 3032 715 3093 Ecclesiae
739 3042 865 3092 sanctae
882 3035 942 3094 Dei
962 3035 1126 3118 genitricis
1142 3032 1262 3095 blariae

145 3135 278 3194 semper
296 3114 451 3196 Virginis,
470 3115 501 3172 in
522 3117 663 3197 praefata
684 3114 809 3175 civitate
825 3118 971 3180 Tornaco
987 3121 1077 3195 sitae,
1100 3119 1133 3177 in
1149 3117 1260 3179 usibus

147 3219 185 3257 ac
203 3196 372 3278 stipendiis
395 3196 594 3257 Clericorum
613 3197 732 3257 ibidem
752 3199 891 3260 Domino
910 3201 1121 3262 servientium
1141 3223 1262 3283 perpe-

146 3280 284 3339 tualiter
310 3279 491 3357 habendas,
515 3279 632 3339 uostris
656 3280 916 3344 confirmaremus
947 3285 1071 3349 edictis.
1113 3285 1261 3344 Fuerunt

146 3383 289 3442 namque
317 3361 513 3444 temporibus
534 3372 769 3422 antecessorum
794 3365 863 3424 eius
886 3367 1099 3449 praescriptae
1122 3365 1261 3426 civitatis

146 3445 353 3506 Clericorum
373 3445 483 3505 usibus
506 3446 693 3528 applicatae,
716 3447 793 3507 villa
809 3447 1014 3509 Lamedinius
1032 3471 1109 3526 ,curn
1127 3449 1261 3528 integri·

146 3536 214 3587 tate
235 3549 309 3605 sua,
346 3537 378 3588 et
401 3528 554 3588 mariscus
578 3549 661 3590 unus
695 3527 728 3586 in
755 3528 956 3590 Flaudreuse
991 3553 1094 3612 pago,
1130 3551 1259 3589 necnon

148 3609 246 3669 etiam
262 3611 404 3671 decimae
425 3611 538 3692 populi
561 3610 648 3670 iuxta
663 3611 826 3692 antiquam
841 3614 1109 3673 consuetudinem
1123 3613 1163 3671 ad
1181 3633 1261 3670 eun·

147 3691 225 3752 dem
238 3694 345 3752 locum
357 3693 557 3759 confluentis.
598 3695 769 3752 Praeterea
785 3691 948 3752 abeodem
968 3694 1156 3756 venerando
1175 3696 1260 3754 Pon-

145 3773 234 3834 tifice
257 3777 430 3856 acquisitae
447 3797 498 3836 res
516 3785 547 3836 et
569 3775 809 3857 superaelicctae
832 3785 907 3834 suut
926 3775 1004 3846 hae,
1029 3778 1061 3837 id
1074 3785 1131 3851 est,
1153 3775 1184 3833 in
1202 3798 1258 3856 pa-

146 3877 187 3936 go
207 3857 454 3938 liragbautense,
478 3858 510 3916 in
531 3859 603 3919 loco
622 3857 679 3939 qui
698 3857 819 3916 dicitur
846 3858 954 3935 vitta,
979 3859 1137 3940 quicquid
1159 3859 1258 3918 Hrot-

146 3939 268 3998 scindis
288 3943 360 3999 Deo
379 3941 494 3999 devota
516 3940 548 3997 in
574 3942 688 4000 eodem
711 3940 784 3999 loco
803 3938 950 4000 babuisse
973 3941 1197 4025 cognoscitur,
1218 3940 1259 4000 ad

144 4030 270 4102 partem
292 4023 474 4103 praedictae
496 4022 661 4082 Ecclesiae
687 4022 841 4099 tradidit,
875 4045 1002 4084 necnon
1028 4037 1059 4085 et
1086 4021 1259 4082 mariscum

144 4105 182 4162 in
220 4125 301 4186 pago
332 4105 522 4170 Flandreusi
550 4125 647 4184 quem
686 4105 816 4186 Otgisus
844 4105 1018 4188 Presbyter
1046 4116 1079 4166 et
1106 4105 1257 4186 Butgisus

88 4199 96 4204 ’
145 4207 315 4268 germanus
330 4187 398 4248 eius
419 4189 519 4247 trater
537 4191 698 4267 praelatae
724 4188 891 4248 Ecclesiae
913 4190 1140 4267 coutulerunt,
1171 4191 1259 4250 telo·

145 4289 246 4330 neum
264 4269 360 4330 etiam
379 4273 540 4355 praetatae
559 4269 697 4332 civitatis
719 4271 946 4351 Tornacensis,
976 4281 1008 4334 et
1033 4272 1166 4356 insuper
1193 4273 1257 4333 Νο-
