2658 4978
213 365 244 419 a.
272 361 340 417 cuns
454 355 582 415 arcun
598 323 817 416 rnsrcosun
922 326 988 427 'ssa
1077 331 1146 408 tuo

83 520 111 570 nt
126 504 295 587 promissam
317 500 412 560 fidem
438 497 574 580 glorioso
594 499 673 581 Regi
693 495 813 560 Karolo
835 496 998 576 observet,
1020 502 1052 564 ct
1075 487 1145 576 ipse

80 602 104 658 ot
118 589 264 650 Brittones
296 583 576 645 excommunicatis
597 579 886 657 communicantes,
913 577 973 663 ipsi
999 596 1039 646 te,
1060 595 1149 640 saura

80 669 283 734 communione
307 687 371 725 non
394 665 532 748 privent.
1017 679 1020 686 ’

74 789 132 862 (De
153 783 263 845 litteris
281 779 406 858 Synodi
421 779 464 838 ad
481 779 639 840 Brittones
660 759 954 851 encominuitientos,
972 775 1082 858 quibus
1102 776 1159 852 ³¹¹².

236 865 265 921 si
289 883 321 920 se
350 863 507 940 corrigant
517 905 529 932 ,
559 861 722 920 anatliema
751 860 964 936 intentatum).

139 977 194 1040 lx.
232 975 281 1036 Ad
306 980 494 1034 memoratos
511 993 642 1053 quoque
655 970 943 1032 excommunicatos
964 970 1147 1052 sanctasy-

72 1062 161 1122 nodus
183 1059 302 1120 litteras
331 1055 465 1132 ‹lirexit,
488 1055 597 1135 eisque
624 1074 725 1132 usque
753 1053 794 1114 ad
813 1054 953 1114 futuram
974 1053 1149 1133 proximum

72 1142 222 1214 synodum
254 1137 437 1217 corrigendi
466 1137 600 1218 spatium
619 1135 746 1212 tribuit,
781 1154 915 1194 monens
935 1134 1149 1198 ecclesiastica

70 1215 176 1306 pietate
197 1231 231 1282 nt
252 1227 484 1281 convertantur
504 1227 537 1280 et
562 1218 684 1288 vivaut;
707 1217 794 1299 quia,
816 1215 877 1279 nisi
894 1235 930 1276 se
951 1217 1150 1282 correxerint

71 1308 99 1366 in
116 1307 218 1366 futura
236 1301 365 1387 Synodo
391 1299 533 1385 generali
556 1297 765 1362 unanimitate
785 1297 984 1362 anathemate
1011 1297 1149 1362 terribili

71 1389 224 1455 ferientur,
1132 1389 1136 1398 “

71 1503 128 1576 (De
149 1501 296 1587 Capitulis
321 1499 509 1584 quibusdum
533 1498 567 1557 in
592 1494 724 1574 Synodo
746 1497 887 1575 relectis,
912 1497 952 1558 dc
976 1486 1086 1582 quidni
1103 1496 1150 1557 in·

313 1596 361 1643 ter
384 1581 555 1667 Episcopus
574 1593 641 1641 erat
659 1580 899 1658 controuersia).
979 1599 984 1610 ’

142 1697 180 1758 X.
217 1697 349 1770 Reiecta
376 1704 451 1757 sunt
479 1693 619 1776 denique
644 1692 679 1752 in
708 1694 819 1756 eadem
844 1693 975 1778 Synodo
995 1690 1151 1788 quaedqrn

72 1778 205 1859 Capitula
227 1801 324 1862 super
339 1779 454 1859 quibus
476 1776 679 1858 quorundam
696 1777 830 1836 fratrum
851 1797 962 1838 sensus
982 1775 1150 1868 dispentire

72 1861 243 1941 probantur.¹
286 1863 378 1921 Unde
400 1860 552 1921 convenit
567 1859 651 1918 inter
668 1857 842 1941 Episcopus
862 1867 897 1919 ut
913 1861 984 1920 Deo
1007 1859 1151 1934 furante,

72 1960 139 2021 pace
159 1965 193 2004 ac
213 1942 446 2025 tranquillitate
465 1947 664 2022 recuperata,
684 1939 779 2001 simul
801 1937 1003 2016 conveniant,
1026 1947 1057 2002 et
1075 1943 1152 2021 p'ro-

73 2024 134 2084 latis
152 2034 330 2086 sanetarum
350 2025 585 2105 scripturarum
607 2030 701 2104 atque
723 2022 954 2084 catholicorum
976 2025 1154 2102 Doctorum

72 2106 235 2184 sententiis,
256 2127 338 2190 quae
355 2107 480 2167 saniora
499 2113 576 2168 sunt
595 2104 747 2166 concordi
771 2104 955 2166 unamitate.
967 2111 1154 2188 sequautur.

90 2221 153 2301 (De
174 2209 388 2282 conseruando
408 2221 572 2304 priuilegio
596 2221 784 2282 Monusterii
811 2219 920 2282 Sancti
942 2193 1132 2297 Benedicti).

143 2333 200 2396 XI.
241 2335 385 2414 Tandem
415 2335 588 2418 postulavit
614 2334 782 2397 humiliter
811 2335 957 2418 Synodus
984 2331 1153 2416 generalis,

76 2416 160 2476 read
189 2427 305 2478 terram
325 2439 426 2499 usque
456 2428 660 2500 prosternens
689 2427 761 2479 ante
788 2418 943 2480 Karulum
973 2419 1093 2498 Regem
1124 2424 1156 2477 et
1181 2433 1191 2453 ⁸
1215 2467 1219 2476 .

76 2498 235 2560 Rodulfum
255 2500 435 2582 Biturigum
452 2498 749 2584 Arcbiepiscopum,
772 2499 943 2560 obsecrans
961 2508 992 2560 et
1005 2497 1155 2560 adiurans

75 2601 126 2660 per
143 2602 268 2642 crucem
288 2591 323 2644 et
348 2583 467 2644 Christi
490 2580 677 2664 sanguinem
703 2590 739 2642 nt
767 2580 972 2664 privilegium
994 2588 1156 2641 monaste·

76 2661 111 2719 rii
129 2664 223 2724 sancti
243 2664 430 2742 Benedicti,
451 2663 538 2745 quod
560 2672 722 2724 annuente
742 2664 829 2745 Rege
850 2664 993 2747 praefato
1014 2659 1157 2722 firmave-

77 2753 152 2820 rant,
173 2745 324 2828 quodque
348 2746 433 2810 idem
449 2745 606 2807 Rodulfus
628 2745 867 2826 subscripserat,
889 2743 1157 2826 (quipraeiatam

77 2825 218 2887 abbatiam
253 2827 481 2910 inregulariter
504 2827 634 2889 tenebat
657 2832 717 2912 p),
748 2834 854 2887 ratum
875 2836 907 2888 et
930 2823 1157 2886 inconvulsum

76 2928 188 2970 servare
207 2909 387 2977 studerent.
428 2909 524 2988 Quod
541 2909 566 2970 si
587 2909 690 2970 Abbas
707 2907 875 2991 negligens
894 2917 926 2973 et
941 2906 1036 2973 sacris
1058 2925 1156 2988 regu·
1175 2931 1177 2938 ·

76 2987 110 3049 lis
127 2990 356 3054 inconveniens
373 3013 433 3074 por
455 2992 593 3053 directos
607 2991 720 3052 Missos
741 2989 1020 3068 inventusfuerit,
1041 2988 1080 3052 ab
1101 3007 1156 3050 ea-

77 3068 138 3130 dem
165 3073 355 3156 paternitate
382 3083 601 3150 remoreatur,
624 3082 656 3134 et
676 3073 757 3135 alius
782 3072 840 3155 qui
864 3073 979 3157 dignus
1006 3077 1156 3156 repertus

77 3153 162 3215 fuerit
184 3155 408 3233 substituatur,
439 3164 473 3216 et
498 3154 662 3238 privilegii
688 3155 844 3238 regularis
866 3154 1054 3232 (auctoritas
1069 3158 1100 3238 q)
1121 3151 1155 3214 in

78 3235 176 3297 eodem
193 3237 384 3298 monasterio
406 3259 598 3319 quacunque
622 3236 789 3300 occasione
807 3259 872 3300 non
892 3238 1095 3302 destituatur.

94 3349 152 3424 (De
166 3352 237 3412 aliis
255 3371 334 3433 quae
355 3351 519 3434 specialius
545 3349 711 3412 in'eodem
734 3350 869 3428 Synodo
894 3365 1012 3414 statuta
1037 3357 1136 3430 sunt).

144 3462 218 3527 XII.
257 3465 343 3528 Haec
363 3465 403 3526 de
418 3463 607 3548 'praecipuis
628 3464 662 3524 in
681 3463 792 3524 eadem
809 3485 895 3525 sacra
914 3465 1044 3548 Synodo
1063 3465 1155 3526 fuere

78 3554 187 3607 statuta.
228 3548 395 3608 Caeterum
422 3547 572 3630 specialia
596 3546 636 3607 de
665 3545 846 3628 quibusque
868 3545 1039 3628 parochiis,
1060 3555 1158 3624 prout

77 3627 169 3688 risum
190 3627 267 3706 fuit,
288 3629 467 3690 secundum
491 3626 735 3692 ecclesiasticam
763 3629 984 3690 auctoritatem
1016 3626 1156 3702 delinita,

79 3709 271 3803 etepiseopis
286 3710 320 3771 in
339 3711 476 3795 propriis
494 3709 655 3798 parochiis
673 3719 748 3772 sunt
763 3709 803 3772 ad
818 3708 1060 3794 exsequendum
1074 3729 1158 3772 com·
1209 3789 1210 3792 Ἴ

80 3811 168 3853 nassa.

81 3904 141 3980 [Dr
157 3908 299 3991 precibus
315 3929 391 3991 qum
407 3911 490 3970 inter
504 3931 536 3969 se
557 3907 770 3970 condixerunt
788 3904 940 3993 Episcopi
961 3907 1016 3990 qui
1037 3904 1082 3966 ud
1094 3881 1155 3969 'hoc
1236 3945 1237 3950 κ

402 3992 575 4053 Concilium
597 3995 829 4067 convenerunt).

147 4093 240 4164 Xlll.
281 4095 408 4159 Placuit
432 4095 591 4173 omuibus,
613 4105 649 4157 ut
671 4095 833 4173 ereditur,
862 4091 1016 4156 instinctu
1037 4091 1157 4177 divino,

108 4268 137 4336 p)
154 4269 256 4324 Desunt
273 4269 302 4322 iu
316 4269 350 4322 al.
369 4268 454 4325 Codd.
721 4268 755 4339 q)
774 4266 808 4321 alt
828 4283 874 4320 ms.
892 4277 985 4319 status.
