2786 4980
240 345 275 401 s.
295 343 373 397 cna.
483 337 615 395 nncun
649 339 865 396 rutineoann
977 344 1041 398 sas.
1183 327 1232 400 43

118 484 230 562 fuerit,
254 490 362 542 nostra
392 478 588 539 auctoritate
613 477 782 549 addamne
811 478 866 538 ubi
896 501 973 541 vero
1000 482 1233 546 indiscretione

115 568 339 652 praelatorum
358 562 580 643 superfuerit,
613 561 653 620 ad
679 583 859 622 mensuram
889 564 1082 642 redigamus.
1127 567 1237 646 lnqui-

114 659 191 710 rant
214 666 347 728 quoqne
369 653 450 722 quot
472 654 617 723 tempore
642 645 692 705 avi
722 644 821 704 nostri
850 646 962 704 Karoli
986 657 1016 706 et
1039 650 1157 708 llonini
1181 671 1237 726 gc·

116 731 237 792 nitoris
260 727 362 789 nostri
379 725 576 786 Hludouvici
599 747 798 807 unoquoque
817 725 849 784 in
866 728 937 787 loco
953 731 1085 797 lin-rint,
1105 739 1137 812 et
1157 740 1237 811 quirit

116 813 218 874 modo
231 813 309 886 sint,
332 818 366 870 et
386 809 441 867 ubi
456 809 525 868 loca
547 830 564 867 a
585 809 792 869 Nortmannis
813 808 879 868 sivo
902 833 919 870 a
941 809 1142 890 quibuslibet
1164 814 1236 874 aliis

118 896 291 957 destructa
311 900 387 952 sunt
411 900 443 950 et
464 890 590 972 penitus
613 889 796 966 adnullata,
827 903 906 970 qunt
928 892 969 952 ibi
993 917 1081 954 nnnc
1105 906 1236 976 propter

118 977 441 1060 paucitatemrerum
457 983 487 1033 et
497 967 742 1032 devastationem
759 973 940 1034 earumdem
953 979 1102 1038 constitui
1118 980 1167 1036 rel
1180 999 1235 1036 or-

125 1053 238 1120 dinari
257 1056 391 1138 possint,
408 1066 444 1115 ut
458 1055 529 1116 inde
550 1076 623 1114 eum
644 1077 802 1116 consensu
825 1054 968 1116 fidelium
985 1071 1162 1119 nostrornm
1185 1081 1234 1119 or·

128 1141 283 1202 dinemns
298 1137 378 1218 quid
399 1137 437 1197 de
461 1147 584 1197 caetero
606 1137 765 1218 agendum
784 1138 834 1197 sit.
878 1140 918 1198 Et
940 1142 1081 1220 qualiter
1097 1142 1234 1200 abbatia·

128 1245 206 1284 rum
226 1218 379 1302 praelati,
412 1229 443 1278 et
463 1220 494 1278 in
526 1219 606 1278 locis
636 1219 731 1279 sacris
756 1219 989 1298 inhabitantes,
1019 1225 1058 1284 de
1081 1224 1232 1304 hisquae

126 1303 220 1365 Missi
243 1301 342 1361 nostri
361 1301 602 1382 praeceperint,
637 1301 836 1380 obedierint,
875 1305 966 1364 nobis
986 1305 1232 1388 diligentissime

125 1393 160 1446 et
182 1384 380 1468 capitulatim
400 1386 551 1444 referant.

359 1467 433 1539 (De
454 1465 657 1525 Mouasteriis
678 1467 712 1525 in
734 1465 858 1528 alodem
881 1467 993 1550 datis.)

203 1549 244 1613 ll.
287 1549 333 1608 Ut
353 1548 444 1608 Missi
463 1549 563 1608 nostri
586 1548 760 1628 diligenter
782 1549 977 1630 investigent
1005 1575 1063 1636 per
1089 1551 1233 1632 singulas

117 1629 311 1714 parochias,
335 1630 431 1690 simul
449 1652 523 1691 cum
542 1630 720 1711 Episcopo,
743 1631 782 1692 de
805 1635 1002 1696 monasteriis
1025 1658 1107 1716 qnae
1127 1636 1233 1694 Deum
1281 1651 1285 1658 '

119 1715 276 1772 timentes
300 1711 333 1770 in
356 1712 421 1772 suis
443 1712 692 1792 proprietatibus
708 1713 969 1794 aedificaverunt,
993 1729 1080 1778 etue
1102 1717 1140 1776 ab
1159 1717 1232 1778 line·

122 1795 260 1857 redibns
276 1816 385 1854 eorum
406 1793 647 1870 dividerentur,
668 1796 856 1874 parentibus
877 1807 909 1858 et
932 1799 1231 1878 praedecessoribus

124 1876 247 1938 nostris
266 1876 323 1936 sub
341 1876 547 1937 immunitatis
573 1877 761 1936 defensione
783 1878 998 1958 tradiderunt,
1016 1892 1048 1942 et
1067 1891 1175 1964 postea
1196 1879 1230 1940 iu

127 1959 261 2018 alodem.
275 1969 347 2019 sunt
363 1959 449 2028 data;
473 1967 508 2017 nt
521 1959 702 2019 describant
721 1981 801 2040 quae
820 1959 896 2037 sint,
919 1973 949 2023 et
970 1987 1067 2045 aquo
1087 1965 1136 2024 vel
1160 1963 1232 2043 qni-

124 2041 190 2100 bus
207 2041 240 2098 in
261 2040 487 2121 proprietatem
512 2040 584 2102 data
609 2050 705 2117 sunt,
739 2051 771 2101 et
793 2043 885 2102 nobis
907 2048 1094 2107 renuntiare
1116 2067 1232 2126 procu·

122 2131 200 2183 rent
211 2147 220 2194 ς
251 2133 285 2181 ut
303 2145 375 2182 cum
390 2121 557 2204 Episcopis
574 2133 605 2183 et
623 2124 756 2184 caeteris
776 2124 923 2186 fidelibus
941 2131 1055 2190 nostris
1079 2128 1230 2189 conside-

120 2225 232 2264 remus
258 2204 337 2284 quid
361 2214 395 2266 et
415 2205 555 2286 qualiter
576 2205 668 2281 inde,
690 2208 868 2268 secundum
892 2211 953 2270 Dei
975 2213 1175 2273 voluntatem
1196 2216 1230 2268 et

120 2296 269 2346 nostram
285 2288 431 2363 sulutem,
453 2308 546 2367 agere
572 2288 753 2349 debeamus.
969 2325 971 2332 ι

251 2371 317 2444 (De
334 2369 471 2450 Capellis
492 2381 522 2427 et
537 2368 712 2430 Abbatiolis
734 2371 767 2430 in
785 2372 969 2453 benificium
989 2373 1104 2452 datis.)

205 2449 266 2514 Ill.
307 2455 351 2511 Ut
379 2451 467 2511 Missi
489 2451 591 2510 nostri
607 2473 666 2533 per
688 2453 829 2534 singulas
854 2457 1037 2536 parochias,
1061 2478 1124 2517 una
1150 2480 1225 2520 enm

121 2531 281 2614 Episcopo
301 2532 473 2614 parochiae
492 2533 601 2612 ipsius,
622 2536 791 2614 requirant
816 2537 855 2596 tle
879 2538 1020 2618 Capellis
1044 2547 1076 2596 et
1102 2541 1141 2600 dc
1164 2539 1228 2599 Ab·

121 2615 251 2674 batiolis
274 2615 409 2676 excusis
427 2615 489 2676 Dei
511 2615 543 2675 in
563 2615 759 2676 beneficium
778 2619 870 2693 datis,
893 2620 996 2699 qualis
1019 2641 1134 2680 census
1173 2622 1226 2680 in-

125 2697 164 2756 de
179 2706 286 2773 exeat,
310 2707 346 2756 ut
366 2697 512 2758 Ecclesia
527 2697 567 2757 de
590 2720 652 2780 qua
667 2709 742 2760 sunt
767 2701 885 2760 exinde
917 2702 1102 2760 vestituram
1126 2700 1226 2761 habe-

121 2799 158 2838 re
179 2779 288 2858 possit,
312 2779 453 2839 etnobis
477 2781 683 2858 renuntient,
724 2791 760 2842 ut
793 2782 853 2841 hoc
885 2791 992 2842 nostra
1033 2784 1224 2844 auctoritate

119 2861 367 2921 commendetur
400 2864 495 2940 atque
522 2861 668 2923 firmetur
701 2873 733 2924 ct
758 2865 936 2924 secundnm
962 2865 1148 2944 qualitatem
1170 2866 1225 2928 vel

116 2943 333 3022 quantitatem
353 2945 416 3003 loci
443 2944 587 3006 Clericus
608 2956 641 3006 et
658 2946 829 3006 luminaria
856 2948 900 3007 ibi
921 2949 1084 3026 ordinent,
1106 2959 1139 3009 et
1155 2949 1226 3010 loca

114 3026 293 3084 restaurari
321 3027 449 3087 saciant.

139 3105 208 3182 (Ut
231 3106 414 3189 Presbyteri
436 3129 542 3168 omnes
561 3109 617 3169 sub
642 3109 847 3192 dispositione
863 3113 925 3171 sint
946 3113 1202 3198 Episcoporum).

203 3185 262 3252 IV.
296 3190 570 3250 ‘Denuntiandum
593 3200 640 3250 est
656 3193 813 3270 omnibns,
836 3204 868 3254 et
885 3217 902 3252 a
919 3197 1021 3256 Missis
1042 3197 1157 3257 nostris
1175 3221 1225 3258 or·

114 3268 308 3348 dinandnm,
332 3282 367 3332 ut
383 3294 492 3332 omnes
510 3273 674 3333 Ecclesiae
691 3283 723 3333 et
740 3277 921 3358 Presbyteri
945 3278 1004 3338 sub
1023 3278 1223 3340 immunitate

114 3373 152 3410 ae
170 3352 355 3435 privilegio,
379 3363 410 3414 et
423 3354 626 3415 ordinatione
647 3365 741 3436 atque
760 3358 966 3439 dispositione
990 3361 1225 3442 Episcoporum

113 3434 320 3513 singularum
340 3436 591 3516 parochiarum,
623 3439 657 3496 in
686 3439 803 3517 quibus
822 3441 1021 3516 consistunt,
1045 3444 1224 3503 secundum

114 3515 341 3576 anctoritatem
363 3519 549 3578 canonicam
573 3527 605 3579 et
627 3520 825 3601 Capitularia
846 3523 963 3579 Domni
981 3523 1092 3582 Karoli
1116 3527 1224 3604 Impe-

112 3598 232 3658 ratoris
252 3599 301 3658 avi
318 3600 429 3676 nostri,
451 3610 484 3660 et
499 3601 544 3681 pii
559 3601 696 3685 Augusti
715 3603 911 3662 Hludouviei
937 3605 1057 3664 Domni
1078 3617 1111 3666 et
1132 3606 1220 3687 geni·

116 3681 198 3740 toris
220 3681 332 3755 nostri,
355 3694 571 3762 permaneant.

287 3763 352 3836 (De
368 3765 459 3822 rebus
479 3765 710 3826 Ecclesiastieis
731 3768 764 3825 in
785 3765 908 3826 alodem
928 3767 1045 3845 datis).

195 3841 236 3907 V,
280 3846 321 3903 Ut
340 3845 427 3905 Missi
451 3847 550 3906 nostri
566 3847 740 3930 diligenter
756 3848 952 3929 investigent
971 3872 1044 3908 cum
1061 3852 1223 3935 Episcopo

113 3933 146 3984 et
165 3925 320 3986 Praelatis
338 3929 613 4008 monasteriorum,
637 3939 669 3989 et
688 3949 746 4012 per
764 3931 875 3990 fideles
897 3941 928 3989 et
947 3941 1094 3992 strenuos
1120 3935 1221 4014 viros,

112 4005 146 4064 in
172 4027 367 4092 unaquaque
387 4011 539 4089 parocbia
559 4011 597 4071 de
611 4011 707 4073 rebus
728 4013 951 4073 ecelesiasticis
970 4013 1002 4070 in
1023 4015 1149 4074 alodem
1170 4019 1223 4077 da-

110 4087 167 4160 tis;
191 4099 224 4149 et
244 4090 327 4150 sicut
351 4093 553 4155 evidentibus
571 4103 602 4156 et
620 4093 704 4159 veris
720 4093 849 4157 indiciis
868 4093 906 4173 d)
927 4115 964 4156 ac
981 4098 1220 4164 auctoritatibus

113 4225 321 4238 —-

145 4269 178 4338 d)
197 4269 232 4325 ul.
251 4288 299 4324 ms.
319 4271 443 4332 iudiciis.
