2746 4992
528 373 744 428 sinoncort
1115 353 1192 450 277

175 509 272 578 XIII.
316 511 382 574 Iter
395 513 482 573 enirn
498 513 559 578 erit
577 521 720 578 nostrum
740 535 799 599 per
814 515 1018 591 Ravennam,
1040 520 1072 579 el
1084 510 1193 574 Imme-

91 596 178 658 diate
196 615 305 661 mense
321 596 429 658 Martii
442 596 475 656 in
495 595 690 668 Piscnriam.
712 605 745 662 et
761 599 863 661 omnis
885 597 1044 658 exercitus
1062 593 1192 656 Italicus

89 679 271 740 nobiscum.
312 677 452 740 Tuscani
467 687 573 744 autem
583 723 592 755 ,
611 699 685 739 cum
697 680 818 762 populo
843 678 900 763 qui
929 679 970 740 de
995 678 1079 738 ultra
1097 674 1192 738 reni-

88 769 174 837 unt,
195 782 255 844 per
267 761 399 822 Romam
414 759 547 822 veniant
564 760 604 820 ad
624 761 762 823 Pontem
777 764 933 840 Currum,
948 761 1024 821 inde
1038 759 1191 841 Capuam,

88 852 124 903 et
142 865 203 994 per
214 843 436 986 BAenelventum
450 841 648 908 descendant
663 842 755 908 nobis
772 841 896 909 obviam
908 841 1121 918 Luceriavnr.
1134 837 1191 904 ka-

86 927 145 992 len
170 948 202 991 as
251 946 301 1015 pn
318 925 352 994 is·

467 1098 822 1117 ——va—-u—-n-u--n—

398 1293 882 1358 rnecnnurs

252 1441 1029 1533 CAPITULARIUM

440 1659 490 1722 Ds
512 1660 607 1724 dubia
637 1663 848 1730 conventione.

170 1807 198 1880 I·
239 1777 288 1893 δί
309 1837 382 1918 quis
395 1836 435 1898 de
450 1837 666 1899 conventione
679 1837 747 1898 ulla
764 1837 908 1920 aliquem
922 1834 1190 1919 interpellaverit,
1266 1819 1270 1834 ⁸

60 1987 65 1994 ι
89 1937 161 1978 non
179 1937 237 2001 per
253 1927 426 2002 postremas
445 1927 500 1980 ant
520 1919 719 1998 adiacentes,
740 1919 798 1981 sed
826 1940 886 2004 per
903 1919 1069 2002 primarias
1097 1918 1193 1980 ratio-

92 2021 171 2079 nes,
193 2001 281 2062 iuxta
295 2001 384 2083 quod
411 2001 445 2060 in
469 2001 582 2084 primis
608 2021 659 2063 res
688 2002 773 2064 laeta
801 2023 835 2064 se
862 1999 992 2081 habuit,
1026 2010 1191 2068 tractetur,

91 2083 190 2159 Quod
208 2085 235 2145 si
250 2091 348 2146 testes
369 2083 504 2165 legitimi
522 2085 698 2147 adfuerunt
731 2083 960 2163 conventioni,
992 2084 1080 2144 iuxta
1107 2083 1195 2145 testi-

90 2167 238 2230 monium
259 2188 372 2228 eornm
398 2166 559 2244 maxime,
600 2186 665 2226 non
699 2165 772 2228 aliis
801 2167 938 2250 posterIs
969 2164 1192 2229 occasIonibus

89 2249 256 2394 qufiaeper
282 2247 417 2334 primam
438 2248 679 2335 stipulationem
704 2248 793 2336 quod
814 2251 935 2312 facturn
960 2259 1029 2321 est,
1065 2257 1191 2333 oportet

114 2355 130 2396 e
158 2353 231 2396 nus.

425 2433 463 2520 St
484 2479 593 2521 servus
619 2457 758 2520 Clericus
774 2457 855 2543 fiat.

173 2563 217 2626 11.
258 2565 292 2626 Si
309 2585 419 2628 servus
442 2565 564 2628 sciente
585 2571 617 2624 et
641 2583 706 2624 non
729 2564 969 2628 contradicente
997 2567 1128 2630 domino
1155 2570 1189 2628 in

92 2647 189 2710 Clero
205 2650 336 2711 sortitus
359 2649 417 2727 sit,
437 2669 478 2710 ex
497 2646 560 2709 hoe
590 2631 669 2730 ipso¹
690 2646 776 2707 liber
802 2657 835 2708 et
862 2649 1022 2730 ingenuus
1050 2651 1113 2712 fiat.
1155 2651 1190 2712 si

90 2728 178 2790 enim
205 2730 373 2812 ignorante
396 2731 526 2793 domino
542 2728 739 2802 consecratio
755 2729 843 2797 ¹facta
871 2732 987 2808 fuerit,
1018 2733 1114 2794 liceat
1136 2732 1190 2793 do·

88 2811 179 2873 mino
196 2813 282 2874 iutra
300 2836 422 2874 annum
439 2823 563 2877 tantum
574 2811 792 2876 conditionem
812 2815 948 2897 probare
971 2825 1002 2874 et
1023 2814 1190 2899 proprium

88 2915 220 2957 servum
235 2897 389 2978 recipere.
431 2899 466 2960 si
485 2907 592 2958 autem
610 2914 720 2956 servus
736 2893 857 2957 sciente
879 2896 929 2958 vel
943 2896 1111 2979 ignorante
1129 2897 1190 2957 do·

86 2976 196 3053 mino,
218 2981 397 3040 secundnm
421 3001 553 3062 eaquae
570 2977 792 3054 diximus,ex
815 2980 883 3062 ipso
911 2978 1035 3041 honore
1059 2979 1192 3041 clerica·

86 3069 141 3119 tus
176 3061 359 3122 libertatem
383 3063 532 3140 meritus,
571 3071 680 3144 postea
701 3061 953 3124 ecclesiasticum
974 3062 1190 3126 ministerium

87 3141 280 3224 reliquerit,
314 3155 347 3206 et
376 3145 416 3206 ad
441 3144 612 3208 Laicorum
642 3142 741 3203 vitam
758 3144 944 3220 transierit,
977 3145 1108 3206 domino
1130 3167 1189 3207 suo

89 3224 124 3285 in
152 3226 284 3287 servitio
315 3226 468 3289 tradatur.
537 3229 594 3290 Ex
628 3228 765 3291 Novella
792 3229 1014 3291 constitutione
1041 3227 1188 3292 CXXIII.

88 3308 169 3392 Imp.
186 3310 377 3388 Iustiniani,
400 3331 468 3398 cap.
492 3332 537 3392 17.

195 3439 233 3500 Si
248 3438 406 3503 Ecclesiae
433 3441 558 3525 aliquid
574 3443 627 3502 sni
644 3443 724 3502 iuris
739 3438 963 3524 defraudatum
971 3438 1086 3522 suerit.

172 3554 235 3616 111.
277 3554 310 3616 Si
327 3555 490 3617 Ecclesiae
512 3555 638 3636 aliquid
658 3556 707 3616 sui
737 3555 816 3617 iuris
841 3553 1065 3616 defraudatum
1091 3559 1191 3620 fuerit

89 3641 105 3698 al
126 3639 235 3724 pravis
256 3638 516 3722 procuratoribus
537 3649 590 3698 aut
609 3659 703 3718 prece
721 3647 776 3698 ant
789 3639 894 3721 pretio
916 3646 971 3698 aut
986 3638 1108 3720 privata
1122 3661 1190 3722 gra-

87 3723 133 3782 tia
150 3742 409 3804 praecessorum,
430 3722 665 3783 successorihus
684 3721 772 3780 omni
793 3730 936 3803 tempore
953 3720 1049 3782 liceat
1066 3722 1188 3784 inferre

89 3802 302 3865 calumniam:
323 3805 400 3886 qnia
427 3805 520 3865 nullo
546 3812 691 3886 tempore
721 3803 868 3864 Ecclesia
901 3803 996 3864 debet
1018 3827 1111 3865 suum
1130 3799 1190 3866 ‘ius

88 3887 255 3964 arnittere,
277 3895 405 3968 praeter
419 3886 571 3946 mobilem
595 3884 847 3970 possessiouem,
871 3895 907 3945 ut
920 3895 967 3946 est
982 3907 1114 3965 aprum,
1136 3909 1188 3947 ar-

88 3981 244 4052 gentum,
266 3979 390 4046 vestes,
413 3979 613 4058 amparare,
636 3977 692 4028 ant
706 3970 827 4033 domus.
867 3965 1002 4029 Praedia
1017 3990 1106 4046 vero,
1126 3979 1189 4029 ter·

87 4076 161 4130 ras,
198 4052 311 4129 villas,
338 4051 516 4126 Ecclesiae,
545 4073 676 4127 census,
706 4050 781 4132 qnia
809 4050 886 4110 inde
909 4051 1015 4132 magni
1044 4051 1191 4113 redditus

87 4145 223 4217 possunt
246 4135 334 4198 exire
357 4137 390 4194 in
421 4156 590 4196 commune
618 4133 756 4209 bonum,
804 4132 896 4192 nulla
923 4135 1189 4210 commutatione,

89 4219 184 4279 nullo
200 4229 292 4300 pacto
313 4218 409 4278 licent
428 4217 468 4276 ad
483 4217 711 4300 proprietatem
722 4214 860 4276 alicuius
876 4217 1058 4281 transferre.
1092 4218 1190 4298 Quod

88 4310 257 4384 postquam
273 4311 470 4390 compertum
493 4300 611 4380 l'ucrit,
634 4297 844 4364 rescindatur.
