2658 4978
223 356 350 420 acan.
454 358 589 454 runnu¹
613 358 833 414 rainconun
948 359 1011 424 aar.
1099 334 1168 406 155

81 515 143 569 sunt
157 509 331 587 procurent
341 507 378 560 ut
394 505 517 560 tantum
530 499 671 581 pretium
689 496 884 592 redemptori
908 517 966 558 suo
986 496 1108 557 donent
1126 493 1171 556 si-

81 597 126 652 cut
146 587 183 650 ab
203 605 243 646 eo
260 582 417 666 redempti
437 583 590 659 suerunt,
606 591 645 657 ,et
662 581 700 640 in·
713 603 770 642 sua
789 581 934 640 libertate
950 584 1171 662 permaneant.

80 673 108 730 Si
132 679 235 730 autem
249 665 395 728 Ecclesia
418 686 471 725 eos
489 663 682 741 redemerit,
705 663 800 745 gratis
817 661 886 722 sine
905 661 1014 742 aliqua
1040 679 1172 742 compo·

79 751 183 814 sitione
201 748 299 810 liberi
321 747 408 812 fiant.
431 755 433 758 ’
449 746 546 822 Quod
556 743 594 810 sset
616 767 673 807 nos
687 767 746 828 per
763 765 901 827 regnum
920 754 1079 820 nostrum,
1107 747 1177 801 una¹

78 856 142 894 cum
161 829 321 893 censensu
338 839 370 891 et
389 827 537 906 fidelium
548 834 731 890 nestrorum
748 826 908 904 consilio,
931 823 1093 888 observari
1116 843 1172 884 re-

78 917 120 998 gia
143 911 331 974 auctoritate
360 909 586 998 praecipimus.
616 909 624 926 ”
634 911 677 972 Et
698 909 726 972 si
752 909 825 993 quis
847 908 967 970 dixerit
1005 909 1082 992 quia
1105 924 1172 964 uon

76 999 157 1074 vult,
178 1005 235 1062 aut
255 1004 398 1080 tempore
428 993 539 1070 famis,
560 1000 621 1054 aut
644 1013 704 1074 pro
722 987 789 1053 valia
813 990 1001 1054 necessitate
1031 988 1174 1074 pretinm

76 1101 159 1141 suum
175 1079 252 1140 dare
292 1098 328 1137 ro
351 1076 456 1137 libero
476 1074 627 1152 homine,
650 1073 676 1136 si
691 1095 818 1157 semper
839 1072 934 1133 illum
958 1095 1086 1134 serrum
1112 1070 1174 1130 ha-

76 1164 142 1223 bere
155 1181 218 1220 non
234 1097 341 1240 dedet,
349 1156 501 1222 adtendat
512 1157 594 1239 quid
605 1157 634 1217 ei
643 1157 800 1222 Dominus
814 1155 1068 1237 perApostolum
1079 1173 1174 1216 suum

77 1245 169 1307 dieat:
192 1243 258 1321 Qui
278 1241 442 1313 habuerit,
471 1239 644 1321 inquiens,
674 1240 877 1300 substantiam
907 1241 999 1298 liuius
1029 1235 1141 1298 mundi
1153 1279 1167 1308 ,

77 1339 102 1387 et
120 1322 232 1384 viderit
245 1320 387 1405 fratrem
408 1331 498 1388 suum
517 1341 641 1384 necesse
664 1323 799 1392 habere,
823 1332 853 1380 et
874 1320 1023 1381 clauserit
1043 1322 1169 1380 viscera

76 1431 123 1468 sua
142 1408 180 1466 ab
202 1427 263 1477 eo,
286 1425 349 1466 non
370 1417 473 1468 manet
494 1406 609 1478 caritas
632 1405 815 1465 Detineo.
856 1403 898 1462 Et
915 1403 973 1484 qui
991 1423 1056 1462 non
1074 1401 1173 1460 habet

75 1489 149 1548 lianc
164 1491 351 1566 caritatem,
374 1485 496 1554 etiamsi
511 1485 551 1546 ad
568 1485 756 1568 martyrium
774 1493 807 1545 et
826 1484 866 1545 ad
884 1485 994 1567 ignem
1018 1506 1052 1546 se
1072 1481 1174 1544 tradi-

77 1571 168 1648 derit,
189 1569 263 1632 sine
282 1569 341 1632 ista
357 1569 488 1632 caritate
507 1563 731 1630 remissionem
744 1576 948 1650 peecatorum
967 1587 1099 1628 suorum
1117 1563 1173 1622 ha-

75 1654 141 1714 here
161 1672 226 1711 non
243 1651 378 1734 poterit,
401 1661 433 1714 et
448 1651 635 1714 nullatenus
651 1650 685 1710 in
702 1671 838 1733 regnum
853 1651 915 1710 Dei
936 1649 1078 1727 intrabit,
1094 1646 1172 1730 quia

72 1737 201 1818 proDeo
216 1755 292 1794 suos
310 1733 458 1796 denarios
473 1733 524 1796 vel
541 1754 630 1798 snam
650 1754 821 1810 annonam,
836 1753 918 1813 quae
937 1733 954 1792 la
971 1733 1048 1812 {Deo
1076 1749 1173 1793 aecc-

77 1819 127 1898 pit,
148 1817 222 1878 dare
243 1835 310 1875 non
334 1815 475 1891 indurat,
490 1837 561 1876 cum
572 1817 659 1877 Deus
674 1814 812 1898 seipsum
829 1823 860 1875 et
877 1817 1067 1896 sauguinem
1080 1831 1175 1876 suum

77 1921 128 1980 pro
142 1921 179 1959 eo
202 1899 238 1958 in
261 1917 376 1978 cruce,
400 1898 498 1964 clavis
514 1907 546 1960 et
565 1898 675 1958 lancea
695 1897 881 1973 transfixus,
903 1896 998 1958 indit.
1039 1897 1082 1958 Et
1097 1893 1175 1977 qnia

78 1981 238 2042 hominum
259 1979 400 2062 ingenia,
424 1981 480 2064 qui
495 1979 600 2042 Deum
619 2001 685 2040 non
704 1981 837 2056 timent,
860 1979 987 2040 diabolo
1006 1979 1174 2053 suadente,

78 2064 169 2122 multa
183 2062 269 2122 mala
289 2063 492 2146 excogitant,
514 2072 617 2144 potest
632 2062 701 2123 fieri
720 2072 756 2123 ut
784 2061 840 2144 qui
861 2063 943 2122 tales
966 2061 1114 2121 homines
1138 2057 1176 2118 li·

78 2146 161 2207 beros
174 2145 377 2222 necessitate,
389 2145 584 2222 utdiximus,
600 2154 733 2225 cogente
754 2146 788 2206 in
807 2165 914 2206 servos
933 2143 1124 2228 suscipiunt,
1138 2139 1174 2202 in

79 2231 182 2288 alteras
193 2237 300 2308 partes
312 2228 385 2288 illos
404 2227 596 2308 dispendant
613 2227 807 2292 etvendant.
825 2228 1000 2307 Propterea
1019 2245 1175 2286 unacum

79 2331 230 2372 consensu
241 2319 273 2370 et
289 2310 432 2370 fidelium
448 2320 629 2372 nostrorum
642 2311 776 2372 consilio
789 2310 1022 2386 constituimus,
1038 2307 1126 2389 quod
1139 2306 1174 2366 in

80 2393 209 2472 antiquis
226 2391 355 2472 legibus
373 2393 537 2452 decretum
557 2392 757 2470 invenimus,
781 2400 816 2452 ut
841 2394 866 2454 si
892 2391 1076 2452 huiusmodi
1097 2410 1173 2472 per·

80 2496 163 2535 sonas
180 2475 285 2554 aliqui
306 2485 360 2534 ant
377 2474 416 2533 ad
433 2484 598 2535 extraneas
618 2485 727 2555 gentes
747 2486 802 2536 aut
819 2476 857 2538 ad
874 2474 1085 2535 transmarina
1101 2474 1173 2534 loca

80 2559 246 2622 transferre
261 2567 315 2616 aut
337 2557 525 2618 venundare
541 2559 829 2642 praesumpserint,
851 2555 917 2640 ipse
935 2578 992 2636 qui
1016 2555 1078 2616 hoc
1096 2576 1171 2617 eon·

80 2648 120 2698 tra
144 2648 260 2697 statuta
275 2639 546 2723 praesumpserit,
569 2639 831 2701 constitutionem
853 2639 935 2718 regii
964 2639 1064 2697 banni
1085 2659 1175 2698 com-

79 2729 176 2802 ponat.
219 2721 264 2780 Et
282 2721 308 2782 si
330 2721 400 2782 talis
420 2721 515 2782 homo
532 2730 622 2782 antea
639 2721 738 2798 liber,
762 2722 956 2805 usquedum
978 2721 1010 2780 in
1033 2721 1089 2779 tali
1110 2740 1175 2782 ser·

80 2804 151 2870 vitio.
169 2804 292 2881 fuerit,
316 2805 355 2864 de
374 2803 475 2864 libera
494 2804 614 2863 femina
633 2803 715 2864 tilios
730 2803 899 2884 habuerit,
921 2803 982 2886 ipsi
997 2803 1054 2863 filii
1076 2798 1174 2862 liberi

79 2895 299 2964 permancant,
321 2886 406 2946 sicut
426 2887 459 2944 in
483 2888 626 2968 praelato
644 2907 714 2946 xxix
733 2887 890 2970 capitulo,
916 2885 965 2948 lll
990 2883 1066 2946 libri
1081 2881 1175 2965 Capi-

79 2969 211 3028 tnlornm
222 2969 506 3050 praedecessorum
527 2990 563 3028 ac
586 2968 826 3049 progenitorum
844 2979 1023 3031 nostrorum
1036 2968 1174 3027 habetur

79 3049 112 3108 de
133 3071 169 3108 eo
193 3051 252 3130 qui
278 3073 310 3111 se
337 3052 409 3112 loco
431 3051 523 3112 wadii
543 3051 575 3108 in
594 3051 724 3110 alterins
744 3063 932 3134 potestatem
961 3048 1172 3113 cornmiseritr

78 3134 156 3190 salva
173 3133 407 3195 constitutione
425 3133 505 3216 legis
524 3134 684 3194 Romanae
704 3133 736 3192 in
763 3135 808 3196 cis
823 3137 877 3216 qui
891 3135 1068 3197 seeundum
1081 3132 1173 3193 illam

78 3215 194 3274 vivunt.
503 3269 507 3275 .

150 3294 294 3362 XXXV.
335 3298 376 3358 Et
395 3298 496 3358 sciant
512 3296 651 3359 Comites
669 3298 766 3358 nostri
786 3299 862 3380 quia
885 3321 944 3378 per
961 3298 1105 3381 singulos
1119 3319 1172 3360 co·

79 3379 197 3440 mitatus
219 3373 331 3440 Missos
350 3391 471 3440 nostros
487 3381 671 3462 dirigemus,
693 3382 748 3459 qui
767 3382 950 3462 specialiter
964 3382 1002 3442 de
1020 3385 1069 3443 his
1089 3400 1172 3462 quae

79 3482 157 3522 nnnc
180 3461 416 3539 constituimus,
438 3462 611 3543 inquirant,
628 3463 768 3544 qualiter
792 3463 822 3521 in
839 3462 887 3521 liis
904 3475 1042 3522 nostram
1058 3461 1176 3524 iussio·

79 3545 328 3625 nemadimplere
338 3546 541 3620 certaverint,
554 3545 636 3606 sicut
650 3545 682 3602 in
700 3545 843 3606 seeundo
858 3547 939 3605 libro
952 3546 1177 3626 Capitnlorum

78 3627 351 3705 praedecessorum
372 3648 407 3687 ac
418 3628 659 3710 progenitorum
674 3638 855 3688 nostrorum
873 3626 1070 3704 continetur,
1086 3626 1177 3707 eapi-

79 3709 239 3772 tuloxvrrr.
261 3709 304 3767 Et
316 3707 503 3790 quicunque
518 3712 690 3790 neglegens
704 3711 779 3770 inde
798 3710 947 3770 inventus
962 3711 1069 3787 l'nerit,
1080 3729 1176 3791 prae·

80 3789 226 3870 ciplemus
245 3799 280 3848 ut
296 3800 369 3851 aute
386 3802 523 3851 nostram
539 3791 751 3874 praesentiam
766 3792 876 3852 venire
897 3793 1055 3870 iubeatur,
1077 3802 1109 3852 et
1127 3813 1176 3851 ra·

82 3871 193 3932 tionem
208 3871 322 3932 reddat
341 3884 447 3932 utrum
465 3874 526 3934 hoc
552 3875 640 3956 quod
659 3874 807 3936 iussimus
823 3875 927 3936 lacere
951 3875 1104 3952 noluerit,
1121 3882 1177 3934 aut

82 3973 139 4012 non
157 3953 316 4036 potuerit;
342 3965 397 4014 aut
419 3957 445 4016 si
469 3957 577 4037 aliqua
595 3979 630 4017 re
655 3956 882 4039 praepediente
910 3957 943 4016 id
969 3958 1075 4018 facere
1108 3977 1175 4016 nou

81 4038 201 4114 potuit,
225 4059 284 4096 cur
307 4038 396 4098 nobis
421 4037 520 4120 ipsam
540 4039 827 4121 impossibilitatem
841 4041 881 4100 ad
895 4049 1020 4122 tempus
1038 4061 1101 4097 non
1125 4039 1179 4098 ad-

83 4119 243 4180 nuntiavit.
284 4121 370 4196 Quia
387 4121 411 4182 si
430 4123 496 4202 ipse
512 4121 575 4181 hoc
596 4144 658 4182 non
677 4121 796 4198 voluit,
820 4131 874 4181 aut
891 4144 966 4182 suae
992 4122 1171 4203 neglegen-

82 4189 245 4262 tiae'causa
263 4221 328 4262 nou
346 4204 469 4287 potuit,
493 4227 550 4265 uos
568 4204 666 4265 talem
688 4203 836 4268 invenire
861 4206 1009 4270 volumus
1033 4205 1091 4287 qui
1112 4201 1176 4269 hoc

85 4283 164 4362 quod
180 4285 327 4349 iuhemus
342 4308 468 4351 servare
486 4287 566 4351 velit
584 4297 638 4349 aut
658 4285 765 4372 possit.
