2658 4978
209 281 239 336 Α.
264 278 331 338 cns
446 276 574 336 escun
593 276 814 338 rnanconuu
923 283 985 352 ⁸⁶2·
1079 261 1148 336 lot

80 427 223 490 omentum
254 427 287 481 et
306 416 401 479 etiam
430 437 492 500 per
518 439 630 480 eorum
661 417 805 481 fauorem
828 417 884 502 qni
906 421 999 482 illurn
1026 421 1149 486 salvare

79 507 233 580 debuerant,
254 501 334 562 fecit
349 510 383 562 et
402 500 480 560 lacit
504 510 616 562 contra
639 500 726 562 illam
739 502 847 586 legem
864 523 960 584 quum
981 509 1069 568 Dens
1086 506 1150 588 pri·

78 610 115 650 no
132 588 160 646 in
180 584 319 668 paradiso
335 582 447 666 primis
469 581 655 644 hominibus
683 584 783 662 dedit,
809 595 841 646 ct
859 607 955 667 quam
981 588 1015 650 in
1035 589 1146 652 Erun-

76 669 142 752 gelio
161 688 215 750 per
231 665 445 748 praesentiam
467 665 572 726 carnis
586 687 661 726 cum
681 663 866 730 hominihus
889 668 1035 732 habitans
1055 690 1151 732 reno·

75 751 141 814 ravit
159 758 188 816 et
211 748 421 826 confirmarit,
443 768 525 828 quae
546 747 586 807 ad
613 769 724 809 omnes
746 746 895 812 homines
921 751 1066 833 pertinet
1091 751 1149 833 qut

74 831 223 897 secundnm
242 833 352 890 Deum.
369 829 514 910 legitimo
535 838 673 890 utuntur
695 830 858 914 coniugio.
899 833 992 896 Unde
1018 843 1051 897 et
1072 833 1149 895 uni-

73 915 179 978 uersalis
196 912 339 974 Ecclesia
364 913 425 973 Dei
443 913 610 994 pulsatur,
640 921 672 973 et
696 913 884 974 Sacerdotes
907 925 982 977 sunt
1003 915 1150 978 dehono-

13 1015 15 1018 ’
72 998 132 1074 rati,
151 1005 185 1058 et.
206 993 343 1076 populus
367 993 569 1054 Christianus
598 993 684 1055 sient
701 995 742 1056 de
768 995 845 1055 msli
868 998 971 1058 morbi
1000 997 1148 1079 contagio

72 1089 108 1140 est
123 1079 296 1142 maculatus.
338 1077 514 1158 Propterea
541 1076 631 1157 quod
648 1078 735 1138 Deus
758 1076 858 1138 dixit:
890 1079 1012 1160 Diliges
1029 1082 1148 1164 proxi·

70 1183 136 1223 uum
154 1172 232 1220 tarum
257 1160 339 1220 sieut
359 1161 505 1242 teipsum,
528 1168 559 1220 et
573 1158 656 1221 sicut
669 1159 900 1242 scriptumest:
920 1163 994 1244 Ipse
1016 1184 1050 1224 os
1071 1183 1146 1224 nos·
1234 1179 1236 1184 ’

72 1255 135 1304 trum
154 1253 272 1304 etcum
294 1253 404 1302 nostra
425 1253 493 1312 est,
523 1249 556 1301 et
581 1239 728 1303 Ecclesia
753 1241 845 1303 nobis
873 1252 906 1306 et
928 1243 979 1303 illi
1002 1244 1147 1306 commis·

70 1347 95 1387 sa
111 1332 137 1384 et
151 1343 283 1407 regnum
303 1335 406 1384 unum
426 1332 484 1398 est,
506 1331 539 1383 et
560 1324 700 1406 populus
716 1345 752 1386 ac
768 1323 991 1387 Christianitas
1007 1348 1070 1387 unu
1087 1335 1146 1401 cst,

70 1406 317 1482 consideravimus
339 1415 375 1466 ut
390 1405 429 1466 ad
451 1405 545 1465 illum
563 1406 675 1466 Missos
703 1415 828 1468 nostros
862 1407 1040 1484 mittamus,
1062 1416 1095 1469 et
1115 1410 1146 1471 ei

17 1511 18 1514 ¹
69 1489 118 1550 nte
135 1489 301 1552 consilium
329 1488 517 1549 mandemus
541 1487 682 1569 qualiter
702 1498 734 1550 et
754 1489 821 1570 ipse
847 1510 953 1550 corum
982 1493 1053 1552 Deo
1081 1491 1146 1551 sel·

15 1601 16 1626 1
68 1591 113 1631 rus
130 1581 275 1634 eteorum
296 1569 591 1633 seculohonoratns
605 1590 672 1630 esse
689 1572 806 1646 ualeat,
823 1571 1005 1632 etEcclesia
1023 1581 1054 1632 et
1071 1593 1146 1654 reg*

68 1673 137 1730 unm,
156 1655 240 1736 quod
261 1652 313 1713 illi
331 1654 371 1713 ad
390 1652 599 1714 salvationem
621 1655 823 1714 commissum
839 1662 897 1728 est,
920 1653 1059 1715 solidum
1075 1675 1144 1728 eme

65 1735 164 1817 possit,
189 1745 221 1797 et
236 1737 378 1820 populus
392 1734 453 1796 Dei
470 1735 577 1795 saluus
597 1737 648 1815 sit,
670 1746 703 1799 et
714 1737 818 1820 legem
831 1757 866 1796 ac
886 1734 1037 1798 iustitium
1049 1745 1144 1822 etpa-

66 1837 120 1880 tcm
137 1839 170 1880 ac
189 1818 459 1898 tranquillitatem
473 1815 600 1877 habeat.

17 1927 18 1930 ¹
128 1899 194 1967 Vll.
236 1899 323 1978 Quia
343 1900 438 1961 etiam
455 1899 522 1983 ipse
536 1921 609 1960 suos
625 1899 736 1962 Missos
753 1897 793 1960 ad
810 1919 867 1960 nos
882 1896 1053 1961 transmisit
1065 1915 1143 1979 qua·

64 1981 84 2044 ei
102 1984 261 2044 consilium
285 2003 455 2063 quaerens,
478 1979 687 2064 per'nostros
711 1982 842 2059 Missos,
866 1983 957 2044 etde
983 1979 1033 2042 his
1054 1981 1141 2046 unde

65 2065 138 2126 nobis
156 2065 336 2143 mandauit,
364 2072 520 2160 quantum
543 2062 635 2124 nobis
657 2065 814 2126 Dominus
836 2064 945 2142 dedit,
977 2063 1006 2125 ei
1028 2085 1143 2125 verum

14 2177 15 2180 ¹
63 2156 89 2208 et
110 2148 262 2211 sincerum
292 2146 465 2209 consrlium
491 2147 733 2225 remandemus,
764 2156 798 2208 et
818 2148 917 2208 talem
941 2147 1142 2207 voluntatem

64 2239 180 2291 nostram
203 2250 271 2290 esse
293 2249 368 2312 erga
389 2249 464 2291 eum
500 2227 585 2298 sicut
607 2228 696 2292 robis
721 2229 881 2309 dicimus„
910 2227 960 2295 illi
982 2248 1042 2314 per
1067 2247 1140 2299 eos·

16 2357 18 2370 Α
61 2310 118 2376 den
134 2313 241 2378 Missos
259 2321 386 2382 nostros
410 2309 605 2375 mandamns.

197 2441 623 2558 strutus
681 2439 981 2557 uxxvmr.

297 2626 876 2704 BPU'D'OOMPENDIUE·
964 2653 966 2665 t

106 2709 167 2802 (De
191 2719 352 2788 Ecclesiis
371 2730 405 2787 et
425 2722 625 2787 Monasteriis
647 2745 665 2783 a
685 2721 878 2786 Normannis
907 2719 1075 2808 expoliatis

376 2821 378 2824 '
467 2814 500 2869 et
523 2806 719 2886 destructis).

60 2915 215 3014 Capitula
239 2921 380 2994 Karoli
405 2921 520 3014 Regis
553 2923 593 2992 iu
623 2921 847 3015 Corrtpendio
868 2921 1000 3018 facto,
1036 2942 1136 2997 anno

231 3023 445 3135 regaretus
470 3021 944 3113 multimodorum.

124 3212 146 3278 l.
177 3150 244 3272 Ut
267 3211 355 3276 Missi
377 3210 477 3274 nostri
501 3231 560 3292 per
577 3209 722 3274 civitates
739 3218 773 3274 et
788 3212 916 3292 singula
931 3211 1136 3288 monasteria,

56 3301 108 3354 tnm
128 3295 366 3356 canonicorum
385 3316 481 3378 quam
501 3294 733 3355 Monachorum
752 3294 820 3356 sive
841 3293 1139 3358 sanctimonialium

57 3395 109 3436 una
124 3399 195 3438 cum
214 3377 376 3460 Episcopo
394 3375 565 3459 parochiae
590 3376 846 3458 uniuscuiusque
866 3377 899 3437 in
923 3399 986 3458 qna
1016 3377 1146 3438 consiss'

55 3465 125 3535 tunt,
145 3483 218 3521 cum
243 3459 381 3526 consilio
399 3459 493 3520 etiam
518 3467 551 3520 et
574 3480 733 3520 consensu
749 3459 850 3541 ipsius
877 3459 933 3541 qui
957 3459 1066 3528 locum
1085 3477 1139 3520 re·

56 3538 139 3620 tinet,
160 3543 261 3606 uitam
282 3542 324 3601 ibi
351 3543 538 3622 degentium
554 3551 587 3603 et
602 3541 876 3603 conversationem
904 3541 1087 3625 inquirant,
1109 3547 1141 3599 ot

56 3622 101 3682 ubi
123 3646 254 3686 necesse
275 3635 322 3686 est
344 3625 525 3704 corrigant,
547 3633 579 3685 et
607 3625 660 3684 ubi
686 3625 828 3701 desunt,
864 3644 1019 3706 congruas
1038 3619 1141 3688 offici·

57 3718 307 3768 nas-construere
331 3707 478 3777 iubeant;
512 3715 544 3767 et
561 3706 617 3766 ubi
644 3715 720 3768 sunt
744 3705 864 3783 frictae,
881 3715 927 3766 ¹et
945 3725 1004 3788 per
1027 3703 1142 3786 negle-
1198 3773 1204 3782 ν

56 3790 179 3865 gentium
205 3799 283 3851 sunt
303 3791 500 3864 destructae,
523 3787 695 3850 instaurari
715 3787 930 3871 praecipi-ann
953 3795 985 3856 et
1010 3787 1141 3860 uictum,

56 3889 85 3928 ae
103 3883 220 3952 potum,
244 3882 279 3932 et
295 3871 463 3949 vestitum,
485 3879 594 3952 atque·
614 3881 727 3931 ·aetera
746 3870 933 3948 necessaria,
954 3891 1013 3967 pro
1036 3868 1143 3952 qnali-

56 3956 108 4012 tate
131 3967 163 4016 et
182 3955 393 4036 possibilitate
421 3953 484 4014 loni
507 3963 538 4014 et
566 3951 815 4018 inhabitantium
843 3961 1030 4022 necessitate
1054 3949 1144 4017 ordi·

55 4047 138 4108 nent,
159 4049 192 4098 et
205 4037 454 4119 hospitalitatem
472 4035 772 4118 supervenientium
788 4035 960 4118 hospitum,
980 4045 1012 4100 et
1028 4053 1143 4114 recep·

45 4115 163 4196 tionem
185 4141 367 4202 pauperum
388 4119 508 4183 ibidem
532 4118 706 4201 disponant
725 4127 758 4179 et
775 4117 938 4181 ordinent.
977 4115 1145 4186 Ecclesiae

55 4211 174 4286 quoque
197 4202 369 4272 luminaris
385 4210 418 4272 et
443 4207 591 4294 ornatum
611 4201 757 4271 debitum
775 4200 940 4284 ordinent;
963 4208 996 4262 et
1016 4197 1145 4287 thesau-
