2746 4992
500 353 758 420 tirrannum·
1115 335 1188 412 20³

75 495 296 568 commendat,
325 503 358 560 et
381 496 558 562 nobilitatis
583 499 663 560 ordo
683 494 853 578 sublimat,
876 515 914 558 ac
934 515 1058 558 morum
1074 498 1187 582 probi-

70 590 134 658 tas,
156 581 212 642 vel
236 580 543 642 mansuetudiniset
564 581 759 666 prudentiae
777 578 929 643 honestas
950 591 1095 642 exornat.
1116 583 1188 660 Qua

71 664 172 724 dere
200 670 317 722 statuta
348 662 571 744 praesentibus
590 664 779 724 'ordinamus
803 671 841 722 ut
867 683 941 724 cum
972 663 1187 725 adunatorum

70 754 207 808 caterva
226 743 441 824 Pontificum,
468 746 508 805 ad
537 741 895 828 quos‘tameb‘no'strae
923 745 1108 806 serenitatis
1128 745 1188 808 dc'-

69 827 166 890 votio
186 826 306 908 scripta
328 827 489 909 pervenit,
511 827 627 912 ipsum,
642 838 686 887 *nt
699 827 789 920 ,ordo
800 825 967 908 postulat,
993 828 1187 912 benedicere

66 919 181 974 vestra
203 909 361 986 industria
382 911 509 982 studeat
535 919 567 970 ct
581 910 755 974 voluntatis
779 919 904 980 nostrae
920 910 1187 988 deliberationem
1211 911 1214 916 ’
1239 974 1250 990 ,¹

69 991 223 1054 reseratis
250 993 389 1063 maculis
412 993 600 1075 publicare,
630 1000 729 1074 fitque]
748 990 899 1078 ‘effectum
921 992 1060 1058 Domino
1081 1011 1187 1054 annu·
1210 995 1228 1008 ”
1352 989 1355 996 ’

72 1085 150 1141 ente
171 1074 302 1136 sortire:
330 1084 489 1156 quatenns
517 1075 594 1140 dum
618 1071 876 1140 Ecclesiam'sibi
900 1069 928 1136 'a'-
951 1067 1208 1156 dis'p'ens'atiiir‘ie''¹

75 1155 188 1219 divina
212 1157 411 1218 commissam
431 1169 570 1238 strenue¹
585 1178 698 1238 regere
724 1165 819 1237 atque
835 1156 1029 1238 'gubernare‘
1046 1157 1187 1236 videtur,

76 1238 172 1300 nobis
199 1239 285 1324 apud
308 1251 476 1302 aeternnm
496 1239 728 1302 retributorum
749 1240 931 1300 mercedem
945 1238 1113 1322 suffragia
1127 1241 1189 1302 lar·
1239 1301 1241 1308 Α

78 1321 225 1404 giantur,
246 1330 279 1382 et
297 1321 355 1382 ille
377 1344 439 1403 pro
455 1333 660 1404 peccatorum
682 1331 865 1382 nostrorum
884 1321 970 1385 mole
993 1321 1192 1396 indesinens
1279 1337 1284 1344 ’

77 1414 130 1466 ter
153 1403 343 1466 immensum
362 1404 539 1470 Dominum
564 1405 681 1468 debeat
702 1404 886 1486 deprecare.
904 1439 908 1448 ·

156 1537 323 1604 Indiculus
350 1539 443 1620 Regis
469 1535 514 1600 ud
539 1537 733 1630 Episcopum
760 1545 794 1598 ut
812 1537 908 1599 alium
929 1523 1100 1604 benedicat.

158 1652 218 1720 vl.
259 1652 399 1715 Domino
416 1664 526 1716 sancto
551 1652 847 1733 sedisapostolicae
870 1652 1026 1736 dignitate
1047 1653 1185 1716 colendo
1259 1703 1262 1710 .

70 1737 108 1798 in
136 1735 267 1798 Christo
284 1737 366 1818 patri
391 1735 441 1795 illi
467 1736 626 1819 Episcopo
647 1734 703 1796 ille
733 1737 813 1802 Rex.
854 1735 1024 1798 Credimus
1049 1735 1112 1796 iam
1145 1737 1186 1797 ad

68 1829 215 1882 vestram
235 1818 452 1881 reverentiam
468 1819 654 1902 pervenisse
683 1829 810 1879 sanetae
831 1817 1064 1884 recordatiouis
1090 1818 1186 1880 illum

69 1903 165 1962 illins
189 1901 279 1962 urbis
299 1899 491 1962 Antestitem
512 1899 699 1963 evocatione
724 1900 835 1962 divina
850 1901 890 1962 de
907 1900 1083 1983 praesentis
1097 1922 1204 1984 sccu-v
1282 1911 1284 1918 '

72 1985 100 2044 li
120 1985 192 2046 lnce
215 1984 386 2064 migrasse:
408 1982 447 2045 dc
470 1983 563 2046 cuins
594 2004 776 2044 successore
801 1981 1022 2045 sollieitudine
1042 2004 1190 2072 congrua
1217 2043 1251 2070 ,Δ
1292 2019 1296 2028 ·

73 2089 152 2130 cum
176 2065 388 2127 Pontificibus
412 2066 465 2126 rel
492 2066 686 2128 Primatibus
716 2065 830 2148 populi
858 2063 960 2127 nostri
990 2075 1206 2146 pertractari:-

71 2159 143 2226 tes,
170 2148 369 2210 decrevimus
393 2148 522 2208 inlustri
544 2151 615 2210 viro
638 2146 709 2225 illo,
732 2155 808 2224 taut
821 2146 1000 2208 venerabili
1017 2147 1089 2218 viro
1110 2145 1187 2227 illo)
1285 2187 1290 2193 -
1334 2159 1336 2164 '

71 2231 117 2294 ed
139 2231 313 2313 praefatam
335 2231 448 2290 urbem
475 2231 693 2312 pontificalem
715 2229 928 2311 regulariter,
960 2228 1090 2306 Christo
1118 2233 1188 2302 aus·
1229 2266 1233 2273 ·

68 2314 172 2397 pice,
200 2313 400 2374 committere
428 2311 628 2394 dignitatem.
679 2313 722 2375 Et
748 2312 823 2372 ideo
855 2309 1085 2373 salutationum
1116 2313 1188 2374 iura

71 2397 211 2477 dignum
234 2395 343 2460 debito
367 2395 492 2457 honore
520 2397 701 2469 solventes,
724 2394 871 2476 ,petimus
900 2403 936 2466 nt
965 2413 1040 2456 cum
1064 2393 1105 2456 ad
1130 2416 1187 2458 vos

69 2477 272 2560 pervenerit,
293 2478 409 2559 ipsum,
431 2487 468 2540 ut
489 2480 567 2540 ordo
581 2476 730 2560 postulat,
750 2475 945 2562 ‚benedicere
974 2484 1080 2538 vestra
1099 2498 1188 2538 sanc·

71 2561 148 2621 titas
180 2581 245 2619 non
276 2570 444 2638 moretur,
475 2570 508 2623 et
538 2559 655 2622 iunctis
683 2557 851 2620 vobiscum
880 2556 994 2622 restris
1026 2558 1185 2642 Compro-

69 2641 289 2719 viucialihus,
324 2642 428 2726 ipsum
453 2642 487 2703 in
510 2639 727 2724 suprascripta
744 2639 824 2702 urbe
852 2637 1045 2704 Pontificem
1070 2659 1187 2702 conse·

67 2745 175 2800 crare,
198 2724 326 2794 Christo
352 2724 492 2808 auspice,
512 2725 662 2787 debeatis.
710 2723 791 2806 Agat
816 2743 895 2804 ergo
924 2721 1048 2808 almitas
1077 2731 1187 2783 restra

67 2817 109 2866 ut
133 2813 165 2867 et
192 2817 317 2868 nostrae
345 2808 547 2869 voluntatem
576 2805 757 2868 devotionis
786 2803 1013 2872 incunctanter
1042 2802 1185 2878 debeatis

67 2889 228 2971 implere,
251 2899 284 2949 et
309 2899 373 2949 tam
397 2912 454 2952 vos
475 2910 573 2972 quam
598 2890 664 2971 ipse
683 2909 743 2971 pro
767 2886 939 2958 stabilitate
964 2885 1059 2969 regni
1083 2886 1184 2950 nostri

67 2971 141 3054 iugi
165 2970 399 3056 invigilatione.
410 2972 542 3056 plenius
570 2971 720 3038 exoretis.
900 2977 905 2984 '

328 3105 494 3172 Concessio
516 3106 633 3168 ciuium
650 3125 719 3188 pru
733 3105 922 3190 episcopatu.

155 3215 233 3279 Vll.
274 3219 442 3301 suggestio
473 3218 615 3302 piissimo
643 3240 679 3279 ae
707 3216 1017 3299 praecellentissimo
1052 3219 1180 3282 Domno

69 3300 132 3361 illo
154 3300 233 3382 Regi
259 3304 313 3362 vel
335 3301 463 3363 Senior-i
486 3298 812 3374 commune¹illius,·al
836 3299 937 3361 serris
960 3300 1086 3378 vestris,
1103 3323 1182 3384 quo-

70 3403 146 3440 rnm
174 3384 423 3466 subscript-iones
449 3385 501 3446 rel
534 3383 835 3466 signacula·subter
861 3390 1018 3442 tenentur
1052 3384 1182 3446 inserta.

68 3463 326 3546 principalitatis
361 3477 485 3529 vestrae
518 3467 748 3548 circumspecta
777 3464 950 3538 clementia
977 3465 1072 3526 novit
1099 3466 1183 3527 iusta

68 3549 259 3627 petentibus
276 3549 451 3632 dignanter
468 3549 623 3625 adnuere,
644 3569 703 3609 suo
717 3546 1090 3608 moderaminis‘iudicio
1103 3570 1183 3630 pon·

71 3630 227 3709 durante,
258 3630 444 3713 pracsertim
473 3631 545 3692 cnm
570 3631 626 3691 illa
656 3630 877 3711 deposcuntur
900 3628 1042 3710 generali
1070 3651 1204 3712 prece,

72 3722 268 3773 cunctorum
283 3735 375 3785 voce,
397 3713 611 3775 communiter
634 3712 722 3793 quod
738 3711 895 3795 proficiat,
917 3714 1204 3788 constanter-Ec-'

71 3793 192 3855 clesiae
214 3796 356 3878 regimen
379 3796 542 3877 pullulare
570 3796 658 3877 qnod
679 3803 712 3858 et
743 3796 828 3876 ipsae
860 3793 963 3875 regali
991 3793 1195 3877 clementiae,

71 3877 175 3956 prosit
192 3879 302 3940 salutis
325 3880 443 3960 pariter
460 3901 497 3940 ac
517 3877 682 3939 mercedis.
725 3875 886 3956 Quoniam
913 3871 1180 3951 sanctaev'memo's·

72 3956 139 4019 riae
162 3960 214 4020 vir
233 3961 426 4044 apostolicus
447 3961 516 4040 ille,
542 3960 631 4022 illius
649 3958 738 4024 urbis
758 3958 948 4042 Episcopus,
967 3957 1031 4018 tine
1060 3958 1179 4044 adpro-

71 4039 250 4123 pinquante
273 4043 311 4101 ab
329 4042 389 4104 hac
410 4043 483 4104 luce
499 4042 659 4125 migravit,
685 4052 829 4123 tempore
854 4049 986 4099 naturae
1012 4041 1180 4122 complen-
1246 4087 1251 4100 .
1328 4079 1331 4088 ·

72 4129 116 4199 te,
140 4145 182 4184 ne
204 4121 373 4186 destitutae
389 4123 467 4203 sint,
489 4127 577 4207 quod
601 4125 696 4200 absit,
726 4145 802 4185 oves
834 4111 1013 4194 decedente
1039 4127 1179 4204 p‘ai'store,

73 4202 106 4261 in
129 4205 203 4266 loco
224 4205 367 4268 eiusdem
388 4207 577 4290 suppliciter
598 4207 794 4290 postulamus
820 4214 856 4265 nt
878 4201 1047 4272 instituere
1068 4205 1179 4286 digne·

74 4287 154 4347 mini
175 4289 343 4355 inlustrem
362 4290 465 4354 virum
493 4289 586 4352 illum
608 4294 682 4369 (aut
695 4287 917 4354 venerabilum
941 4285 1051 4366 illum)
1073 4287 1180 4351 cathe-

674 4463 681 4496 1
762 4465 767 4470 .
