2786 4980
161 323 210 394 72
384 341 416 394 r.
440 337 521 397 cna.
625 339 865 398 cernemus
984 343 1043 404 est.

159 483 206 538 die
231 483 353 536 Domini.
406 478 477 531 Item
500 489 609 533 sanctus
628 479 730 534 Lucius
750 483 835 556 Papa:
853 488 951 539 [lerum
969 489 1216 544 ecclesiasticarum
1243 503 1270 547 et

155 555 323 621 facultatum
342 563 467 621 raptores
486 569 503 600 a
522 552 663 604 liminibus
678 567 793 608 sanctae
809 557 954 610 Ecclesiae
971 559 1219 614 anathematizatos
1235 580 1269 616 a.

157 626 295 694 postolica
314 623 481 674 auctoritate
498 623 624 690 pellimus
645 635 671 674 et
689 621 860 690 damnamus,
881 639 964 698 atque
981 633 1131 701 sacrilegos
1150 649 1205 686 esse
1224 631 1269 684 iu-

159 692 304 759 dicamus,
322 707 349 745 et
366 710 423 743 non
437 689 525 743 solum
539 711 595 753 eos,
614 691 665 744 secl
680 706 706 744 et
728 710 823 747 omnes·
838 699 1038 752 consentientes
1055 703 1105 763 eis,
1124 703 1191 775 quia
1210 720 1270 754 nou

157 765 245 816 solum
264 767 313 833 qui
321 765 454 834 faciunt,
476 763 519 814 rei
534 762 715 824 iudicantur,
734 764 783 816 sed
800 769 882 818 etiam
900 771 949 839 qui
956 769 1130 840 facientibus
1151 790 1270 825 consen.

158 836 248 887 ciunt:
274 853 330 904 par
346 835 418 886 euim
438 848 528 899 poena
550 845 576 884 et
597 847 708 900 agentes
726 847 753 888 et
770 839 971 892 consentientes
994 840 1203 910 comprehendit.
1232 843 1269 896 Et

156 915 268 957 sanctus
287 902 455 971 Augustinus
481 901 510 952 in
536 903 667 956 Sermone
694 906 826 972 evangelii
854 911 941 961 sancti
966 908 1095 963 Iohannis
1124 913 1163 964 ita
1178 912 1267 964 dicit:

157 977 220 1026 Fur
232 976 386 1046 sacrilegus
403 971 557 1024 loculorum
574 991 717 1026 sacrorum
736 989 763 1026 et
776 976 976 1032 dorniuicorum
995 994 1035 1032 est
1050 979 1153 1046 Iudar‚·
1177 983 1268 1054 ecqui

155 1043 270 1115 aliquid
295 1043 329 1096 de
354 1042 483 1100 Ecclesia
496 1043 620 1112 furatur
649 1057 675 1096 et
702 1048 794 1115 rapit,
822 1047 909 1100 Iudae
936 1053 1047 1120 perdito
1078 1065 1265 1122 comparatur.

159 1116 231 1166 lteru
250 1116 278 1166 in
297 1115 379 1167 sacris
398 1112 566 1175 Canonibns,
586 1125 681 1165 sancto
700 1115 801 1185 Spiritu
828 1118 936 1171 dictatis
962 1130 990 1172 et
1016 1121 1118 1174 Christi
1136 1123 1268 1188 sanguine

156 1186 332 1247 confirmatis,
352 1183 482 1252 scripturn
503 1193 559 1236 est:
584 1186 625 1236 -si
642 1186 704 1255 quis
729 1187 884 1240 oblationes
903 1191 1049 1244 Ecclesiae
1068 1205 1148 1246 extra
1166 1194 1268 1246 Eccle-

153 1257 224 1308 siam
242 1257 367 1326 accipere
388 1254 431 1306 vel
448 1253 516 1305 dare
542 1254 659 1308 voluerit
682 1269 795 1323 praeter·
821 1261 1019 1314 conscientiam
1046 1259 1194 1333 Episcopi,
1224 1262 1268 1316 vel

154 1330 213 1379 eius
231 1328 278 1378 eni
295 1323 452 1394 huiusmodi
468 1322 566 1395 officia
585 1327 726 1378 commissa
743 1340 818 1388 sunt,
838 1345 888 1383 nec
906 1348 966 1384 cum
983 1334 1042 1386 elus
1059 1335 1183 1387 voluerit
1200 1349 1267 1403 agc-

156 1416 186 1449 re
204 1397 334 1456 consilio,
355 1395 504 1447 anatliema
521 1397 566 1446 sit.

226 1467 374 1536 Episcopus
393 1473 485 1518 autern
504 1463 628 1516 omnibus
647 1465 740 1518 dicere
757 1464 841 1520 debet
859 1467 927 1538 quid
945 1468 980 1521 sit
997 1469 1163 1534 anathema;
1185 1478 1214 1523 et
1229 1487 1265 1522 ne

154 1538 309 1608 desperent,
330 1537 475 1589 ostendere
495 1535 578 1587 debet
597 1536 719 1605 quandiu
735 1536 815 1589 duret
831 1539 985 1600 anathema,
1004 1541 1033 1592 id
1053 1551 1110 1604 est,
1140 1541 1265 1612 qnandiu

154 1609 279 1676 quisquis
297 1625 411 1660 errorent
431 1623 487 1657 non
501 1605 607 1671 corrigit
626 1615 654 1657 et
664 1607 747 1675 digna
755 1607 940 1662 satisfactione
950 1627 1004 1663 noa
1018 1611 1155 1673 emendat,
1176 1619 1206 1662 ut
1222 1628 1266 1662 re-

154 1677 376 1729 conciliationem
401 1688 428 1730 et
446 1675 644 1738 indulgentiam
663 1678 754 1728 valeat
772 1679 930 1747 promereri.
967 1681 995 1732 Si
1022 1683 1083 1751 quis
1107 1697 1173 1734 vero
1198 1690 1264 1732 ante

153 1748 364 1808 satisfactionem
382 1757 410 1800 et
427 1746 657 1798 reconciliationis
675 1746 872 1814 indulgentiam
897 1750 927 1800 in
951 1752 1070 1818 peccatis
1094 1751 1149 1804 suis
1173 1767 1265 1818 perse·

153 1835 248 1869 verens
266 1827 388 1872 mortuns
406 1815 503 1878 luerit,
522 1817 575 1866 iam
594 1814 738 1868 anathema
752 1828 914 1888 perpetuum
931 1819 973 1872 illi
984 1823 1053 1885 'erit,
1072 1831 1100 1874 et
1117 1830 1282 1892 peccatum¹

154 1889 188 1938 ad
211 1897 335 1949 mortem,
355 1905 404 1956 pro
423 1903 479 1969 quo
496 1901 552 1938 non
571 1887 640 1938 dicit
656 1889 805 1957 Apostolus
825 1898 977 1948 uteretur.
1014 1891 1067 1946 Sed
1087 1899 1115 1944 et
1132 1891 1224 1960 plura,
1241 1889 1264 1942 si

153 1974 264 2010 necesse
282 1958 376 2021 luerit,
390 1958 539 2028 Eprscopns
557 1957 673 2029 quisque
689 1959 818 2026 colligere
836 1969 864 2012 et
881 1960 973 2015 dicere
990 1960 1158 2033 procurabit.

194 2107 378 2189 Sequuntur
391 2108 536 2194 Capitale
559 2110 676 2170 Domni
695 2112 811 2172 Karoli
830 2125 860 2173 et
881 2114 1000 2174 Domui
1019 2110 1223 2176 Hludoueici

580 2198 825 2276 temeratorum.

152 2325 250 2425 Vobis
269 2391 332 2426 vero
353 2373 504 2426 Comitibns
525 2373 659 2437 dicimus,
680 2392 782 2446 vosque
807 2388 1025 2438 commonemur,
1053 2374 1120 2445 quia
1143 2372 1180 2426 ed
1201 2391 1261 2428 ves-

151 2454 222 2495 trum
241 2445 419 2495 ministerium
439 2444 554 2495 maxime
572 2444 742 2513 pertinet.ut
759 2443 942 2497 reverentiam
961 2453 989 2498 et
1010 2445 1258 2496 honoremsauetae

151 2517 204 2566 Dei
223 2515 362 2566 Ecclesiae
381 2513 542 2576 exhibeatis,
564 2524 672 2566 etcum
692 2513 830 2584 Episcopis
849 2509 1135 2567 restriscoacorditer
1151 2514 1257 2574 vivatis,

152 2596 181 2636 et
200 2587 238 2638 cis
257 2584 421 2636 adiutorium
440 2583 474 2636 ad
493 2601 572 2636 suum
588 2584 765 2636 ministerium
783 2584 967 2654 peragendum
993 2583 1160 2654 praebeatis,
1180 2592 1262 2636 utet

151 2672 199 2709 vos
217 2656 267 2725 ipsi
286 2657 314 2708 in
332 2654 487 2707 ministeriis
505 2655 599 2706 vestris
616 2669 711 2725 pacem
730 2664 758 2707 et
776 2653 908 2706 iustitiam
926 2653 1049 2718 faciatis,
1070 2665 1098 2708 et
1117 2671 1262 2726 quaenos·

152 2737 194 2778 tra
213 2725 359 2777 auctoritas
378 2725 489 2794 publice
507 2724 565 2776 fieri
584 2724 727 2786 decernit,
749 2734 779 2777 ut
803 2726 832 2776 in
850 2724 1001 2778 ministeriis
1020 2725 1112 2778 vestris
1138 2723 1259 2777 studiose

152 2791 327 2865 perficietur,
347 2795 491 2849 studeatis.
528 2793 642 2846 Proinde
661 2812 800 2847 monemus
818 2805 934 2847 vestram
961 2795 1123 2848 fidelitatem
1142 2804 1175 2848 ut
1203 2811 1261 2846 me·

151 2881 240 2917 mores
258 2867 315 2917 sitis
335 2865 400 2917 fidei
420 2864 499 2918 nobie
517 2865 685 2933 promissae,
706 2874 733 2916 et
750 2866 779 2918 in
795 2875 874 2934 parte
900 2865 1043 2918 ministerii
1071 2866 1156 2916 nostri
1183 2863 1259 2916 vobis

152 2936 302 2996 commissi,
321 2935 350 2984 in
378 2953 446 3000 pace
473 2936 580 2986 scilicet
610 2944 638 2986 et
665 2936 769 2986 iustitia
797 2935 940 2996 iacienda,
968 2935 1141 3006 vosmetipsos
1169 2951 1260 2986 eorum

150 3007 210 3057 Deo
230 3015 258 3056 et
276 3022 364 3064 coram
384 3005 538 3057 horninibus
558 3005 625 3056 tales
646 3004 814 3065 exhibeatis,
835 3015 866 3058 ut
893 3016 920 3057 et
944 3007 1027 3058 nostri
1046 3007 1101 3058 veri
1120 3005 1260 3058 adiutores

152 3085 179 3125 et
198 3075 292 3144 populi
312 3085 513 3136 conservatores
530 3076 602 3126 iuste
622 3075 677 3126 dici
695 3084 723 3126 el
741 3074 831 3126 vocari
850 3075 963 3144 possitis.
1002 3077 1036 3128 llt
1053 3075 1132 3126 nulla
1150 3075 1259 3143 quaeli-

150 3144 199 3196 bet
218 3162 310 3204 causa,
330 3155 378 3196 urit
396 3162 540 3197 munerum
558 3146 693 3212 acceptio,
714 3154 761 3194 aut
777 3144 895 3197 amicitia
914 3145 1071 3207 cuiuslibet,
1088 3145 1132 3197 rel
1151 3145 1256 3205 odinur,

151 3225 200 3266 aut
218 3215 315 3276 darer,
335 3223 383 3266 aut
409 3217 511 3279 gratia,
540 3215 573 3266 ab
598 3225 672 3268 statu
699 3214 874 3268 rectitudinis
898 3230 945 3267 vos
972 3215 1080 3268 deviare
1110 3215 1259 3282 compellat

154 3285 223 3354 quin
241 3285 310 3336 inter
325 3285 476 3352 proximum
496 3295 523 3336 et
541 3285 692 3354 proximum
711 3302 819 3350 semper
835 3285 907 3336 iuste
924 3285 1070 3350 iudicetis3
1091 3285 1259 3353 pupillorum

150 3369 214 3407 vero
234 3365 261 3408 et
280 3354 421 3405 viduarum
442 3365 470 3406 et
489 3365 656 3406 caeterorum
682 3371 831 3424 pauperum
857 3355 995 3408 adiutores
1023 3372 1055 3406 ac
1082 3355 1257 3414 defensores,

151 3435 180 3478 et
203 3436 312 3476 sanctae
339 3425 478 3478 Ecclesiae
507 3427 549 3475 rel
574 3441 710 3478 servorum
736 3425 819 3491 illins⁴
839 3423 1012 3478 honoratores
1036 3425 1116 3475 iuxta
1141 3435 1258 3475 vestram

149 3495 356 3564 possibilitatem
375 3497 443 3551 sitis.
479 3495 544 3546 lllos
563 3512 675 3564 quoque
694 3496 742 3564 qui
762 3495 916 3547 temeritate
935 3506 963 3547 et
983 3495 1113 3546 violentia
1131 3493 1159 3544 in
1178 3493 1257 3544 furtis

152 3577 179 3617 et
196 3566 364 3627 latrociniis,
381 3569 437 3619 rive
456 3565 569 3634 rapinis,
590 3581 761 3616 corunrunern
782 3581 875 3632 pacem
901 3566 996 3639 populi
1024 3563 1182 3635 perturbere
1202 3580 1259 3615 nro-

149 3637 271 3698 linntur,
292 3646 380 3689 vestro
400 3637 490 3690 studio
509 3645 537 3686 ct
555 3635 740 3697 correctione,
761 3634 834 3686 sicut
851 3635 949 3699 decet,
968 3633 1143 3704 compescite.
1180 3633 1219 3685 Er
1236 3633 1258 3683 si

150 3708 245 3775 eliqua
273 3724 387 3777 persona
410 3708 438 3756 in
457 3705 550 3772 aliquo
568 3703 645 3756 vobis
669 3705 893 3774 impedimentum
920 3705 1002 3758 fuerit
1026 3703 1094 3776 quin
1125 3722 1157 3756 ca
1185 3721 1257 3774 (puae

149 3779 264 3829 dicimus
283 3777 371 3826 fucere
390 3793 446 3827 non
463 3775 684 3835 valeatis-nohis
702 3776 737 3826 ad
755 3784 862 3844 ternpus
880 3775 952 3825 illud
970 3786 1065 3827 notum
1084 3773 1202 3835 laciniis,
1226 3783 1256 3826 ut

148 3858 239 3899 nostra
260 3845 423 3896 auctoritate
443 3845 530 3897 adiuti
548 3845 726 3897 ministerium
752 3855 871 3899 vestrum
898 3845 978 3912 digne
1001 3844 1150 3914 adimplere
1172 3844 1258 3916 possi-

146 3921 192 3974 tis.
229 3917 348 3984 Capitnl.
368 3915 430 3971 tib.
450 3915 487 3969 II.
503 3935 527 3968 c.
554 3933 575 3964 ι.

188 3975 317 4038 *Omnes
335 4004 398 4037 vero
416 3986 500 4036 laicos
518 3999 657 4034 monemus
686 3993 717 4034 ut
744 3982 874 4035 honorem
902 3983 1120 4036 eeclesiasticam
1148 3999 1257 4037 conser-

147 4066 229 4115 vent,
250 4067 278 4108 ct
296 4057 403 4118 dipnmn
422 4056 623 4108 venerationem
642 4055 779 4123 Episcopis
800 4063 828 4105 ct
846 4055 897 4104 Dei
915 4054 1111 4106 Sacerdotibus
1141 4053 1257 4106 exhibe·

149 4137 209 4183 ant,
232 4127 310 4176 etad
332 4122 424 4176 edrunr
446 4124 675 4194 praedicationem
694 4141 755 4174 curn
774 4125 828 4174 suis
847 4123 945 4175 devote
964 4123 1132 4187 occurrant,
1162 4133 1191 4176 et
1217 4124 1258 4175 ie·

146 4197 223 4246 iunia
240 4196 273 4245 ab
293 4197 345 4245 illis
366 4197 547 4248 eornrnnniter
563 4193 666 4246 indicta
687 4204 846 4246 reverenter
864 4203 1043 4255 conservent,
1074 4202 1102 4244 ct
1126 4211 1188 4244 suos
1208 4193 1257 4244 ob-

147 4283 251 4316 servare
271 4267 388 4316 doceant
407 4277 434 4318 et
453 4265 625 4335 compellant.
665 4265 700 4315 Ut
720 4265 801 4314 etiam
820 4264 876 4314 dies
895 4264 1046 4316 dominicus
1074 4265 1147 4314 sicut
1171 4264 1255 4316 decet

146 4336 296 4392 honoretur
315 4346 341 4388 et
361 4337 486 4402 colatur,
509 4351 600 4390 ornnes
619 4335 757 4389 studeant.
794 4335 829 4388 Et
855 4344 886 4386 ut
904 4333 1020 4390 liberius
1047 4333 1107 4389 fieri
1128 4334 1234 4406 possint
