2786 4980
167 278 217 357 78
397 301 530 360 aena
639 303 884 361 castrutium
989 313 1051 372 sss.
1164 263 1171 274 ’

165 441 320 587 avpncnli
343 443 481 506 consilio
514 451 546 505 et
571 445 693 506 auxilio
716 453 749 507 et
779 455 886 510 vestro
908 449 1069 516 adiutorio
1086 477 1282 540 permanere

166 546 208 588 vo
224 548 252 589 ο.

364 635 526 696 Tauria
568 655 863 699 unauna-urio
906 641 1078 706 Kanum.

245 739 335 801 Deus
357 739 561 822 omnipotens
587 739 678 800 nobis
699 738 799 801 donet
821 752 856 804 ut
874 755 1011 806 vestram
1034 748 1224 814 fidelitatem
1244 767 1282 817 et

165 831 306 886 vestrum
328 824 536 900 adiutorium,
558 843 644 902 quae
662 843 789 904 semper
805 836 916 887 contra
932 850 989 890 nos
1005 853 1078 893 cum
1100 836 1187 894 omni
1207 839 1280 898 har-

163 915 243 966 natu
271 905 522 981 demonstrastis,
552 912 585 964 et
605 903 695 965 vobis
716 907 762 966 sic
784 927 908 970 merere
934 915 1089 992 possimus
1112 917 1196 980 sicut
1216 938 1277 979 aa,

162 996 339 1049 tecessores
360 989 460 1048 nostri
481 985 594 1048 vestris
620 991 874 1053 antecessoribus
899 994 932 1052 in
958 995 1045 1058 bono
1066 1013 1276 1082 meruerunt,

163 1080 196 1132 et
218 1091 275 1132 nos
296 1069 388 1132 vobis
409 1091 484 1131 cum
505 1069 593 1132 omni
614 1069 757 1131 bonitate
781 1075 930 1138 volumus
952 1091 1156 1150 commerere.
1201 1135 1203 1142 a

379 1249 811 1314 TITULUS
876 1255 1053 1325 XXVI.

368 1386 631 1429 SAGRAMEM'A
670 1389 770 1430 APUD
809 1392 1067 1440 csursttcuu.

160 1489 264 1564 Aeta
277 1499 364 1558 sunt
382 1485 476 1556 haec
497 1486 691 1577 sequentia·
709 1489 815 1580 apud
836 1490 1072 1560 Curisiacum
1079 1494 1272 1586 palatium

87 1594 91 1602 '
159 1613 261 1659 anno
275 1586 561 1659 Inearnationis
580 1585 811 1657 Dominicue
834 1588 1127 1688 DCCCLVHI,
1146 1595 1274 1686 Regni

158 1701 284 1760 autem
304 1686 448 1756 Domni
471 1685 609 1755 Karoli
628 1688 1058 1780 xvr11.[nclirtionevt,
1084 1711 1160 1762 ΧΗ.
1179 1696 1271 1766 Kal.

313 1784 315 1792 '
363 1782 528 1878 Aprilis,
555 1786 596 1854 in
616 1785 694 1854 Dei
715 1788 865 1860 nomine
883 1789 1061 1880 feliciter.

302 1916 745 1978 Saeuaueuruu
807 1917 1122 1986 Frnnuruu.

157 2011 343 2136 Quantum
378 2067 482 2128 sciero
509 2074 541 2128 et
565 2076 723 2150 potuero,
751 2069 892 2131 Domino
918 2069 1113 2150 adiuvante,
1143 2073 1269 2156 absque

155 2157 224 2218 ulla
241 2152 408 2214 dolositate
432 2160 486 2210 aut
501 2150 708 2229 seductione,
739 2162 771 2212 et
789 2151 926 2214 consilio
951 2163 983 2213 et
1004 2154 1127 2214 auxilio
1153 2178 1268 2217 secun·

154 2239 232 2301 dum
253 2257 360 2296 meum
380 2233 598 2295 ministerium
618 2243 651 2294 et
670 2233 849 2295 secundum
874 2256 977 2294 meam
995 2257 1164 2317 personam
1189 2239 1271 2301 fide·

154 2321 193 2383 lis
212 2319 303 2384 vobis
318 2317 447 2379 adiutor
463 2337 519 2376 ero
543 2327 580 2377 ut
597 2315 686 2376 illam
703 2326 904 2399 potestatem,
920 2339 1017 2399 quam
1036 2318 1070 2376 in
1092 2319 1184 2402 regio
1207 2343 1271 2383 no-

153 2405 242 2465 mine
264 2399 520 2482 etregnovobis
543 2401 631 2460 Deus
662 2399 840 2480 concessit,
870 2400 910 2460 ad
939 2400 1038 2481 ipsius
1066 2401 1270 2464 voluntatem

154 2497 187 2548 et
208 2487 248 2547 ad
265 2494 404 2547 vestram
426 2505 462 2543 ac
483 2481 629 2542 fidelium
652 2491 832 2542 vestrorum
851 2483 1081 2559 salvationem,
1110 2506 1183 2545 cum
1208 2487 1270 2546 de-

150 2569 219 2632 bito
234 2566 401 2629 ethonore
421 2575 454 2628 et
471 2564 592 2647 vigore,
613 2572 724 2642 tenere
739 2573 772 2625 et
787 2564 966 2646 gubernare
988 2565 1131 2646 possitis:
1153 2578 1186 2629 et
1206 2589 1272 2650 pro

150 2650 364 2714 ullohomine
385 2671 450 2709 uon
470 2669 521 2708 me
541 2647 618 2706 inde
635 2646 806 2723 retraham,
828 2661 985 2730 quantum
1009 2651 1097 2713 Deus
1117 2649 1197 2710 mihi
1212 2651 1270 2710 in·

149 2737 318 2800 tellectum
335 2742 369 2795 et
392 2730 637 2816 possibilitatem
657 2729 837 2792 donaverit.

297 2837 799 2921 ¹Saeaarauuruu'
864 2835 1051 2899 Reors.
1158 2904 1161 2916 ,

231 2948 275 3010 Et
296 2966 373 3028 ego,
396 2953 554 3028 quantum
573 2943 677 3005 sciero
694 2952 726 3004 et
737 2943 975 3007 rationabiliter
986 2956 1135 3029 potuero,
1151 2949 1265 3010 Domi-

150 3053 194 3093 no
216 3029 402 3105 adiuvante,
425 3047 692 3108 unumquemque
715 3036 857 3088 vestrum
884 3029 1063 3090 secundum
1089 3052 1185 3092 suum
1213 3055 1267 3095 or·

150 3114 261 3176 dinem
279 3119 311 3172 et
331 3129 502 3192 personam
520 3109 687 3170 honorabo
713 3116 746 3169 et
774 3108 922 3186 salvabo,
951 3119 985 3172 et
1009 3111 1203 3174 honoratum
1218 3129 1264 3178 'ac

148 3196 307 3258 salvatum
336 3191 455 3274 absque
479 3192 548 3251 ullo
581 3191 657 3252 dolo
685 3206 723 3252 ac
752 3191 956 3266 damnatione
986 3195 1040 3255 vei
1065 3195 1263 3278 deceptione

149 3275 367 3353 conservabo,
390 3286 423 3336 et
448 3271 626 3355 unicuique
652 3283 890 3356 competentem
911 3275 1016 3357 legem
1043 3286 1076 3336 et
1102 3278 1263 3340 iustitiam

134 3358 359 3425 conservabo.
400 3355 508 3439 thui
528 3356 617 3416 illam
635 3378 766 3418 necesse
786 3356 945 3435 habuerit,
969 3369 1001 3420 et
1022 3359 1267 3422 rationabiliter

146 3442 289 3530 petierit,
311 3440 541 3502 rationabilem
561 3438 816 3502 misericordiam
836 3439 1018 3520 exhibebo,
1047 3442 1132 3503 sicut
1153 3444 1262 3506 fidelis

145 3531 217 3594 Rex
237 3545 311 3587 suos
334 3523 447 3585 fideles
470 3543 529 3606 per
547 3531 672 3589 rectum
690 3522 851 3584 honorare
873 3532 905 3583 et
922 3524 1043 3586 salvare
1071 3535 1103 3586 et
1130 3526 1264 3587 unicui·

146 3631 211 3694 que
236 3614 475 3690 competentem
495 3605 601 3687 legem
619 3613 655 3666 et
676 3604 831 3665 iustitiam
852 3603 885 3663 in
906 3628 1105 3688 unoquoque
1129 3609 1258 3672 Ordine

146 3707 350 3766 conservare,
372 3697 404 3751 et
424 3687 646 3774 indigentibus
679 3696 711 3746 et
732 3686 968 3758 rationabiliter
989 3689 1176 3772 petentibus
1207 3713 1258 3752 ra·
1283 3702 1285 3708 ’

144 3774 335 3838 tionabilem
361 3770 615 3832 misericordiam
636 3769 734 3848 debet
755 3769 953 3854 impendere.
1011 3772 1054 3830 Et
1080 3794 1139 3854 pro
1161 3773 1257 3835 nullo

143 3857 277 3922 homine
304 3855 343 3915 ab
373 3854 637 3936 hoc,'quantum
666 3851 798 3913 dimittit
819 3852 958 3912 humana
983 3854 1159 3935 fragilitas,
1196 3879 1258 3938 per

143 3941 287 4007 studium
316 3948 371 3998 aut
395 3935 645 3996 malivolentiam
675 3935 728 3996 vel
762 3935 900 3998 alicuius
928 3936 1110 3997 indebitum
1142 3937 1258 3999 horta-

142 4033 290 4089 mentum
320 4019 475 4095 deviabo,
504 4027 662 4100 qnantum
686 4016 768 4078 mihi
788 4020 876 4080 Deus
905 4017 1109 4081 intellectum
1131 4030 1165 4081 et
1183 4043 1258 4104 pos-

143 4109 329 4171 sibilitatem
341 4101 520 4164 donaverit.
561 4102 604 4161 Et
624 4102 729 4184 siper
750 4101 958 4184 fragilitatem
982 4112 1094 4163 contra
1114 4101 1177 4165 hoc
1196 4104 1256 4162 mi-

142 4192 180 4254 hi
206 4188 394 4270 subreptum
419 4184 533 4260 luerit,
556 4206 630 4247 cum
651 4183 714 4247 hoc
734 4204 970 4270 recognovero,
1001 4185 1183 4250 voluntarie
1209 4187 1255 4248 il·

141 4273 202 4340 lud
231 4268 403 4336 emendare
433 4266 562 4331 curabo.
