2712 4992
561 322 805 402 sianonmcan
1155 329 1226 403 389

116 489 228 572 pensis
250 487 494 552 confirmassem.
537 485 616 547 Ideo
637 487 757 568 placuit
779 487 856 546 milri
885 497 920 546 nt
944 489 1027 548 hanc
1050 487 1225 553 editionem

116 575 154 632 in
178 582 209 633 te
233 571 399 633 adfirmare
421 569 588 644 deberem,
609 571 697 651 quod
719 570 761 629 ita
785 581 818 631 et
838 571 921 647 feci,
947 581 981 631 ut
1006 571 1031 631 si
1058 573 1144 654 apud
1173 598 1223 636 me

115 656 161 716 de
184 655 259 734 ipsis
285 655 380 714 rebus
409 653 442 711 in
467 650 605 711 rationes
629 654 682 713 vel
701 653 733 710 in
756 653 913 712 iudicium
930 653 1103 732 introieris,
1130 665 1162 717 et
1180 657 1226 738 ip·

114 760 152 796 sa
176 759 268 797 causa
294 737 381 794 inter
403 755 460 794 nos
487 734 611 815 legibus
641 734 772 794 delinita
795 735 909 811 suerit,
942 746 973 796 et
1007 757 1076 795 mea
1105 737 1225 800 iniusta

113 820 221 878 fuerit
249 817 407 878 accusatio
429 817 642 898 comprobata,
665 817 703 877 de
732 818 843 878 eadem
864 817 1046 878 causatione
1069 820 1222 901 omnique

115 909 262 981 tempore
286 899 414 981 quietus
435 899 585 976 resideas,
607 908 639 959 et
655 905 797 981 sumptus
820 900 872 960 vel
900 922 1056 981 expensas
1078 906 1224 982 superius

116 982 320 1057 nominatas,
349 981 465 1063 quibus
492 1002 550 1063 pro
580 982 822 1042 necessitatibus
849 981 913 1043 tuis
936 1004 987 1042 me
1010 985 1223 1064 compellente

115 1065 207 1125 visus
233 1085 264 1124 es
291 1064 493 1146 expendisse,
515 1065 692 1124 secundum
713 1063 794 1145 legis
819 1064 976 1142 ordinem,
998 1073 1157 1126 transacto
1182 1066 1224 1125 li·

115 1146 160 1207 tis
182 1157 336 1228 tempore,
359 1146 499 1226 partibus
522 1146 585 1206 tuis
607 1168 703 1228 cogar
725 1146 860 1211 restitui.
902 1147 945 1207 Et
969 1167 1027 1228 pro
1049 1147 1098 1206 rei
1127 1148 1224 1208 totius

116 1229 266 1288 firmitate
296 1228 380 1288 banc
413 1227 590 1288 editionem
625 1249 721 1287 manu
749 1228 876 1310 propria
905 1229 1016 1289 subter
1043 1226 1165 1291 firmavi
1192 1241 1244 1314 et,

114 1311 277 1371 bonorum
305 1311 448 1372 virorum
469 1311 682 1372 roborandam
702 1311 843 1372 decrevi.
884 1312 988 1372 Fmrr.

137 1442 181 1504 Et
202 1444 230 1502 si
251 1441 291 1500 de
312 1439 481 1502 homicidio
511 1441 666 1499 accusatio
686 1440 894 1520 processerit,
923 1438 1094 1500 secundum
1122 1441 1200 1501 banc

383 1523 566 1581 sententiam
587 1523 752 1604 inscriptio
774 1522 958 1586 celebretur.

200 1661 396 1740 Quicunque
422 1658 521 1719 alium
543 1657 582 1718 de
608 1657 776 1717 homicidii
805 1658 939 1725 crimine
967 1656 1150 1740 periculosa
1169 1663 1223 1721 vel

115 1741 452 1827 capitaliobiectione
476 1739 662 1823 pulsaverit,
681 1762 745 1799 non
771 1741 861 1822 prius
886 1743 903 1801 ia
924 1741 1088 1802 Iudicibus
1111 1744 1223 1803 audia-

115 1839 279 1909 turquam
302 1847 335 1886 se
351 1823 488 1884 similem
508 1845 644 1906 poenam
667 1844 763 1903 quam
784 1845 839 1884 reo
861 1824 1002 1884 intendit
1025 1825 1224 1905 conscripse·

114 1912 160 1971 rit
180 1909 369 1969 subiturum.
411 1906 454 1965 Et
474 1905 499 1967 si
526 1926 634 1966 servos
658 1906 779 1965 alienos
810 1906 1004 1966 accusandos
1030 1926 1097 1966 esse
1123 1907 1225 1966 credi-

115 1993 212 2067 derit,
233 2011 266 2054 se
285 1987 383 2050 simili
405 1987 614 2069 inscriptione
637 1987 833 2068 constringat
853 1990 1009 2062 futurum,
1031 1996 1067 2046 ut
1082 1997 1137 2046 aut
1152 2010 1225 2070 sup-

115 2073 214 2156 plicia
243 2070 465 2132 innocentium
494 2091 679 2146 servorum,
715 2077 768 2129 aut
796 2091 900 2152 poena
930 2070 1042 2154 capitis
1069 2070 1139 2148 sui,
1170 2081 1224 2133 aut

117 2155 307 2219 facultatum
330 2152 499 2214 amissione
522 2161 716 2234 compenset.

491 2283 612 2343 Relatio
639 2305 707 2343 cum
734 2282 864 2344 iudicio.

197 2403 298 2463 XXX.
339 2399 537 2462 Auctoritate
559 2398 639 2480 legis
657 2410 863 2481 praeceptum
887 2411 934 2461 est
957 2411 992 2461 nt
1012 2401 1044 2459 in
1067 2411 1135 2463 toto
1159 2403 1224 2465 litis

115 2485 253 2546 termino
270 2485 456 2564 requiratur
476 2503 534 2564 per
554 2503 652 2563 quem
674 2491 741 2540 orta
766 2493 813 2542 est
831 2485 1006 2547 contentio.
1049 2486 1089 2543 Et
1106 2486 1132 2544 si
1150 2488 1223 2564 quis

116 2567 156 2627 ad
179 2566 322 2647 rapinam
349 2566 529 2625 faciendam
558 2565 762 2644 adgreditur,
797 2574 852 2623 aut
877 2566 940 2624 iter
969 2576 1116 2646 agentem
1144 2567 1224 2628 insi-

115 2649 260 2724 diaverit,
282 2657 337 2709 aut
362 2648 491 2708 domum
512 2646 643 2707 alterius
666 2657 841 2705 nocturnus
864 2647 1060 2728 spoliaverit,
1083 2669 1167 2708 mors
1189 2674 1224 2707 a·

113 2731 219 2790 nimae
243 2730 340 2812 ipsius
365 2751 404 2789 ne
427 2729 619 2810 requiratur,
663 2729 764 2808 Igitur
789 2750 847 2809 ego
871 2729 903 2786 in
926 2729 986 2788 Dei
1009 2731 1139 2790 nomine
1164 2732 1220 2791 illc

112 2813 218 2873 ludex
240 2811 372 2871 veniens
401 2811 435 2869 in
458 2812 530 2871 loco
551 2821 757 2890 nuncupante
781 2811 856 2887 illo,
889 2811 947 2868 sub
970 2811 1020 2870 die
1045 2812 1119 2888 illo,
1157 2835 1222 2872 una

114 2917 187 2956 cum
217 2893 310 2955 bonis
337 2892 545 2970 hominibus,
575 2892 614 2952 ad
642 2892 750 2950 locum
777 2892 988 2968 accessionis,
1018 2895 1073 2952 ubi
1103 2897 1238 2975 aliquis·

113 2979 208 3039 homo
227 2974 356 3036 nomine
373 2975 428 3035 ille
447 2976 608 3057 quondam
626 2973 812 3035 interfectus
829 2975 962 3049 iacebat,
979 2978 1148 3057 requirens
1165 3001 1223 3060 pro

114 3080 178 3139 qua
201 3079 235 3118 re
258 3058 378 3120 ibidem
403 3058 591 3118 interfectus
622 3057 759 3131 fuisset,
793 3057 851 3116 sed
880 3057 1046 3120 venientes
1073 3059 1220 3121 homines

113 3141 233 3200 ibidem
258 3149 520 3215 commanentes,
555 3138 611 3220 qui
644 3139 677 3197 in
714 3138 808 3198 initio
838 3138 902 3198 litis
932 3139 1050 3200 ibidem
1075 3143 1219 3220 fuerunt,

115 3223 166 3284 vel
199 3222 256 3304 qui
276 3223 315 3283 ad
345 3222 428 3304 ipsos
455 3243 550 3282 uccos
580 3222 615 3294 t)
647 3232 861 3281 cucurrerunt
887 3222 1016 3301 quando
1053 3224 1219 3290 iamdictus

113 3305 208 3364 homo
230 3305 350 3364 ibidem
375 3305 562 3368 interfectus
582 3303 665 3379 luit,
687 3304 795 3362 taliter
812 3303 1035 3363 'testimonium
1060 3309 1220 3390 praebue-

114 3395 202 3461 runt,
225 3396 260 3445 nt
282 3387 358 3445 dum
374 3387 491 3467 aliquis
509 3386 605 3446 homo
631 3386 760 3446 nomine
788 3385 844 3445 ille
868 3386 1056 3447 solemniter
1081 3390 1140 3448 sibi
1158 3413 1220 3449 am-

114 3469 267 3542 bulabat,
297 3469 342 3530 sic
367 3470 429 3528 iam
460 3469 563 3529 dictus
588 3468 643 3527 ille
671 3469 834 3548 quondam
860 3468 962 3548 ipsum
983 3471 1144 3532 adsallivit
1166 3476 1220 3533 vel

115 3551 294 3628 insidiavit,
326 3562 357 3612 et
380 3573 431 3612 res
458 3573 527 3611 suas
557 3552 586 3610 ci
617 3549 827 3625 contradixit,
854 3561 948 3630 atque
976 3552 1135 3613 violenter
1164 3577 1218 3614 su-

113 3655 171 3714 per
194 3633 298 3714 ipsum
323 3636 488 3714 evaginato
516 3633 621 3716 gladio
643 3635 754 3702 venit;
786 3633 872 3693 unde
896 3634 1014 3692 livores
1041 3636 1093 3696 vel
1120 3658 1218 3717 capu·

114 3717 234 3780 laturae
258 3725 353 3796 atque
370 3715 497 3797 colaphi
517 3715 676 3774 manifesti
694 3715 855 3796 apparent.
899 3715 975 3774 ldeo
999 3718 1128 3795 etenim,
1143 3720 1219 3779 dum

114 3798 158 3858 sic
181 3799 297 3859 veritas
320 3800 559 3879 comprobatur,
583 3797 716 3858 veniens
745 3798 806 3856 iam
832 3797 934 3857 dictus
957 3797 1012 3856 illc
1035 3801 1218 3881 adprehen-

113 3903 177 3941 sam
197 3879 329 3940 manum'
348 3882 400 3941 vel
428 3903 513 3939 arma
533 3881 685 3962 praedicti
708 3879 837 3955 Indicis,
859 3881 941 3938 sicut
966 3901 1033 3940 mos
1055 3893 1112 3958 est,
1133 3885 1219 3964 apud

113 3961 258 4023 homines
290 3961 462 4023 duodecim
488 3983 586 4022 manu
614 3985 670 4022 sua
705 3961 797 4021 tertia
824 3962 947 4020 decima
974 3962 1137 4026 dextrales
1165 3969 1213 4030 vel

114 4044 297 4106 coniuratus
317 4044 400 4111 dixit
418 4045 506 4132 quod
530 4045 604 4112 dum
632 4045 697 4132 ipsc
720 4044 919 4110 sollemniter
941 4043 1000 4108 sibi
1027 4047 1221 4126 ambulabat,

116 4198 430 4212 m

148 4271 179 4338 le)
216 4273 249 4323 al.
277 4291 324 4330 ms.
344 4272 453 4332 buccas.
