2712 4992
186 287 262 364 298
480 309 665 368 umorum
701 313 945 370 soanensnuu

187 449 365 512 cumomni
392 449 576 534 integritate
605 452 665 516 visi
691 455 811 520 luimus
832 455 1034 520 concessisse.
1082 453 1258 537 Quapropter

186 557 245 618 pcr
264 542 465 616 praesentem
479 537 698 598 anctoritatem
717 547 856 599 nostram
874 537 1087 613 decernimus,
1108 537 1188 616 quod
1203 561 1260 620 pcr-

209 617 359 677 etualiter
378 637 559 679 mansuram
583 641 650 681 esse
671 620 837 696 iubemus,
861 630 897 680 nt
921 621 990 702 ipsa
1017 620 1094 680 villa
1115 631 1260 680 memorata

185 639 333 761 Ecclesia
347 699 423 774 illa,
446 701 500 762 vel
520 701 704 765 antedictus
723 704 895 780 Pontifex,
916 713 972 762 aut
1001 702 1060 763 ille
1092 701 1205 778 Abbas,
1233 711 1262 762 ut

186 781 327 844 diximus
343 781 377 841 in
392 783 479 842 omui
498 783 681 866 integritate
699 807 772 847 cum
788 785 904 862 terris,
925 795 958 846 et
982 794 1107 846 caetera
1130 806 1203 865 qnae
1219 807 1262 844 su·
1315 819 1316 852 i

184 865 295 948 perias
313 874 405 943 suut,
426 865 470 924 itu
488 875 524 926 ut
545 887 615 928 eam
639 877 672 929 et
694 867 754 949 ipsi
773 878 805 930 et
830 889 1029 930 successores
1056 865 1106 928 sni
1129 866 1263 944 babeant,

185 957 327 1026 teneant,
339 957 371 1008 et
381 948 574 1030 possideant,
594 951 647 1012 vel
667 950 824 1032 quicquid
845 950 964 1012 exinde
980 950 1021 1010 ad
1041 949 1264 1032 profectumEc·

185 1031 304 1093 clesiae
329 1030 419 1092 illius
453 1040 508 1091 aut
534 1031 684 1094 basilicae
710 1035 817 1094 facere
845 1032 1032 1110 voluerint,
1065 1053 1104 1092 ex
1135 1031 1264 1112 permisso

185 1124 297 1174 nostro
315 1113 348 1173 iu
369 1113 516 1176 omnibus
533 1113 672 1175 habeant
695 1125 890 1197 potestatem.
932 1117 975 1176 Et
991 1125 1029 1176 nt
1053 1114 1133 1174 haec
1149 1114 1264 1175 anctori-

185 1205 234 1258 tas
259 1196 383 1256 firmior
404 1196 561 1258 habeatur
587 1200 642 1258 vel
667 1221 725 1280 per
749 1209 891 1279 tempora
920 1206 1146 1274 conservetur,
1175 1217 1264 1255 manus

188 1288 316 1342 nostrae
331 1278 622 1364 subscriptionibus
640 1283 752 1342 subter
775 1303 845 1344 eam
862 1275 1066 1343 decrerimns
1082 1279 1230 1346 roborare.

630 1409 848 1496 Confirmatio.

226 1521 322 1587 XVI.
344 1525 450 1603 Quem
468 1524 577 1588 divina
589 1525 690 1608 pietas
704 1525 896 1588 sublimatur
907 1527 947 1589 ad
960 1547 1115 1610 regnum,
1135 1526 1266 1588 condecet

187 1607 272 1668 faeta
289 1629 480 1670 conservare
504 1619 687 1690 parentum
710 1610 882 1692 praecipue
900 1632 982 1692 quae
1009 1633 1069 1692 pro
1094 1610 1267 1692 compendiis

182 1690 404 1754 Ecclesiarnm
421 1700 475 1751 ant
493 1691 573 1752 locis
594 1693 784 1753 Sanctorum
803 1693 937 1774 dregali
952 1692 1129 1755 clementia
1152 1714 1206 1776 pro
1226 1714 1265 1752 ae·

183 1782 277 1835 terna
298 1774 511 1835 retributione
526 1774 678 1856 probatur
694 1795 762 1835 esse
791 1775 979 1852 indultum,
1008 1785 1138 1857 oportet
1159 1795 1265 1836 conser-
1317 1787 1318 1800 ¹

183 1879 260 1920 vare
275 1856 309 1917 in
331 1878 456 1918 aevum.
479 1858 581 1938 Igitur
600 1857 793 1940 apostolicus
815 1859 865 1920 vir
881 1870 973 1941 pater
988 1867 1101 1920 noster
1118 1859 1152 1918 in
1163 1856 1266 1918 Christo

183 1939 244 2000 ille
259 1939 347 2000 illius
364 1940 452 1999 urbis
471 1939 647 2022 Episcopus
669 1940 860 2000 clementiae
883 1941 976 2023 regni
997 1943 1103 2002 nostri
1124 1940 1229 2002 detulit
1242 1939 1265 1996 in

184 2023 299 2084 notitia
325 2024 413 2103 quod
431 2022 486 2081 ille
508 2025 577 2083 Rex
598 2043 657 2104 per
680 2045 737 2082 sua
755 2023 982 2106 praeceptione
1008 2043 1069 2083 sua
1085 2039 1184 2083 manu
1209 2020 1266 2081 snb·

182 2105 302 2186 scripta
324 2107 364 2166 ad
383 2105 528 2166 Ecclesia
540 2105 645 2182 illius,
668 2105 721 2166 cui
743 2127 887 2186 praeesse
907 2105 1101 2184 dinoscitur,
1120 2105 1266 2167 villarun-

183 2198 321 2268 cnpante
351 2189 424 2262 illa,
454 2187 514 2248 sita
535 2188 568 2247 in
602 2209 680 2269 pago
710 2187 788 2264 illo,
817 2211 890 2250 cum
920 2189 1109 2269 integritate
1137 2210 1205 2263 sna,
1223 2184 1265 2245 snb

183 2270 271 2330 omni
294 2271 481 2346 emunitate,
503 2271 623 2352 absque
641 2270 741 2330 ullius
756 2269 892 2331 introitu
910 2271 1059 2332 lodicum
1075 2272 1116 2332 de
1136 2268 1266 2352 quaslibet

183 2374 293 2414 causas
308 2353 400 2414 freda
421 2353 616 2435 exigendum
637 2363 770 2436 propter
784 2375 900 2414 nomen
915 2354 1047 2413 Domini
1066 2352 1264 2418 concessisset;
1318 2353 1319 2362 ’

185 2444 217 2495 et
233 2435 334 2516 ipsam
353 2436 615 2518 praeceptionem
642 2458 675 2497 se
703 2457 778 2518 prae
804 2436 949 2496 manibus
975 2435 1098 2497 habere
1128 2435 1263 2505 adfirmat,

183 2529 218 2580 et
235 2529 438 2581 memoratam
455 2519 566 2580 villam
581 2519 649 2601 ipse
666 2518 818 2579 Pontifex
831 2519 891 2580 sub
914 2517 1028 2579 eodem
1051 2518 1196 2579 modoad
1214 2533 1265 2596 par·

183 2611 250 2662 tem
267 2603 434 2663 Ecclesiae
453 2601 618 2683 possidere
635 2600 782 2678 videtur,
803 2602 886 2684 petit
903 2600 1093 2663 celsitudini
1111 2610 1225 2660 nostrae
1241 2601 1265 2652 ut

184 2684 247 2746 lroc
265 2685 350 2745 circa
365 2686 478 2764 eodem
495 2685 547 2744 rel
561 2694 733 2744 memorata
750 2684 896 2745 Ecclesia
907 2684 1025 2744 Domni
1043 2684 1134 2744 illius
1148 2702 1201 2765 per
1214 2699 1265 2737 nos·
1319 2759 1320 2764 ἵ

184 2769 242 2830 tris
257 2768 447 2829 deberemus
464 2766 653 2829 confirmare
671 2766 818 2827 oraculis.
839 2767 937 2843 Quod
951 2787 1008 2826 nos
1023 2775 1157 2848 propter
1173 2779 1263 2821 nomeu
1319 2769 1320 2778 ¹

183 2850 317 2912 Domini
339 2860 370 2912 et
392 2851 575 2912 reverentia
592 2848 691 2930 ipsius
719 2849 821 2909 sancti
841 2849 905 2910 loci
930 2848 984 2911 rel
1010 2850 1127 2909 merita
1149 2845 1265 2930 praelato

184 2931 343 2996 Pontifice
362 2943 506 3016 gratante
525 2933 633 2992 animo
649 2931 843 3014 praestitisse
872 2941 903 2992 et
924 2931 1129 2991 confirmasse
1157 2946 1264 3007 cognos-

184 3017 259 3081 cite.
301 3017 541 3097 Praecipientes
563 3015 650 3074 enim
677 3023 713 3075 ut
736 3013 819 3075 sicut
853 3022 977 3074 constat
1002 3015 1147 3095 praefata
1170 3003 1265 3072 rillai

184 3097 335 3160 iamdicto
346 3098 498 3179 Principe
518 3105 709 3158 memoratae
725 3096 889 3158 Ecclesiae
910 3096 999 3156 illins
1016 3117 1092 3156 cum
1109 3090 1265 3175 integritate

183 3181 243 3242 sub
257 3181 345 3242 omni
358 3181 532 3241 emunitate
545 3180 644 3241 inisse
664 3200 825 3256 concessa,
840 3187 873 3240 et
893 3201 963 3239 eam
978 3177 1178 3259 adpraesens
1192 3169 1266 3255 possi·

186 3264 264 3326 dere
284 3262 433 3340 ridetur,
456 3263 600 3344 inspecta
619 3261 686 3342 ipsa
710 3263 876 3338 cessione,
897 3283 957 3343 per
972 3259 1061 3320 hunc
1087 3264 1266 3338 praeceptum

183 3347 314 3431 plenius
331 3345 364 3404 in
388 3347 450 3407 Dei
475 3346 605 3406 nomine
627 3344 862 3420 confirmamus,
884 3345 944 3404 sub
971 3365 1009 3402 eo
1031 3344 1146 3403 ordine
1172 3336 1265 3429 etipse

186 3439 219 3491 et
240 3451 439 3490 successores
462 3428 531 3490 eius
553 3428 604 3490 rel
625 3437 798 3488 memorata
817 3427 963 3487 Ecclesia
988 3425 1109 3486 Domni
1134 3422 1213 3481 illins
1236 3418 1265 3510 il-

187 3515 250 3573 lam
269 3522 403 3572 teneant
421 3522 453 3572 et
468 3511 668 3593 possideant,
691 3520 724 3570 et
743 3530 854 3570 eorum
871 3508 1108 3578 successoribus
1124 3505 1162 3564 ad
1185 3521 1265 3594 P⁰⁵.⁵¹'

186 3596 329 3657 dendnm
344 3595 549 3674 relinquant,
572 3593 624 3654 vel
650 3591 808 3675 quicquid
832 3592 949 3652 exinde
976 3587 1266 3677 opportunitateurpr

186 3677 366 3740 siussaocti
390 3677 452 3737 loci
477 3676 663 3737 faciendum
691 3674 915 3751 decreverint,
946 3695 987 3734 ex
1009 3682 1118 3734 nostro
1139 3682 1265 3750 permtss⁰

187 3763 323 3822 liberam
360 3760 501 3821 habeant
535 3766 733 3844 potestatem.
787 3757 830 3818 Et
854 3767 889 3817 ut
921 3755 1001 3816 baec
1027 3753 1202 3816 auctoritas.
1236 3746 1265 3806 Et

188 3853 325 3909 caetera.

402 3977 482 4034 Item
502 3969 702 4055 confirmatio
726 3967 771 4030 ad
789 3969 980 4031 secularibus
1002 3970 1086 4034 viris.

272 4090 381 4152 XVll.
423 4087 554 4167 Regiam
574 4085 843 4146 consuetudinem
867 4105 1069 4161 exercemus,
1092 4092 1123 4144 et
1147 4075 1264 4140 fidelium

190 4186 370 4237 nostrorum
388 4171 509 4232 animos
532 4170 754 4243 adlrortamus,
776 4167 802 4227 si
823 4166 1032 4248 petitionibus
1055 4177 1221 4227 nostrorum
1236 4155 1264 4246 sj

193 4258 316 4322 delium
339 4256 480 4317 libenter
500 4252 694 4328 annuimus,
728 4260 760 4311 et
783 4270 834 4312 eas
859 4249 892 4308 in
917 4251 977 4311 Dei
1006 4248 1133 4312 nomine
1160 4244 1263 4308 effectu
