<?xml version="1.0" encoding="UTF-8"?>
<!DOCTYPE html PUBLIC "-//W3C//DTD XHTML 1.0 Transitional//EN"
    "http://www.w3.org/TR/xhtml1/DTD/xhtml1-transitional.dtd">
<html xmlns="http://www.w3.org/1999/xhtml" xml:lang="en" lang="en">
 <head>
  <title>
</title>
<meta http-equiv="Content-Type" content="text/html;charset=utf-8" />
  <meta name='ocr-system' content='tesseract 3.04.00' />
  <meta name='ocr-capabilities' content='ocr_page ocr_carea ocr_par ocr_line ocrx_word'/>
</head>
<body>
  <div class='ocr_page' id='page_1' title='image "./corpusiurisgerm01visigoog_0117.png"; bbox 0 0 2658 4978; ppageno 0'>
   <div class='ocr_carea' id='block_1_1' title="bbox 119 313 985 402">
    <p class='ocr_par' dir='ltr' id='par_1_1' title="bbox 119 313 985 402">
     <span class='ocr_line' id='line_1_1' title="bbox 119 313 985 402; baseline 0.006 -12"><span class='ocrx_word' id='word_1_1' title='bbox 119 313 197 392; x_wconf 81' lang='lat' dir='ltr'><strong>tot·</strong></span> <span class='ocrx_word' id='word_1_2' title='bbox 337 333 369 390; x_wconf 83' lang='lat' dir='ltr'><strong>s.</strong></span> <span class='ocrx_word' id='word_1_3' title='bbox 391 331 472 397; x_wconf 82' lang='lat' dir='ltr'><strong>cns.</strong></span> <span class='ocrx_word' id='word_1_4' title='bbox 574 333 820 398; x_wconf 75' lang='lat' dir='ltr'><strong>cernamur</strong></span> <span class='ocrx_word' id='word_1_5' title='bbox 926 337 985 402; x_wconf 80' lang='lat' dir='ltr'><strong>sss.</strong></span> 
     </span>
    </p>
   </div>
   <div class='ocr_carea' id='block_1_2' title="bbox 116 475 1217 822">
    <p class='ocr_par' dir='ltr' id='par_1_2' title="bbox 116 475 1217 822">
     <span class='ocr_line' id='line_1_2' title="bbox 117 475 1215 562; baseline -0.001 -20"><span class='ocrx_word' id='word_1_6' title='bbox 117 477 176 562; x_wconf 89' lang='lat' dir='ltr'><strong>qui</strong></span> <span class='ocrx_word' id='word_1_7' title='bbox 196 476 238 543; x_wconf 85' lang='lat' dir='ltr'><strong>ad</strong></span> <span class='ocrx_word' id='word_1_8' title='bbox 254 475 435 542; x_wconf 81' lang='lat' dir='ltr'><strong>universale</strong></span> <span class='ocrx_word' id='word_1_9' title='bbox 459 476 642 542; x_wconf 83' lang='lat' dir='ltr'><strong>Concilium</strong></span> <span class='ocrx_word' id='word_1_10' title='bbox 660 479 695 541; x_wconf 85' lang='lat' dir='ltr'><strong>ln</strong></span> <span class='ocrx_word' id='word_1_11' title='bbox 716 479 837 545; x_wconf 84' lang='lat' dir='ltr'><strong>vicinis</strong></span> <span class='ocrx_word' id='word_1_12' title='bbox 860 477 1065 544; x_wconf 72' lang='lat' dir='ltr'><strong>‘fuliensium</strong></span> <span class='ocrx_word' id='word_1_13' title='bbox 1083 477 1215 544; x_wconf 90' lang='lat' dir='ltr'><strong>conflu-</strong></span> 
     </span>
     <span class='ocr_line' id='line_1_3' title="bbox 117 559 1215 659; baseline 0 -35"><span class='ocrx_word' id='word_1_14' title='bbox 117 571 247 644; x_wconf 82' lang='lat' dir='ltr'><strong>xerunt,</strong></span> <span class='ocrx_word' id='word_1_15' title='bbox 267 559 420 659; x_wconf 74' lang='lat' dir='ltr'><strong>qnoniam</strong></span> <span class='ocrx_word' id='word_1_16' title='bbox 436 559 651 623; x_wconf 80' lang='lat' dir='ltr'><strong>calamitatum</strong></span> <span class='ocrx_word' id='word_1_17' title='bbox 669 562 775 625; x_wconf 88' lang='lat' dir='ltr'><strong>taedio</strong></span> <span class='ocrx_word' id='word_1_18' title='bbox 801 562 1004 641; x_wconf 77' lang='lat' dir='ltr'><strong>laborabant,</strong></span> <span class='ocrx_word' id='word_1_19' title='bbox 1028 585 1093 645; x_wconf 90' lang='lat' dir='ltr'><strong>quo</strong></span> <span class='ocrx_word' id='word_1_20' title='bbox 1119 561 1215 624; x_wconf 85' lang='lat' dir='ltr'><strong>inve-</strong></span> 
     </span>
     <span class='ocr_line' id='line_1_4' title="bbox 117 642 1215 729; baseline 0.002 -25"><span class='ocrx_word' id='word_1_21' title='bbox 117 642 229 707; x_wconf 88' lang='lat' dir='ltr'><strong>nirent</strong></span> <span class='ocrx_word' id='word_1_22' title='bbox 247 643 372 727; x_wconf 81' lang='lat' dir='ltr'>ahquid</span> <span class='ocrx_word' id='word_1_23' title='bbox 390 642 446 704; x_wconf 85' lang='lat' dir='ltr'><strong>uhi</strong></span> <span class='ocrx_word' id='word_1_24' title='bbox 470 644 698 706; x_wconf 75' lang='lat' dir='ltr'><strong>consolationis</strong></span> <span class='ocrx_word' id='word_1_25' title='bbox 719 644 820 727; x_wconf 81' lang='lat' dir='ltr'><strong>gratia</strong></span> <span class='ocrx_word' id='word_1_26' title='bbox 843 646 1066 729; x_wconf 70' lang='lat' dir='ltr'><strong>respirarent*</strong></span> <span class='ocrx_word' id='word_1_27' title='bbox 1087 645 1215 706; x_wconf 86' lang='lat' dir='ltr'><strong>Statue·</strong></span> 
     </span>
     <span class='ocr_line' id='line_1_5' title="bbox 116 724 1217 822; baseline -0.004 -34"><span class='ocrx_word' id='word_1_28' title='bbox 116 736 194 789; x_wconf 88' lang='lat' dir='ltr'><strong>rnnt</strong></span> <span class='ocrx_word' id='word_1_29' title='bbox 210 727 319 810; x_wconf 86' lang='lat' dir='ltr'><strong>itaque</strong></span> <span class='ocrx_word' id='word_1_30' title='bbox 335 734 372 787; x_wconf 91' lang='lat' dir='ltr'><strong>nt</strong></span> <span class='ocrx_word' id='word_1_31' title='bbox 395 746 453 822; x_wconf 90' lang='lat' dir='ltr'><strong>pro</strong></span> <span class='ocrx_word' id='word_1_32' title='bbox 475 746 509 788; x_wconf 91' lang='lat' dir='ltr'><strong>se</strong></span> <span class='ocrx_word' id='word_1_33' title='bbox 530 724 667 788; x_wconf 75' lang='lat' dir='ltr'><strong>invicem</strong></span> <span class='ocrx_word' id='word_1_34' title='bbox 684 748 805 805; x_wconf 91' lang='lat' dir='ltr'><strong>omnes,</strong></span> <span class='ocrx_word' id='word_1_35' title='bbox 826 728 901 791; x_wconf 89' lang='lat' dir='ltr'><strong>dum</strong></span> <span class='ocrx_word' id='word_1_36' title='bbox 919 728 1120 803; x_wconf 81' lang='lat' dir='ltr'><strong>adviverent,</strong></span> <span class='ocrx_word' id='word_1_37' title='bbox 1141 745 1217 808; x_wconf 87' lang='lat' dir='ltr'><strong>pre-</strong></span> 
     </span>
    </p>
   </div>
   <div class='ocr_carea' id='block_1_3' title="bbox 117 806 1327 891">
    <p class='ocr_par' dir='ltr' id='par_1_3' title="bbox 117 806 1327 891">
     <span class='ocr_line' id='line_1_6' title="bbox 117 806 1327 891; baseline -0.002 -21"><span class='ocrx_word' id='word_1_38' title='bbox 117 829 171 870; x_wconf 89' lang='lat' dir='ltr'><strong>ces</strong></span> <span class='ocrx_word' id='word_1_39' title='bbox 186 806 369 870; x_wconf 85' lang='lat' dir='ltr'><strong>huiusmodi</strong></span> <span class='ocrx_word' id='word_1_40' title='bbox 390 811 649 890; x_wconf 83' lang='lat' dir='ltr'><strong>trequentarent;</strong></span> <span class='ocrx_word' id='word_1_41' title='bbox 677 809 801 872; x_wconf 90' lang='lat' dir='ltr'><strong>scilicet</strong></span> <span class='ocrx_word' id='word_1_42' title='bbox 827 820 863 872; x_wconf 89' lang='lat' dir='ltr'><strong>nt</strong></span> <span class='ocrx_word' id='word_1_43' title='bbox 885 809 1005 890; x_wconf 80' lang='lat' dir='ltr'><strong>singuli</strong></span> <span class='ocrx_word' id='word_1_44' title='bbox 1030 831 1088 891; x_wconf 93' lang='lat' dir='ltr'><strong>pro</strong></span> <span class='ocrx_word' id='word_1_45' title='bbox 1110 827 1216 868; x_wconf 92' lang='lat' dir='ltr'><strong>cunc·</strong></span> <span class='ocrx_word' id='word_1_46' title='bbox 1326 883 1327 888; x_wconf 8' lang='grc' dir='ltr'>η</span> 
     </span>
    </p>
   </div>
   <div class='ocr_carea' id='block_1_4' title="bbox 115 887 1219 1470">
    <p class='ocr_par' dir='ltr' id='par_1_4' title="bbox 115 887 1219 1470">
     <span class='ocr_line' id='line_1_7' title="bbox 117 887 1216 974; baseline -0.004 -23"><span class='ocrx_word' id='word_1_47' title='bbox 117 890 157 952; x_wconf 90' lang='lat' dir='ltr'><strong>tis</strong></span> <span class='ocrx_word' id='word_1_48' title='bbox 180 913 239 974; x_wconf 90' lang='lat' dir='ltr'><strong>per</strong></span> <span class='ocrx_word' id='word_1_49' title='bbox 260 887 401 972; x_wconf 85' lang='lat' dir='ltr'><strong>singulas</strong></span> <span class='ocrx_word' id='word_1_50' title='bbox 420 888 644 966; x_wconf 79' lang='lat' dir='ltr'><strong>hebdomadas,</strong></span> <span class='ocrx_word' id='word_1_51' title='bbox 664 890 746 952; x_wconf 83' lang='lat' dir='ltr'><strong>feria</strong></span> <span class='ocrx_word' id='word_1_52' title='bbox 765 903 894 972; x_wconf 87' lang='lat' dir='ltr'><strong>quarta,</strong></span> <span class='ocrx_word' id='word_1_53' title='bbox 921 892 1049 954; x_wconf 82' lang='lat' dir='ltr'><strong>Missam</strong></span> <span class='ocrx_word' id='word_1_54' title='bbox 1065 888 1216 952; x_wconf 88' lang='lat' dir='ltr'><strong>celebra·</strong></span> 
     </span>
     <span class='ocr_line' id='line_1_8' title="bbox 115 969 1216 1055; baseline -0.005 -19"><span class='ocrx_word' id='word_1_55' title='bbox 115 982 200 1040; x_wconf 87' lang='lat' dir='ltr'><strong>rent.</strong></span> <span class='ocrx_word' id='word_1_56' title='bbox 239 974 316 1036; x_wconf 86' lang='lat' dir='ltr'><strong>Post</strong></span> <span class='ocrx_word' id='word_1_57' title='bbox 335 971 535 1034; x_wconf 89' lang='lat' dir='ltr'><strong>vocationem</strong></span> <span class='ocrx_word' id='word_1_58' title='bbox 556 980 661 1031; x_wconf 85' lang='lat' dir='ltr'><strong>antem</strong></span> <span class='ocrx_word' id='word_1_59' title='bbox 680 973 854 1036; x_wconf 87' lang='lat' dir='ltr'><strong>cuiuslibet</strong></span> <span class='ocrx_word' id='word_1_60' title='bbox 871 994 994 1051; x_wconf 91' lang='lat' dir='ltr'><strong>eorum,</strong></span> <span class='ocrx_word' id='word_1_61' title='bbox 1023 969 1216 1055; x_wconf 86' lang='lat' dir='ltr'><strong>superstites</strong></span> 
     </span>
     <span class='ocr_line' id='line_1_9' title="bbox 116 1051 1218 1136; baseline -0.004 -19"><span class='ocrx_word' id='word_1_62' title='bbox 116 1053 285 1117; x_wconf 85' lang='lat' dir='ltr'><strong>obtineant</strong></span> <span class='ocrx_word' id='word_1_63' title='bbox 303 1062 339 1115; x_wconf 91' lang='lat' dir='ltr'><strong>ut</strong></span> <span class='ocrx_word' id='word_1_64' title='bbox 357 1074 417 1136; x_wconf 90' lang='lat' dir='ltr'><strong>pro</strong></span> <span class='ocrx_word' id='word_1_65' title='bbox 430 1073 469 1114; x_wconf 86' lang='lat' dir='ltr'><strong>eo</strong></span> <span class='ocrx_word' id='word_1_66' title='bbox 488 1052 545 1136; x_wconf 87' lang='lat' dir='ltr'><strong>qui</strong></span> <span class='ocrx_word' id='word_1_67' title='bbox 568 1053 758 1133; x_wconf 84' lang='lat' dir='ltr'><strong>decesserit,</strong></span> <span class='ocrx_word' id='word_1_68' title='bbox 781 1055 814 1115; x_wconf 91' lang='lat' dir='ltr'><strong>in</strong></span> <span class='ocrx_word' id='word_1_69' title='bbox 834 1055 962 1118; x_wconf 82' lang='lat' dir='ltr'><strong>sedibus</strong></span> <span class='ocrx_word' id='word_1_70' title='bbox 976 1063 1127 1136; x_wconf 83' lang='lat' dir='ltr'><strong>septenae</strong></span> <span class='ocrx_word' id='word_1_71' title='bbox 1139 1051 1218 1113; x_wconf 89' lang='lat' dir='ltr'><strong>Mis·</strong></span> 
     </span>
     <span class='ocr_line' id='line_1_10' title="bbox 116 1131 1218 1220; baseline -0.005 -20"><span class='ocrx_word' id='word_1_72' title='bbox 116 1157 169 1200; x_wconf 91' lang='lat' dir='ltr'><strong>sae</strong></span> <span class='ocrx_word' id='word_1_73' title='bbox 188 1133 388 1218; x_wconf 74' lang='lat' dir='ltr'><strong>totidquue</strong></span> <span class='ocrx_word' id='word_1_74' title='bbox 407 1135 547 1218; x_wconf 83' lang='lat' dir='ltr'><strong>Vigiliae</strong></span> <span class='ocrx_word' id='word_1_75' title='bbox 568 1135 707 1197; x_wconf 90' lang='lat' dir='ltr'><strong>Domino</strong></span> <span class='ocrx_word' id='word_1_76' title='bbox 725 1139 958 1220; x_wconf 86' lang='lat' dir='ltr'><strong>persolvantur,</strong></span> <span class='ocrx_word' id='word_1_77' title='bbox 980 1159 999 1197; x_wconf 87' lang='lat' dir='ltr'><strong>a</strong></span> <span class='ocrx_word' id='word_1_78' title='bbox 1011 1131 1218 1216; x_wconf 79' lang='lat' dir='ltr'><strong>Presbyteris</strong></span> 
     </span>
     <span class='ocr_line' id='line_1_11' title="bbox 117 1215 1218 1298; baseline -0.003 -18"><span class='ocrx_word' id='word_1_79' title='bbox 117 1226 225 1281; x_wconf 89' lang='lat' dir='ltr'><strong>autem</strong></span> <span class='ocrx_word' id='word_1_80' title='bbox 236 1215 500 1281; x_wconf 86' lang='lat' dir='ltr'><strong>monasteriorum</strong></span> <span class='ocrx_word' id='word_1_81' title='bbox 517 1218 584 1283; x_wconf 90' lang='lat' dir='ltr'><strong>sive</strong></span> <span class='ocrx_word' id='word_1_82' title='bbox 607 1217 758 1279; x_wconf 88' lang='lat' dir='ltr'><strong>villarum</strong></span> <span class='ocrx_word' id='word_1_83' title='bbox 782 1229 847 1282; x_wconf 90' lang='lat' dir='ltr'><strong>tres</strong></span> <span class='ocrx_word' id='word_1_84' title='bbox 869 1219 983 1280; x_wconf 87' lang='lat' dir='ltr'><strong>Missae</strong></span> <span class='ocrx_word' id='word_1_85' title='bbox 1010 1218 1218 1298; x_wconf 87' lang='lat' dir='ltr'><strong>totidemque</strong></span> 
     </span>
     <span class='ocr_line' id='line_1_12' title="bbox 116 1297 1219 1398; baseline -0.007 -34"><span class='ocrx_word' id='word_1_86' title='bbox 116 1301 245 1398; x_wconf 69' lang='lat' dir='ltr'><strong>vigiliae</strong></span> <span class='ocrx_word' id='word_1_87' title='bbox 261 1298 492 1382; x_wconf 87' lang='lat' dir='ltr'><strong>dependantur.</strong></span> <span class='ocrx_word' id='word_1_88' title='bbox 533 1299 647 1362; x_wconf 83' lang='lat' dir='ltr'><strong>Exitus</strong></span> <span class='ocrx_word' id='word_1_89' title='bbox 668 1310 773 1362; x_wconf 85' lang='lat' dir='ltr'><strong>autem</strong></span> <span class='ocrx_word' id='word_1_90' title='bbox 791 1302 1046 1382; x_wconf 88' lang='lat' dir='ltr'><strong>uniuscuiusque</strong></span> <span class='ocrx_word' id='word_1_91' title='bbox 1069 1297 1219 1364; x_wconf 88' lang='lat' dir='ltr'><strong>vicissim</strong></span> 
     </span>
     <span class='ocr_line' id='line_1_13' title="bbox 116 1379 1219 1470; baseline -0.004 -26"><span class='ocrx_word' id='word_1_92' title='bbox 116 1383 179 1470; x_wconf 79' lang='lat' dir='ltr'><strong>piis</strong></span> <span class='ocrx_word' id='word_1_93' title='bbox 201 1381 404 1446; x_wconf 88' lang='lat' dir='ltr'><strong>currentibus</strong></span> <span class='ocrx_word' id='word_1_94' title='bbox 419 1379 534 1445; x_wconf 88' lang='lat' dir='ltr'><strong>litteris</strong></span> <span class='ocrx_word' id='word_1_95' title='bbox 552 1381 739 1445; x_wconf 87' lang='lat' dir='ltr'><strong>innotescat.</strong></span> <span class='ocrx_word' id='word_1_96' title='bbox 780 1383 970 1446; x_wconf 88' lang='lat' dir='ltr'><strong>Praesentes</strong></span> <span class='ocrx_word' id='word_1_97' title='bbox 988 1383 1083 1444; x_wconf 88' lang='lat' dir='ltr'><strong>etiam</strong></span> <span class='ocrx_word' id='word_1_98' title='bbox 1103 1380 1219 1442; x_wconf 87' lang='lat' dir='ltr'><strong>Abba-</strong></span> 
     </span>
    </p>
   </div>
   <div class='ocr_carea' id='block_1_5' title="bbox 117 1462 1322 1551">
    <p class='ocr_par' dir='ltr' id='par_1_5' title="bbox 117 1462 1322 1551">
     <span class='ocr_line' id='line_1_14' title="bbox 117 1462 1322 1551; baseline -0.002 -23"><span class='ocrx_word' id='word_1_99' title='bbox 117 1466 216 1528; x_wconf 87' lang='lat' dir='ltr'><strong>tesia</strong></span> <span class='ocrx_word' id='word_1_100' title='bbox 238 1475 303 1527; x_wconf 86' lang='lat' dir='ltr'><strong>tam</strong></span> <span class='ocrx_word' id='word_1_101' title='bbox 322 1463 489 1551; x_wconf 80' lang='lat' dir='ltr'><strong>profutura</strong></span> <span class='ocrx_word' id='word_1_102' title='bbox 504 1462 655 1532; x_wconf 84' lang='lat' dir='ltr'><strong>societate</strong></span> <span class='ocrx_word' id='word_1_103' title='bbox 679 1464 819 1550; x_wconf 84' lang='lat' dir='ltr'><strong>recepti,</strong></span> <span class='ocrx_word' id='word_1_104' title='bbox 842 1465 951 1530; x_wconf 86' lang='lat' dir='ltr'><strong>eadem</strong></span> <span class='ocrx_word' id='word_1_105' title='bbox 966 1485 999 1529; x_wconf 92' lang='lat' dir='ltr'><strong>se</strong></span> <span class='ocrx_word' id='word_1_106' title='bbox 1023 1463 1217 1528; x_wconf 81' lang='lat' dir='ltr'><strong>conditione</strong></span> <span class='ocrx_word' id='word_1_107' title='bbox 1321 1500 1322 1508; x_wconf 26' lang='grc' dir='ltr'><strong>κ</strong></span> 
     </span>
    </p>
   </div>
   <div class='ocr_carea' id='block_1_6' title="bbox 117 1549 304 1614">
    <p class='ocr_par' dir='ltr' id='par_1_6' title="bbox 117 1549 304 1614">
     <span class='ocr_line' id='line_1_15' title="bbox 117 1549 304 1614; baseline 0 -4"><span class='ocrx_word' id='word_1_108' title='bbox 117 1549 304 1614; x_wconf 85' lang='lat' dir='ltr'><strong>iunxerunt.</strong></span> 
     </span>
    </p>
   </div>
   <div class='ocr_carea' id='block_1_7' title="bbox 241 1713 1082 1895">
    <p class='ocr_par' dir='ltr' id='par_1_7' title="bbox 241 1713 1082 1895">
     <span class='ocr_line' id='line_1_16' title="bbox 353 1713 1010 1780; baseline 0 0"><span class='ocrx_word' id='word_1_109' title='bbox 353 1713 1010 1780; x_wconf 73' lang='lat' dir='ltr'><strong>T1Tunnsxxx.-</strong></span> 
     </span>
     <span class='ocr_line' id='line_1_17' title="bbox 241 1826 1082 1895; baseline 0 -3"><span class='ocrx_word' id='word_1_110' title='bbox 241 1826 391 1894; x_wconf 81' lang='lat' dir='ltr'><strong>Srnonr</strong></span> <span class='ocrx_word' id='word_1_111' title='bbox 429 1850 648 1895; x_wconf 78' lang='lat' dir='ltr'><strong>rossensis</strong></span> <span class='ocrx_word' id='word_1_112' title='bbox 684 1851 789 1894; x_wconf 75' lang='lat' dir='ltr'><strong>aron</strong></span> <span class='ocrx_word' id='word_1_113' title='bbox 827 1851 1082 1894; x_wconf 72' lang='lat' dir='ltr'><strong>siraninus.</strong></span> 
     </span>
    </p>
   </div>
   <div class='ocr_carea' id='block_1_8' title="bbox 103 1931 1220 2624">
    <p class='ocr_par' dir='ltr' id='par_1_8' title="bbox 103 1931 1220 2624">
     <span class='ocr_line' id='line_1_18' title="bbox 118 1931 1220 2030; baseline 0.003 -25"><span class='ocrx_word' id='word_1_114' title='bbox 118 1931 285 2006; x_wconf 79' lang='lat' dir='ltr'><strong>Libellus</strong></span> <span class='ocrx_word' id='word_1_115' title='bbox 313 1937 623 2028; x_wconf 82' lang='lat' dir='ltr'><strong>proclamationis</strong></span> <span class='ocrx_word' id='word_1_116' title='bbox 653 1939 780 2009; x_wconf 88' lang='lat' dir='ltr'><strong>domni</strong></span> <span class='ocrx_word' id='word_1_117' title='bbox 812 1939 951 2012; x_wconf 82' lang='lat' dir='ltr'><strong>Koroli</strong></span> <span class='ocrx_word' id='word_1_118' title='bbox 982 1939 1101 2030; x_wconf 79' lang='lat' dir='ltr'><strong>Regis</strong></span> <span class='ocrx_word' id='word_1_119' title='bbox 1137 1941 1220 2010; x_wconf 63' lang='lat' dir='ltr'><strong>am</strong></span> 
     </span>
     <span class='ocr_line' id='line_1_19' title="bbox 116 2034 1220 2131; baseline -0.001 -24"><span class='ocrx_word' id='word_1_120' title='bbox 116 2057 245 2108; x_wconf 78' lang='lat' dir='ltr'><strong>versus</strong></span> <span class='ocrx_word' id='word_1_121' title='bbox 267 2034 512 2128; x_wconf 86' lang='lat' dir='ltr'><strong>Wenilonem,</strong></span> <span class='ocrx_word' id='word_1_122' title='bbox 537 2035 876 2131; x_wconf 80' lang='lat' dir='ltr'><strong>Archiepiscopum</strong></span> <span class='ocrx_word' id='word_1_123' title='bbox 893 2039 1092 2118; x_wconf 78' lang='lat' dir='ltr'><strong>Senonum,</strong></span> <span class='ocrx_word' id='word_1_124' title='bbox 1120 2038 1220 2107; x_wconf 85' lang='lat' dir='ltr'><strong>elec-</strong></span> 
     </span>
     <span class='ocr_line' id='line_1_20' title="bbox 116 2133 1217 2228; baseline -0.003 -22"><span class='ocrx_word' id='word_1_125' title='bbox 116 2135 166 2206; x_wconf 87' lang='lat' dir='ltr'><strong>tis</strong></span> <span class='ocrx_word' id='word_1_126' title='bbox 208 2133 401 2206; x_wconf 84' lang='lat' dir='ltr'><strong>Iudicibus</strong></span> <span class='ocrx_word' id='word_1_127' title='bbox 445 2136 617 2228; x_wconf 87' lang='lat' dir='ltr'><strong>Remigio</strong></span> <span class='ocrx_word' id='word_1_128' title='bbox 656 2137 995 2228; x_wconf 78' lang='lat' dir='ltr'><strong>Lugdunensium,</strong></span> <span class='ocrx_word' id='word_1_129' title='bbox 1039 2136 1217 2206; x_wconf 86' lang='lat' dir='ltr'><strong>Eirardo</strong></span> 
     </span>
     <span class='ocr_line' id='line_1_21' title="bbox 103 2232 1219 2326; baseline -0.002 -21"><span class='ocrx_word' id='word_1_130' title='bbox 103 2232 374 2324; x_wconf 81' lang='lat' dir='ltr'><strong>·Turonorum,</strong></span> <span class='ocrx_word' id='word_1_131' title='bbox 404 2235 592 2308; x_wconf 86' lang='lat' dir='ltr'><strong>Weniloni</strong></span> <span class='ocrx_word' id='word_1_132' title='bbox 617 2235 984 2326; x_wconf 78' lang='lat' dir='ltr'><strong>Rothomagensium,</strong></span> <span class='ocrx_word' id='word_1_133' title='bbox 1011 2246 1047 2304; x_wconf 84' lang='lat' dir='ltr'><strong>et</strong></span> <span class='ocrx_word' id='word_1_134' title='bbox 1070 2235 1219 2303; x_wconf 81' lang='lat' dir='ltr'><strong>Rodul-</strong></span> 
     </span>
     <span class='ocr_line' id='line_1_22' title="bbox 112 2331 1214 2434; baseline -0.005 -30"><span class='ocrx_word' id='word_1_135' title='bbox 112 2332 191 2434; x_wconf 74' lang='lat' dir='ltr'><strong>pluo</strong></span> <span class='ocrx_word' id='word_1_136' title='bbox 225 2332 441 2426; x_wconf 82' lang='lat' dir='ltr'><strong>Biturigum</strong></span> <span class='ocrx_word' id='word_1_137' title='bbox 476 2331 783 2428; x_wconf 78' lang='lat' dir='ltr'><strong>Archiepiscopis</strong></span> <span class='ocrx_word' id='word_1_138' title='bbox 815 2335 854 2404; x_wconf 90' lang='lat' dir='ltr'><strong>in</strong></span> <span class='ocrx_word' id='word_1_139' title='bbox 884 2344 1018 2404; x_wconf 86' lang='lat' dir='ltr'><strong>sancta</strong></span> <span class='ocrx_word' id='word_1_140' title='bbox 1055 2334 1214 2424; x_wconf 81' lang='lat' dir='ltr'><strong>Synodo</strong></span> 
     </span>
     <span class='ocr_line' id='line_1_23' title="bbox 115 2430 1217 2525; baseline -0.004 -22"><span class='ocrx_word' id='word_1_141' title='bbox 115 2432 311 2503; x_wconf 87' lang='lat' dir='ltr'><strong>duodecim</strong></span> <span class='ocrx_word' id='word_1_142' title='bbox 325 2433 609 2525; x_wconf 77' lang='lat' dir='ltr'><strong>provinciarum</strong></span> <span class='ocrx_word' id='word_1_143' title='bbox 622 2435 727 2524; x_wconf 84' lang='lat' dir='ltr'><strong>apud</strong></span> <span class='ocrx_word' id='word_1_144' title='bbox 744 2431 947 2502; x_wconf 81' lang='lat' dir='ltr'><strong>Tullensem</strong></span> <span class='ocrx_word' id='word_1_145' title='bbox 967 2430 1217 2521; x_wconf 80' lang='lat' dir='ltr'><strong>Paroclaium,</strong></span> 
     </span>
     <span class='ocr_line' id='line_1_24' title="bbox 117 2529 1217 2624; baseline -0.005 -22"><span class='ocrx_word' id='word_1_146' title='bbox 117 2533 158 2605; x_wconf 88' lang='lat' dir='ltr'><strong>in</strong></span> <span class='ocrx_word' id='word_1_147' title='bbox 182 2529 395 2602; x_wconf 85' lang='lat' dir='ltr'><strong>suburbano</strong></span> <span class='ocrx_word' id='word_1_148' title='bbox 419 2533 581 2604; x_wconf 83' lang='lat' dir='ltr'><strong>eiusdem</strong></span> <span class='ocrx_word' id='word_1_149' title='bbox 599 2531 702 2602; x_wconf 86' lang='lat' dir='ltr'><strong>urbis</strong></span> <span class='ocrx_word' id='word_1_150' title='bbox 719 2533 818 2624; x_wconf 83' lang='lat' dir='ltr'><strong>quod</strong></span> <span class='ocrx_word' id='word_1_151' title='bbox 838 2533 976 2602; x_wconf 82' lang='lat' dir='ltr'><strong>dicitur</strong></span> <span class='ocrx_word' id='word_1_152' title='bbox 994 2531 1217 2622; x_wconf 86' lang='lat' dir='ltr'><strong>Saponarias</strong></span> 
     </span>
    </p>
   </div>
   <div class='ocr_carea' id='block_1_9' title="bbox 111 2628 1323 2728">
    <p class='ocr_par' dir='ltr' id='par_1_9' title="bbox 111 2628 1323 2728">
     <span class='ocr_line' id='line_1_25' title="bbox 111 2628 1323 2728; baseline -0.007 -26"><span class='ocrx_word' id='word_1_153' title='bbox 111 2630 276 2728; x_wconf 84' lang='lat' dir='ltr'><strong>propria</strong></span> <span class='ocrx_word' id='word_1_154' title='bbox 295 2631 420 2724; x_wconf 65' lang='lat' dir='ltr'><strong>,ipsius</strong></span> <span class='ocrx_word' id='word_1_155' title='bbox 445 2654 559 2703; x_wconf 85' lang='lat' dir='ltr'><strong>manu</strong></span> <span class='ocrx_word' id='word_1_156' title='bbox 578 2643 774 2724; x_wconf 83' lang='lat' dir='ltr'><strong>porrectus</strong></span> <span class='ocrx_word' id='word_1_157' title='bbox 801 2653 901 2703; x_wconf 87' lang='lat' dir='ltr'><strong>anno</strong></span> <span class='ocrx_word' id='word_1_158' title='bbox 930 2628 1218 2699; x_wconf 82' lang='lat' dir='ltr'><strong>Incarnationis</strong></span> <span class='ocrx_word' id='word_1_159' title='bbox 1319 2710 1323 2727; x_wconf 44' lang='grc' dir='ltr'>Ι</span> 
     </span>
    </p>
   </div>
   <div class='ocr_carea' id='block_1_10' title="bbox 141 2727 1202 2902">
    <p class='ocr_par' dir='ltr' id='par_1_10' title="bbox 141 2727 1202 2902">
     <span class='ocr_line' id='line_1_26' title="bbox 141 2727 1202 2823; baseline -0.008 -21"><span class='ocrx_word' id='word_1_160' title='bbox 141 2727 369 2802; x_wconf 84' lang='lat' dir='ltr'><strong>Dominicue</strong></span> <span class='ocrx_word' id='word_1_161' title='bbox 399 2730 639 2805; x_wconf 83' lang='lat' dir='ltr'><strong>DOCOLIX.</strong></span> <span class='ocrx_word' id='word_1_162' title='bbox 670 2729 804 2801; x_wconf 84' lang='lat' dir='ltr'><strong>Indict.</strong></span> <span class='ocrx_word' id='word_1_163' title='bbox 829 2749 916 2823; x_wconf 83' lang='lat' dir='ltr'><strong>vn,</strong></span> <span class='ocrx_word' id='word_1_164' title='bbox 955 2729 1202 2799; x_wconf 84' lang='lat' dir='ltr'><strong>xv111.Ka-.</strong></span> 
     </span>
     <span class='ocr_line' id='line_1_27' title="bbox 526 2829 808 2902; baseline -0.014 0"><span class='ocrx_word' id='word_1_165' title='bbox 526 2830 655 2902; x_wconf 76' lang='lat' dir='ltr'><strong>kndcs</strong></span> <span class='ocrx_word' id='word_1_166' title='bbox 677 2829 808 2900; x_wconf 83' lang='lat' dir='ltr'><strong>Iulias.</strong></span> 
     </span>
    </p>
   </div>
   <div class='ocr_carea' id='block_1_11' title="bbox 117 2939 1218 3831">
    <p class='ocr_par' dir='ltr' id='par_1_11' title="bbox 117 2939 1218 3831">
     <span class='ocr_line' id='line_1_28' title="bbox 197 2939 1217 3076; baseline -0.008 -15"><span class='ocrx_word' id='word_1_167' title='bbox 197 2995 226 3061; x_wconf 87' lang='grc' dir='ltr'><strong>Ῑ.</strong></span> <span class='ocrx_word' id='word_1_168' title='bbox 260 2939 386 3076; x_wconf 76' lang='lat' dir='ltr'><strong>Quia,</strong></span> <span class='ocrx_word' id='word_1_169' title='bbox 406 2994 490 3059; x_wconf 90' lang='lat' dir='ltr'><strong>sicut</strong></span> <span class='ocrx_word' id='word_1_170' title='bbox 510 2995 588 3060; x_wconf 88' lang='lat' dir='ltr'><strong>dicit</strong></span> <span class='ocrx_word' id='word_1_171' title='bbox 608 3007 735 3060; x_wconf 88' lang='lat' dir='ltr'><strong>sanctus</strong></span> <span class='ocrx_word' id='word_1_172' title='bbox 753 2995 945 3076; x_wconf 83' lang='lat' dir='ltr'><strong>Gregorius,</strong></span> <span class='ocrx_word' id='word_1_173' title='bbox 966 3003 1055 3057; x_wconf 85' lang='lat' dir='ltr'><strong>etex</strong></span> <span class='ocrx_word' id='word_1_174' title='bbox 1072 3013 1217 3053; x_wconf 90' lang='lat' dir='ltr'><strong>cousue-</strong></span> 
     </span>
     <span class='ocr_line' id='line_1_29' title="bbox 117 3077 1218 3162; baseline -0.005 -20"><span class='ocrx_word' id='word_1_175' title='bbox 117 3078 232 3144; x_wconf 85' lang='lat' dir='ltr'><strong>tudine</strong></span> <span class='ocrx_word' id='word_1_176' title='bbox 255 3081 376 3142; x_wconf 86' lang='lat' dir='ltr'><strong>olitana</strong></span> <span class='ocrx_word' id='word_1_177' title='bbox 397 3080 606 3162; x_wconf 84' lang='lat' dir='ltr'><strong>cognoscitis,</strong></span> <span class='ocrx_word' id='word_1_178' title='bbox 637 3079 671 3138; x_wconf 90' lang='lat' dir='ltr'><strong>in</strong></span> <span class='ocrx_word' id='word_1_179' title='bbox 697 3081 895 3154; x_wconf 87' lang='lat' dir='ltr'><strong>Francorum</strong></span> <span class='ocrx_word' id='word_1_180' title='bbox 923 3097 1024 3160; x_wconf 79' lang='lat' dir='ltr'><strong>regno</strong></span> <span class='ocrx_word' id='word_1_181' title='bbox 1049 3077 1153 3157; x_wconf 81' lang='lat' dir='ltr'><strong>Reges</strong></span> <span class='ocrx_word' id='word_1_182' title='bbox 1174 3095 1218 3137; x_wconf 84' lang='lat' dir='ltr'><strong>ex</strong></span> 
     </span>
     <span class='ocr_line' id='line_1_30' title="bbox 117 3157 1217 3247; baseline -0.005 -24"><span class='ocrx_word' id='word_1_183' title='bbox 117 3183 236 3247; x_wconf 81' lang='lat' dir='ltr'><strong>genere</strong></span> <span class='ocrx_word' id='word_1_184' title='bbox 257 3162 428 3243; x_wconf 60' lang='lat' dir='ltr'><strong>prodeunt</strong></span> <span class='ocrx_word' id='word_1_185' title='bbox 458 3161 538 3236; x_wconf 82' lang='lat' dir='ltr'><strong>mihi</strong></span> <span class='ocrx_word' id='word_1_186' title='bbox 559 3185 576 3222; x_wconf 88' lang='lat' dir='ltr'><strong>a</strong></span> <span class='ocrx_word' id='word_1_187' title='bbox 596 3161 735 3223; x_wconf 89' lang='lat' dir='ltr'><strong>Domino</strong></span> <span class='ocrx_word' id='word_1_188' title='bbox 751 3170 783 3222; x_wconf 91' lang='lat' dir='ltr'><strong>et</strong></span> <span class='ocrx_word' id='word_1_189' title='bbox 800 3162 944 3244; x_wconf 84' lang='lat' dir='ltr'><strong>genitore</strong></span> <span class='ocrx_word' id='word_1_190' title='bbox 966 3179 1036 3220; x_wconf 88' lang='lat' dir='ltr'><strong>meo</strong></span> <span class='ocrx_word' id='word_1_191' title='bbox 1052 3157 1126 3239; x_wconf 84' lang='lat' dir='ltr'><strong>piae</strong></span> <span class='ocrx_word' id='word_1_192' title='bbox 1142 3177 1217 3218; x_wconf 90' lang='lat' dir='ltr'><strong>me·</strong></span> 
     </span>
     <span class='ocr_line' id='line_1_31' title="bbox 117 3239 1218 3328; baseline -0.007 -21"><span class='ocrx_word' id='word_1_193' title='bbox 117 3245 236 3308; x_wconf 89' lang='lat' dir='ltr'><strong>moriae</strong></span> <span class='ocrx_word' id='word_1_194' title='bbox 252 3243 456 3308; x_wconf 89' lang='lat' dir='ltr'><strong>Hludouvico</strong></span> <span class='ocrx_word' id='word_1_195' title='bbox 471 3245 615 3328; x_wconf 83' lang='lat' dir='ltr'><strong>Augusto</strong></span> <span class='ocrx_word' id='word_1_196' title='bbox 627 3266 698 3326; x_wconf 87' lang='lat' dir='ltr'><strong>pars</strong></span> <span class='ocrx_word' id='word_1_197' title='bbox 714 3245 807 3326; x_wconf 82' lang='lat' dir='ltr'><strong>regni</strong></span> <span class='ocrx_word' id='word_1_198' title='bbox 825 3242 910 3305; x_wconf 90' lang='lat' dir='ltr'><strong>iuter</strong></span> <span class='ocrx_word' id='word_1_199' title='bbox 926 3243 1040 3304; x_wconf 81' lang='lat' dir='ltr'><strong>fratres</strong></span> <span class='ocrx_word' id='word_1_200' title='bbox 1055 3259 1141 3300; x_wconf 89' lang='lat' dir='ltr'><strong>meos</strong></span> <span class='ocrx_word' id='word_1_201' title='bbox 1153 3239 1218 3299; x_wconf 89' lang='lat' dir='ltr'><strong>Re·</strong></span> 
     </span>
     <span class='ocr_line' id='line_1_32' title="bbox 120 3321 1218 3411; baseline -0.006 -24"><span class='ocrx_word' id='word_1_202' title='bbox 120 3348 184 3411; x_wconf 82' lang='lat' dir='ltr'><strong>ges</strong></span> <span class='ocrx_word' id='word_1_203' title='bbox 196 3326 304 3389; x_wconf 87' lang='lat' dir='ltr'><strong>divina</strong></span> <span class='ocrx_word' id='word_1_204' title='bbox 331 3326 538 3410; x_wconf 87' lang='lat' dir='ltr'><strong>dispositione</strong></span> <span class='ocrx_word' id='word_1_205' title='bbox 557 3335 605 3388; x_wconf 88' lang='lat' dir='ltr'><strong>est</strong></span> <span class='ocrx_word' id='word_1_206' title='bbox 627 3325 752 3390; x_wconf 87' lang='lat' dir='ltr'><strong>tradita.</strong></span> <span class='ocrx_word' id='word_1_207' title='bbox 793 3327 830 3387; x_wconf 92' lang='lat' dir='ltr'><strong>In</strong></span> <span class='ocrx_word' id='word_1_208' title='bbox 856 3346 919 3410; x_wconf 91' lang='lat' dir='ltr'><strong>qua</strong></span> <span class='ocrx_word' id='word_1_209' title='bbox 936 3331 1024 3406; x_wconf 86' lang='lat' dir='ltr'><strong>parte</strong></span> <span class='ocrx_word' id='word_1_210' title='bbox 1043 3321 1137 3402; x_wconf 83' lang='lat' dir='ltr'><strong>regni</strong></span> <span class='ocrx_word' id='word_1_211' title='bbox 1156 3342 1218 3382; x_wconf 60' lang='lat' dir='ltr'><strong>vas·</strong></span> 
     </span>
     <span class='ocr_line' id='line_1_33' title="bbox 119 3404 1218 3492; baseline -0.011 -18"><span class='ocrx_word' id='word_1_212' title='bbox 119 3411 210 3474; x_wconf 89' lang='lat' dir='ltr'><strong>cahat</strong></span> <span class='ocrx_word' id='word_1_213' title='bbox 228 3420 307 3472; x_wconf 89' lang='lat' dir='ltr'><strong>tunc</strong></span> <span class='ocrx_word' id='word_1_214' title='bbox 326 3411 455 3472; x_wconf 85' lang='lat' dir='ltr'><strong>Pastore</strong></span> <span class='ocrx_word' id='word_1_215' title='bbox 476 3408 661 3492; x_wconf 86' lang='lat' dir='ltr'><strong>Metropolis</strong></span> <span class='ocrx_word' id='word_1_216' title='bbox 685 3407 867 3484; x_wconf 88' lang='lat' dir='ltr'><strong>Senonum,</strong></span> <span class='ocrx_word' id='word_1_217' title='bbox 889 3427 995 3488; x_wconf 88' lang='lat' dir='ltr'><strong>quam,</strong></span> <span class='ocrx_word' id='word_1_218' title='bbox 1022 3404 1111 3468; x_wconf 81' lang='lat' dir='ltr'><strong>iuxta</strong></span> <span class='ocrx_word' id='word_1_219' title='bbox 1132 3423 1218 3463; x_wconf 89' lang='lat' dir='ltr'><strong>con-</strong></span> 
     </span>
     <span class='ocr_line' id='line_1_34' title="bbox 117 3485 1217 3575; baseline -0.011 -19"><span class='ocrx_word' id='word_1_220' title='bbox 117 3492 322 3560; x_wconf 85' lang='lat' dir='ltr'><strong>suetudinem</strong></span> <span class='ocrx_word' id='word_1_221' title='bbox 342 3493 620 3575; x_wconf 86' lang='lat' dir='ltr'><strong>praedecessorum</strong></span> <span class='ocrx_word' id='word_1_222' title='bbox 633 3510 777 3551; x_wconf 90' lang='lat' dir='ltr'><strong>meorum</strong></span> <span class='ocrx_word' id='word_1_223' title='bbox 792 3491 925 3571; x_wconf 83' lang='lat' dir='ltr'><strong>Regum,</strong></span> <span class='ocrx_word' id='word_1_224' title='bbox 946 3485 1115 3554; x_wconf 90' lang='lat' dir='ltr'><strong>Weniloni</strong></span> <span class='ocrx_word' id='word_1_225' title='bbox 1134 3494 1217 3544; x_wconf 87' lang='lat' dir='ltr'><strong>tunc</strong></span> 
     </span>
     <span class='ocr_line' id='line_1_35' title="bbox 119 3565 1217 3658; baseline -0.016 -16"><span class='ocrx_word' id='word_1_226' title='bbox 119 3576 240 3642; x_wconf 87' lang='lat' dir='ltr'><strong>clerico</strong></span> <span class='ocrx_word' id='word_1_227' title='bbox 263 3595 335 3636; x_wconf 89' lang='lat' dir='ltr'><strong>meo</strong></span> <span class='ocrx_word' id='word_1_228' title='bbox 358 3575 392 3634; x_wconf 91' lang='lat' dir='ltr'><strong>in</strong></span> <span class='ocrx_word' id='word_1_229' title='bbox 407 3575 529 3658; x_wconf 86' lang='lat' dir='ltr'><strong>capella</strong></span> <span class='ocrx_word' id='word_1_230' title='bbox 546 3595 616 3634; x_wconf 89' lang='lat' dir='ltr'><strong>mea</strong></span> <span class='ocrx_word' id='word_1_231' title='bbox 631 3571 710 3632; x_wconf 90' lang='lat' dir='ltr'><strong>mihi</strong></span> <span class='ocrx_word' id='word_1_232' title='bbox 725 3570 889 3648; x_wconf 89' lang='lat' dir='ltr'><strong>servienti,</strong></span> <span class='ocrx_word' id='word_1_233' title='bbox 911 3570 968 3653; x_wconf 92' lang='lat' dir='ltr'><strong>qui</strong></span> <span class='ocrx_word' id='word_1_234' title='bbox 987 3589 1074 3632; x_wconf 88' lang='lat' dir='ltr'><strong>more</strong></span> <span class='ocrx_word' id='word_1_235' title='bbox 1100 3565 1217 3629; x_wconf 87' lang='lat' dir='ltr'><strong>liberti</strong></span> 
     </span>
     <span class='ocr_line' id='line_1_36' title="bbox 121 3653 1216 3732; baseline -0.015 -7"><span class='ocrx_word' id='word_1_236' title='bbox 121 3658 233 3725; x_wconf 90' lang='lat' dir='ltr'><strong>clerici</strong></span> <span class='ocrx_word' id='word_1_237' title='bbox 263 3678 297 3720; x_wconf 91' lang='lat' dir='ltr'><strong>se</strong></span> <span class='ocrx_word' id='word_1_238' title='bbox 320 3655 399 3720; x_wconf 83' lang='lat' dir='ltr'><strong>mihi</strong></span> <span class='ocrx_word' id='word_1_239' title='bbox 415 3657 712 3732; x_wconf 86' lang='lat' dir='ltr'><strong>commendaverat,</strong></span> <span class='ocrx_word' id='word_1_240' title='bbox 745 3663 778 3714; x_wconf 86' lang='lat' dir='ltr'><strong>et</strong></span> <span class='ocrx_word' id='word_1_241' title='bbox 805 3653 991 3714; x_wconf 82' lang='lat' dir='ltr'><strong>fidelitatem</strong></span> <span class='ocrx_word' id='word_1_242' title='bbox 1014 3658 1216 3712; x_wconf 86' lang='lat' dir='ltr'><strong>sacramento</strong></span> 
     </span>
     <span class='ocr_line' id='line_1_37' title="bbox 117 3734 1216 3831; baseline -0.014 -27"><span class='ocrx_word' id='word_1_243' title='bbox 117 3741 326 3831; x_wconf 84' lang='lat' dir='ltr'><strong>promiserat,</strong></span> <span class='ocrx_word' id='word_1_244' title='bbox 353 3761 511 3802; x_wconf 86' lang='lat' dir='ltr'><strong>consensu</strong></span> <span class='ocrx_word' id='word_1_245' title='bbox 533 3757 693 3802; x_wconf 89' lang='lat' dir='ltr'><strong>sacrorum</strong></span> <span class='ocrx_word' id='word_1_246' title='bbox 720 3735 952 3818; x_wconf 87' lang='lat' dir='ltr'><strong>Episcoporum</strong></span> <span class='ocrx_word' id='word_1_247' title='bbox 974 3734 1074 3817; x_wconf 84' lang='lat' dir='ltr'><strong>ipsius</strong></span> <span class='ocrx_word' id='word_1_248' title='bbox 1093 3739 1216 3792; x_wconf 87' lang='lat' dir='ltr'><strong>metro-</strong></span> 
     </span>
    </p>
   </div>
   <div class='ocr_carea' id='block_1_12' title="bbox 118 3817 1329 3910">
    <p class='ocr_par' dir='ltr' id='par_1_12' title="bbox 118 3817 1329 3910">
     <span class='ocr_line' id='line_1_38' title="bbox 118 3817 1329 3910; baseline -0.017 -22"><span class='ocrx_word' id='word_1_249' title='bbox 118 3825 202 3910; x_wconf 88' lang='lat' dir='ltr'><strong>polis</strong></span> <span class='ocrx_word' id='word_1_250' title='bbox 222 3823 263 3888; x_wconf 81' lang='lat' dir='ltr'><strong>ad</strong></span> <span class='ocrx_word' id='word_1_251' title='bbox 286 3823 530 3904; x_wconf 82' lang='lat' dir='ltr'><strong>gubernandum</strong></span> <span class='ocrx_word' id='word_1_252' title='bbox 549 3819 702 3896; x_wconf 91' lang='lat' dir='ltr'><strong>commisi,</strong></span> <span class='ocrx_word' id='word_1_253' title='bbox 725 3828 757 3880; x_wconf 89' lang='lat' dir='ltr'><strong>et</strong></span> <span class='ocrx_word' id='word_1_254' title='bbox 771 3818 856 3900; x_wconf 83' lang='lat' dir='ltr'><strong>apud</strong></span> <span class='ocrx_word' id='word_1_255' title='bbox 884 3817 1076 3899; x_wconf 87' lang='lat' dir='ltr'><strong>Episcopus,</strong></span> <span class='ocrx_word' id='word_1_256' title='bbox 1107 3833 1217 3895; x_wconf 88' lang='lat' dir='ltr'><strong>quan·</strong></span> <span class='ocrx_word' id='word_1_257' title='bbox 1328 3840 1329 3851; x_wconf 29' lang='grc' dir='ltr'><strong>κ</strong></span> 
     </span>
    </p>
   </div>
   <div class='ocr_carea' id='block_1_13' title="bbox 43 3895 1217 4058">
    <p class='ocr_par' dir='ltr' id='par_1_13' title="bbox 43 3895 1217 4058">
     <span class='ocr_line' id='line_1_39' title="bbox 118 3895 1217 3986; baseline -0.015 -15"><span class='ocrx_word' id='word_1_258' title='bbox 118 3919 188 3971; x_wconf 87' lang='lat' dir='ltr'><strong>tum</strong></span> <span class='ocrx_word' id='word_1_259' title='bbox 209 3925 250 3973; x_wconf 84' lang='lat' dir='ltr'><strong>ex</strong></span> <span class='ocrx_word' id='word_1_260' title='bbox 269 3927 320 3967; x_wconf 89' lang='lat' dir='ltr'><strong>me</strong></span> <span class='ocrx_word' id='word_1_261' title='bbox 344 3905 423 3986; x_wconf 84' lang='lat' dir='ltr'><strong>fuit,</strong></span> <span class='ocrx_word' id='word_1_262' title='bbox 451 3914 488 3970; x_wconf 86' lang='lat' dir='ltr'><strong>ut</strong></span> <span class='ocrx_word' id='word_1_263' title='bbox 512 3925 586 3968; x_wconf 81' lang='lat' dir='ltr'><strong>eum</strong></span> <span class='ocrx_word' id='word_1_264' title='bbox 616 3901 735 3969; x_wconf 83' lang='lat' dir='ltr'><strong>ibidem</strong></span> <span class='ocrx_word' id='word_1_265' title='bbox 760 3897 1047 3985; x_wconf 86' lang='lat' dir='ltr'><strong>Archiepiscopnm</strong></span> <span class='ocrx_word' id='word_1_266' title='bbox 1080 3895 1217 3958; x_wconf 86' lang='lat' dir='ltr'><strong>ordina·</strong></span> 
     </span>
     <span class='ocr_line' id='line_1_40' title="bbox 43 3987 354 4058; baseline -0.029 1"><span class='ocrx_word' id='word_1_267' title='bbox 43 4037 46 4050; x_wconf 41' lang='lat' dir='ltr'>v</span> <span class='ocrx_word' id='word_1_268' title='bbox 119 4000 193 4058; x_wconf 88' lang='lat' dir='ltr'><strong>rent</strong></span> <span class='ocrx_word' id='word_1_269' title='bbox 217 3987 354 4057; x_wconf 80' lang='lat' dir='ltr'><strong>obtinui.</strong></span> 
     </span>
    </p>
   </div>
   <div class='ocr_carea' id='block_1_14' title="bbox 121 4095 1217 4351">
    <p class='ocr_par' dir='ltr' id='par_1_14' title="bbox 121 4095 1217 4351">
     <span class='ocr_line' id='line_1_41' title="bbox 203 4095 1217 4183; baseline -0.016 -11"><span class='ocrx_word' id='word_1_270' title='bbox 203 4106 251 4172; x_wconf 78' lang='lat'><strong>11:</strong></span> <span class='ocrx_word' id='word_1_271' title='bbox 289 4106 366 4170; x_wconf 90' lang='lat' dir='ltr'><strong>Post</strong></span> <span class='ocrx_word' id='word_1_272' title='bbox 385 4103 465 4168; x_wconf 81' lang='lat' dir='ltr'><strong>lraec</strong></span> <span class='ocrx_word' id='word_1_273' title='bbox 486 4102 527 4166; x_wconf 90' lang='lat' dir='ltr'><strong>de</strong></span> <span class='ocrx_word' id='word_1_274' title='bbox 552 4100 709 4166; x_wconf 86' lang='lat' dir='ltr'><strong>divisione</strong></span> <span class='ocrx_word' id='word_1_275' title='bbox 730 4101 823 4183; x_wconf 84' lang='lat' dir='ltr'><strong>regui</strong></span> <span class='ocrx_word' id='word_1_276' title='bbox 852 4099 1009 4162; x_wconf 90' lang='lat' dir='ltr'><strong>interme</strong></span> <span class='ocrx_word' id='word_1_277' title='bbox 1042 4105 1074 4158; x_wconf 90' lang='lat' dir='ltr'><strong>et</strong></span> <span class='ocrx_word' id='word_1_278' title='bbox 1099 4095 1217 4156; x_wconf 85' lang='lat' dir='ltr'><strong>fratres</strong></span> 
     </span>
     <span class='ocr_line' id='line_1_42' title="bbox 121 4177 1217 4266; baseline -0.015 -14"><span class='ocrx_word' id='word_1_279' title='bbox 121 4213 208 4254; x_wconf 90' lang='lat' dir='ltr'><strong>meos</strong></span> <span class='ocrx_word' id='word_1_280' title='bbox 233 4189 313 4250; x_wconf 87' lang='lat' dir='ltr'><strong>ratio</strong></span> <span class='ocrx_word' id='word_1_281' title='bbox 335 4196 383 4252; x_wconf 92' lang='lat' dir='ltr'><strong>cst</strong></span> <span class='ocrx_word' id='word_1_282' title='bbox 404 4195 514 4252; x_wconf 83' lang='lat' dir='ltr'><strong>exorta</strong></span> <span class='ocrx_word' id='word_1_283' title='bbox 537 4184 711 4262; x_wconf 88' lang='lat' dir='ltr'><strong>notissima,</strong></span> <span class='ocrx_word' id='word_1_284' title='bbox 722 4185 808 4246; x_wconf 90' lang='lat' dir='ltr'><strong>unde</strong></span> <span class='ocrx_word' id='word_1_285' title='bbox 825 4193 948 4266; x_wconf 85' lang='lat' dir='ltr'><strong>partem</strong></span> <span class='ocrx_word' id='word_1_286' title='bbox 960 4177 1127 4244; x_wconf 88' lang='lat' dir='ltr'><strong>divisionis</strong></span> <span class='ocrx_word' id='word_1_287' title='bbox 1140 4197 1217 4237; x_wconf 82' lang='lat' dir='ltr'><strong>cunr</strong></span> 
     </span>
     <span class='ocr_line' id='line_1_43' title="bbox 121 4257 1214 4351; baseline -0.014 -14"><span class='ocrx_word' id='word_1_288' title='bbox 121 4275 249 4350; x_wconf 85' lang='lat' dir='ltr'><strong>mutuis,</strong></span> <span class='ocrx_word' id='word_1_289' title='bbox 273 4271 389 4335; x_wconf 88' lang='lat' dir='ltr'><strong>nostris</strong></span> <span class='ocrx_word' id='word_1_290' title='bbox 413 4269 538 4334; x_wconf 90' lang='lat' dir='ltr'><strong>scilicet</strong></span> <span class='ocrx_word' id='word_1_291' title='bbox 560 4276 803 4351; x_wconf 81' lang='lat' dir='ltr'><strong>nostrorumque</strong></span> <span class='ocrx_word' id='word_1_292' title='bbox 833 4263 977 4330; x_wconf 85' lang='lat' dir='ltr'><strong>fidelium</strong></span> <span class='ocrx_word' id='word_1_293' title='bbox 998 4257 1214 4337; x_wconf 88' lang='lat' dir='ltr'><strong>sacramentis,</strong></span> 
     </span>
    </p>
   </div>
   <div class='ocr_carea' id='block_1_15' title="bbox 0 0 1336 4978">
    <p class='ocr_par' dir='ltr' id='par_1_15' title="bbox 0 0 1336 4978">
     <span class='ocr_line' id='line_1_44' title="bbox 0 0 1336 4978; baseline 0 0"><span class='ocrx_word' id='word_1_294' title='bbox 0 0 1336 4978; x_wconf 95' lang='lat' dir='ltr'><strong> </strong></span> 
     </span>
    </p>
   </div>
  </div>
 </body>
</html>
