2746 4992
243 318 273 368 a.
302 313 369 368 cun
488 308 853 366 useunrnauuonun
965 315 1025 382 nc.
1120 295 1203 384 195-

89 459 344 522 sustentationem
361 471 586 536 quamcunque
606 463 765 534 praestare
788 459 968 530 pertentet,
998 455 1024 516 si
1049 476 1122 515 eum
1148 456 1189 516 sd

90 551 221 604 nostram
248 538 433 599 fidelitatem
450 555 601 596 revocare
625 534 820 615 nequiverit.
862 535 1057 618 Quicunque
1082 545 1189 600 autem

88 633 193 686 eontra
216 622 296 682 haec
322 619 454 696 fecerit,
482 617 764 700 praedecessorum
793 623 825 674 et
849 619 1091 699 progenitorum
1113 644 1187 684 nos.

87 717 204 772 trorum
230 704 387 764 iudicium
410 700 603 784 experietur.
630 719 633 726 ·

134 837 395 918 Suoscsurrrouss
431 833 679 908 Errscoronuu,
709 832 858 892 Arusrun
894 855 933 894 ur
967 834 1161 916 Commta,

124 954 299 1016 bushertus
319 949 589 1033 Arclriepiscopns
610 945 792 1026 subscripsi.
1117 1017 1138 1024 ,.

125 1035 280 1097 lobannis
305 1032 435 1092 humilis
459 1031 609 1091 Aretinae
627 1027 791 1089 Ecclesiae
814 1027 989 1111 Episcopus
1009 1034 1191 1114 subscripsi,

125 1117 304 1180 Adolardus
329 1129 438 1176 servus
462 1133 627 1174 servornm
656 1113 718 1172 Dei
747 1119 874 1170 sanctae
902 1111 1099 1176 Veronensis
1127 1119 1190 1180 Ec-

207 1200 325 1260 clesiae
348 1197 526 1278 Episcopus
546 1194 727 1273 subscripsi.
1156 1259 1159 1262 Ι

129 1282 329 1363 Atlalguudus
356 1277 572 1342 Vercellensis
595 1276 760 1340 Ecclesiae
788 1269 965 1360 Episcopus
988 1279 1171 1365 subscripsi,

127 1367 192 1427 Azo
212 1362 443 1446 Eporediensis
465 1361 643 1442 Episcopus
668 1355 850 1438 subscripsi.

127 1446 514 1526 BenedictusEpiseepus
536 1439 761 1502 Cremonensis
789 1439 971 1524 subscripsi.
1009 1473 1011 1478 ·

124 1529 298 1610 Hiltlrailus
322 1527 471 1588 Albensis
497 1524 676 1605 Episcopus
701 1521 884 1600 subscripsi.

124 1613 288 1672 Gerardus
306 1611 441 1692 exiguus
452 1607 614 1668 Ecclesiae
632 1605 994 1689 l.audensisEpiseopus
1013 1609 1194 1694 subscripsi.

123 1693 292 1756 lohannes
311 1690 444 1754 humilis
465 1688 642 1774 Episcopus
664 1698 790 1748 sanetae
819 1689 1001 1751 Ticincnsis
1027 1691 1191 1757 Ecclesiae

211 1776 395 1856 subscripsi.

125 1859 309 1920 'leudulfus
329 1855 547 1928 Terdoucnsis
568 1853 743 1935 Episcopus
766 1854 948 1938 subscripsi.

128 1941 304 2004 llilduiuus
320 1940 461 2002 Astensis
487 1939 664 2020 Episcopus
688 1936 873 2017 subscripsi.

129 2024 319 2088 sabbatinus
351 2021 480 2084 humilis
510 2019 681 2084 lensensis
715 2020 878 2082 Ecclesiae
909 2022 1087 2106 Episcopus
1115 2023 1192 2086 sub·

209 2127 273 2168 scri
298 2130 333 2172 si.
920 2161 922 2164 .

126 2189 264 2272 Signum
277 2129 417 2250 Eosonis
437 2185 535 2248 Ducis
559 2194 589 2246 et
611 2184 697 2248 Missi
722 2183 830 2248 ltaliae
853 2192 947 2266 utque
971 2189 1051 2254 sacri
1081 2189 1191 2271 palatii
1297 2205 1300 2213 ·

205 2271 454 2333 Areliimiuistri.
647 2277 649 2282 '

119 2353 259 2436 Signum
279 2354 432 2416 Bernardi
455 2350 598 2430 Comitis.

118 2438 257 2520 Signum
278 2437 413 2498 Bodradi
436 2433 569 2496 Comitis
592 2432 709 2520 palatii.

117 2521 258 2604 Signum
278 2520 403 2582 Ricanli
428 2517 569 2579 Comitis.
675 2534 678 2542 ·

117 2605 256 2687 Signum
278 2601 424 2664 llirboltli
447 2599 588 2661 Comitis.

117 2687 258 2768 Signum
280 2683 449 2746 Cuniberti
472 2681 614 2746 Comitis.

117 2769 257 2852 Signum
274 2767 438 2851 Supponis
460 2765 601 2826 Comitis.

114 2852 256 2932 Signum
278 2851 421 2911 Albcrici
443 2848 582 2910 Comitis.

113 2934 266 3015 Signum⁴
280 2934 356 2992 item
377 2931 541 2994 Beruardi.

115 3017 255 3097 Signum
277 3016 432 3096 Hordingi
455 3015 595 3078 Comitis.

80 3117 83 3128 ·
114 3099 256 3180 Signum
277 3099 407 3158 berardi
429 3097 571 3158 Comitis.

114 3181 281 3244 lohannes
311 3180 525 3242 Tuscauensis
552 3179 751 3260 Episcopus,
781 3171 918 3260 Legatos
946 3189 1073 3246 sanctae
1101 3177 1185 3248 sedis

201 3264 404 3347 Apostolicae
434 3271 466 3322 et
493 3262 611 3322 Domui
642 3262 794 3320 lobannis
821 3261 934 3322 summi
965 3265 1130 3328 Pontificis
1152 3281 1184 3330 et

202 3345 396 3408 universalis
425 3348 542 3426 Papae,
565 3344 597 3403 in
627 3343 676 3403 bis
698 3365 780 3424 quae
801 3365 896 3426 supra
914 3345 1031 3428 scriptu
1047 3351 1183 3410 suntin.

199 3430 311 3505 terfui,
335 3429 493 3503 consensi,
522 3437 553 3488 ct
569 3427 751 3505 subscripsi.

114 3511 295 3593 Ansegisns
307 3513 471 3576 Senonum
484 3509 668 3592 metropolis
680 3508 869 3588 Episcopus,
888 3515 1013 3569 sanctae
1030 3521 1063 3574 et
1078 3511 1183 3594 Apog.

199 3595 317 3655 tolieae
335 3593 419 3654 sedis
436 3613 495 3674 per
514 3594 676 3651 Domuum
706 3591 882 3652 iohannem
911 3612 1069 3654 summum
1092 3597 1182 3657 Pon.

200 3677 320 3771 tificem
343 3677 462 3758 Papam
489 3674 647 3752 Viearius,
675 3672 821 3750 interfui,
849 3675 1010 3752 consensi,
1045 3685 1077 3738 et
1102 3679 1180 3742 sub·

208 3783 271 3822 scri
297 3781 333 3820 si.

114 3781 294 3908 Iohannesp
308 3840 461 3902 Aretinus
487 3841 673 3922 Episcopus,
701 3848 826 3900 sanctae
857 3837 941 3898 sedis
973 3838 1177 3925 Apostolicae

201 3927 351 4007 Legatus,
372 3924 517 4001 interlui,
539 3923 698 3998 censensi,
721 3931 753 3982 et
773 3921 955 3999 srrbscripsi.

113 4009 310 4072 Hincmarus
330 4005 502 4067 Remorum
525 4004 794 4090 Arcbiepiscopus
816 4003 1008 4084 subscripsi:

112 4090 284 4153 Froturius
303 4089 572 4170 Archiepiscopus
594 4088 741 4148 consensi
772 4096 804 4147 et
822 4086 1007 4168 subscripsi.

115 4173 314 4254 Aurelianus
340 4170 564 4311 Lugdunensis
592 4171 757 4232 Ecclesiae
787 4168 965 4250 Episcopus
993 4169 1028 4229 in
1058 4171 1178 4238 Christi

179 4276 330 4337 “uomiue
359 4275 396 4315 ro
420 4275 518 4318 oraru.
