2658 4978
173 309 245 384 158
350 327 385 380 a.
410 323 498 379 cua.
611 326 867 385 carnotinae
994 329 1055 387 sss.

171 470 315 533 cundum
340 466 429 550 quod
458 488 518 526 suo
545 465 654 526 ordini
679 477 713 528 et
738 490 814 530 suae
834 489 989 552 personae
1016 469 1177 552 competit,
1196 471 1254 538 istis

171 553 277 615 Missis
293 550 412 610 nostris
434 549 621 609 obedientes
639 558 672 608 et
686 551 848 612 adiutores
881 553 913 612 in
945 551 1090 612 omnibus
1120 553 1254 622 existatis.

257 635 284 697 l.
327 635 369 694 Ut
385 631 469 692 sicut
484 631 583 691 nostri
605 631 753 694 infideles
770 644 802 694 et
822 655 1006 696 communes
1023 635 1170 696 contrarii
1190 658 1255 697 nos-

172 720 216 782 tri
247 739 281 778 se
307 715 449 776 invicem
473 715 744 775 confirmaverunt
773 716 812 776 ad
834 727 974 778 nostram
995 716 1254 796 contrarietatem,

170 814 209 864 ut
227 801 338 860 nullus
359 797 398 858 de
420 796 573 876 hisquae
596 797 875 861 consideraverint
901 821 996 861 suum
1016 821 1123 881 parem
1145 799 1257 860 discoo-

169 883 275 969 periat
293 881 344 940 vel
367 879 497 960 prodat,
521 900 625 958 neque
648 882 685 938 ad
709 879 764 939 illa
786 903 869 962 quae
889 882 1065 964 adimplere
1086 881 1196 942 volunt
1214 883 1256 941 di·

172 968 293 1040 mittat,
318 963 362 1022 ita
383 961 494 1020 fideles
517 961 618 1021 nostri
639 982 673 1022 se
695 964 888 1023 confirment
918 963 958 1025 ad
985 965 1048 1025 Dei
1075 963 1256 1024 voluntatem

173 1059 207 1110 et
230 1056 370 1108 nostram
391 1043 598 1118 fidelitatem,
621 1053 654 1103 et
675 1045 715 1106 ad
737 1045 894 1106 honorem
914 1056 948 1108 et
968 1056 1096 1108 sanctae
1109 1047 1255 1106 Ecclesiae

171 1141 298 1204 statum,
315 1135 347 1187 et
368 1125 460 1208 regni
483 1125 664 1197 utilitatem,
682 1137 713 1186 et
735 1129 868 1188 illorum
888 1151 1059 1190 commune
1081 1127 1256 1188 adiutorium

169 1223 203 1276 et
223 1213 464 1273 salvamentum.
505 1209 547 1268 Et
568 1209 678 1268 nullus
700 1209 845 1270 fidelium
878 1221 1064 1274 nostrorum
1090 1211 1255 1290 cuicunque

171 1295 297 1355 infideli
321 1300 430 1351 nostro
451 1312 647 1378 quocunque
668 1292 764 1352 modo
785 1315 817 1354 se
847 1295 1043 1374 coniungat,
1072 1303 1127 1353 aut
1151 1293 1182 1351 in
1211 1291 1257 1351 ali·

169 1401 235 1460 quo
257 1379 379 1444 faveat,
403 1373 456 1467 vel
479 1374 512 1430 in
535 1395 729 1453 quacunque
759 1397 867 1454 causa,
897 1376 930 1434 in
958 1399 1023 1456 qua
1053 1376 1145 1435 illum
1170 1375 1257 1455 impe-

171 1463 241 1522 dire
262 1456 415 1540 potuerit,
438 1454 487 1516 rlli
510 1466 629 1536 parcat,
654 1457 714 1515 nisi
737 1458 841 1517 statim
864 1459 904 1518 ad
925 1457 1115 1518 fidelitatem
1137 1467 1257 1517 nostram

170 1565 203 1605 se
227 1549 417 1603 convertere
441 1537 592 1604 voluerit.
642 1539 683 1598 Et
703 1538 728 1598 si
750 1561 808 1620 pro
830 1551 919 1602 certo
941 1562 1138 1623 cognoscere
1158 1549 1256 1622 potue·

171 1627 216 1687 rit
233 1623 291 1705 qui
313 1631 423 1682 contra
445 1620 529 1680 istud
551 1619 728 1700 capitulum
749 1623 882 1698 lecerit,
911 1643 981 1688 ,non
1005 1623 1099 1684 nobis
1120 1623 1206 1683 celet.
1223 1621 1257 1680 Et

169 1708 196 1769 si
224 1704 340 1785 aliquis
370 1703 511 1762 audierit
537 1703 625 1783 quod
655 1703 725 1784 pari
753 1727 811 1765 suo
840 1705 930 1766 fideli
962 1715 1075 1766 nostro
1107 1703 1256 1766 necessitas

168 1788 317 1851 evenerit
338 1798 393 1847 aut
414 1785 544 1846 evenire
568 1785 682 1845 debeat
703 1786 743 1846 ad
764 1787 977 1848 resistendum
1001 1787 1128 1848 infideli
1155 1797 1255 1860 nostro,

169 1893 236 1932 non
260 1877 409 1950 expectet
428 1877 464 1926 ut
485 1867 533 1926 illi
551 1866 615 1928 hoo
636 1869 825 1946 mandetur,
846 1869 903 1929 sed
924 1871 1030 1930 statim
1052 1870 1093 1930 sit
1112 1889 1257 1952 praepara·

169 1964 240 2030 tus,
262 1952 346 2012 sicut
366 1950 428 2010 Dei
451 1949 555 2014 fitlelis
577 1960 609 2009 et
631 1959 757 2026 noster,
784 1951 824 2014 ad
844 1973 937 2012 suum
967 1975 1080 2035 parem
1106 1952 1138 2011 in
1167 1959 1257 2011 nostra

170 2035 325 2098 fidelitate
347 2032 575 2107 adiuvandum,
590 2041 622 2092 et
635 2043 792 2114 quantum
814 2034 956 2116 potuerit
977 2055 1113 2117 pergere
1134 2033 1255 2094 festinet.
1316 2095 1317 2104 ,

252 2117 298 2183 ll.
340 2118 382 2175 Ut
411 2115 599 2194 omnesqui
628 2115 813 2178 fidelitatem
840 2117 931 2178 nobis
959 2118 1067 2178 adbuc
1093 2115 1256 2198 promissam

169 2223 236 2263 non
256 2199 394 2274 hahent,
416 2197 604 2259 fidelitatem
630 2197 720 2258 nobis
742 2198 939 2282 promittant,
962 2201 1049 2262 sicut
1067 2197 1101 2259 iu
1121 2195 1255 2282 Capitalis

169 2285 221 2348 avi
245 2291 279 2344 et
297 2280 397 2364 patris
421 2279 521 2342 nostri
544 2280 742 2342 continetur.

252 2365 316 2427 lll.
360 2365 401 2423 Ut
419 2363 477 2444 qui
496 2361 681 2422 fidelitatem
699 2363 791 2426 nobis
817 2362 1054 2446 promiserunt,
1084 2371 1201 2446 etpost
1222 2359 1255 2421 il-

168 2448 228 2510 lud
249 2454 484 2509 sacramentum
507 2445 547 2505 ad
576 2444 725 2506 infideles
748 2457 872 2508 nostros
897 2448 930 2506 in
960 2458 1108 2508 nostrum
1126 2447 1255 2506 damnum

168 2554 203 2594 se
227 2531 492 2604 coniunxerunt,
513 2526 691 2610 proprietas
713 2527 848 2590 illorum
872 2529 906 2588 in
932 2540 1079 2591 nostrum
1100 2526 1254 2589 indomini·
1315 2581 1316 2594 ,

169 2623 277 2676 catum
311 2611 504 2694 recipiatur,
538 2608 642 2672 donec
668 2609 729 2694 ipsi
753 2633 814 2695 per
837 2611 1040 2674 fideiussores
1070 2613 1104 2671 in
1137 2620 1254 2673 nostran

169 2695 385 2782 praesentiam
410 2693 554 2754 veniant.

251 2777 311 2841 lV.
356 2780 400 2838 Ut
430 2776 557 2853 (nullus
590 2772 772 2836 infidelium
793 2775 824 2852 i)
859 2785 1062 2855 nostrorum,
1095 2777 1149 2860 qui
1176 2774 1254 2835 liberi

167 2861 316 2923 homiues
343 2869 437 2942 sunt,
465 2857 499 2916 in
523 2865 633 2917 nostro
659 2878 761 2940 regno
787 2856 950 2936 immorari
973 2861 1026 2921 vel
1051 2859 1254 2942 proprietatem

167 2944 287 3006 hahere
304 2941 520 3026 permittatur,
545 2939 606 3000 uisi
629 2939 817 3000 fidelitatem
833 2940 924 3002 uobis
943 2943 1138 3025 promiserit,
1159 2950 1255 3002 etuas·

167 3037 218 3090 ter
246 3035 302 3086 aut
323 3023 424 3086 nostri
446 3021 550 3084 fidelis
571 3021 668 3082 homo
683 3022 844 3084 deveniat.

249 3107 291 3174 V.
335 3109 378 3167 Ut
400 3105 477 3166 illae
498 3103 688 3166 traditiones
717 3105 872 3183 iniustae,
893 3114 926 3168 et
947 3127 965 3165 a
988 3105 1107 3167 nostris
1130 3113 1254 3164 anteces-

167 3191 293 3254 soribus
323 3199 418 3270 atque
453 3210 471 3246 a
502 3185 593 3247 uobis
622 3185 830 3270 prohibitae,
862 3209 946 3270 quae
982 3189 1085 3249 factae
1120 3197 1190 3248 sunt
1211 3190 1255 3243 aut

167 3273 359 3334 mulieribus
388 3279 443 3330 aut
468 3267 621 3330 matribus
646 3278 701 3328 aut
719 3270 969 3352 quibuscunque
990 3269 1153 3354 personis,
1180 3278 1210 3330 ut
1227 3266 1254 3326 li·

166 3356 278 3419 berius
300 3353 361 3438 ipsi
392 3351 562 3413 traditores
595 3362 735 3414 nostram
761 3353 986 3415 infidelitatem
1021 3354 1173 3436 perficere
1199 3370 1254 3431 pos·

166 3441 243 3517 sint,
265 3447 321 3499 aut
337 3448 375 3498 nt
391 3434 546 3496 iustitiam
564 3433 597 3494 in
623 3434 824 3497 comitatibus
847 3457 912 3496 non
936 3435 1093 3514 reddant,
1124 3445 1253 3514 tanquam

167 3526 270 3585 factae
289 3541 354 3582 non
378 3517 512 3595 fuerint,
533 3538 593 3600 pro
612 3516 718 3578 nihilo
740 3517 931 3579 habeantur.
972 3519 1015 3580 Et
1038 3519 1122 3580 sicut
1139 3517 1194 3598 ipsi
1213 3514 1252 3594 ip·

167 3628 218 3670 sos
240 3603 348 3666 alodes
368 3601 402 3662 in
422 3622 479 3663 sua
499 3621 597 3660 mann
612 3599 804 3678 tenuissent,
827 3601 871 3661 ita
892 3599 1024 3682 deipsis
1044 3601 1184 3662 alodibus
1203 3595 1251 3658 fiat.

168 3690 211 3752 Et
232 3686 258 3748 si
280 3708 341 3748 nec
359 3684 404 3744 ita
423 3683 464 3744 ad
482 3681 670 3744 fidelitatem
681 3693 823 3744 nostram
844 3693 899 3744 aut
920 3683 960 3744 ad
971 3683 1123 3744 iustitiam
1139 3679 1251 3742 reddea-

169 3771 242 3833 dam
267 3767 384 3830 adduci
406 3764 581 3850 potuerint,
604 3765 665 3848 ipsi
687 3766 796 3828 alodes
819 3766 853 3826 in
877 3776 1022 3826 nostrum
1047 3762 1251 3826 dominicatum

169 3852 388 3934 recipiantur,
418 3858 451 3910 et
479 3858 566 3910 certa
596 3847 729 3909 illorum
758 3848 931 3932 descriptio
963 3848 1055 3909 nobis
1082 3847 1249 3928 adportetur.

168 3936 236 4020 Ipsi
262 3945 369 3995 autem
392 3931 542 3993 infideles
574 3933 674 3991 nostri
700 3931 734 3992 in
764 3943 872 3992 nostro
895 3953 997 4012 regno
1026 3931 1132 3992 locum
1155 3925 1251 3986 habere
1312 3927 1313 3938 ¹

170 4042 235 4080 non
258 4018 494 4102 permittantur.
517 4013 675 4075 Similiter
688 4014 771 4076 etde
787 4013 1117 4076 commendationibus
1128 4025 1251 4095 quarum:

169 4103 249 4166 libet
269 4101 460 4163 facultatum
476 4097 529 4164 vel
559 4097 770 4181 pecuniarum
794 4097 857 4160 fiat.
906 4097 950 4160 Et
978 4096 1007 4162 si
1028 4096 1070 4159 ad
1090 4111 1185 4158 casam
1202 4090 1260 4150 Det

208 4292 238 4362 ι’)
254 4290 290 4348 sl.
308 4307 370 4348 rurs.
390 4291 464 4348 nulli
478 4288 612 4364 fidelium.
