2712 4992
448 317 552 372 LIBER
578 316 764 372 SECUNDUS

60 463 122 544 47«
148 463 228 522 Item
243 455 512 520 commendatitias
529 458 585 520 lit·
655 455 706 519 51.
733 453 896 516 indiculus
918 453 963 516 ad
981 474 1086 517 omnes
1112 473 1174 536 po-

151 557 234 604 teras
253 539 299 600 ad
315 539 433 602 Abbate
454 552 538 602 noto.
740 550 837 598 tentes
847 537 1019 621 palatinos,
1036 536 1175 596 neauime

61 626 118 702 48.
150 624 365 707 Suplicaturio
390 641 450 701 pro
478 643 513 683 eo
535 626 590 706 qui
738 617 783 700 nd
801 621 940 698 cognitos
960 620 1042 680 sibi.¹
1085 617 1089 624 '

150 707 192 767 de
212 705 402 767 monasterio
413 703 590 784 regreditur
655 703 707 768 52.
734 701 878 781 Qualiter
891 722 952 785 pro
969 697 1176 782 nativitatefi·

151 779 206 850 uait
225 786 281 847 illo
306 788 360 869 qui
384 785 509 864 ingredi
528 807 590 849 oo·
740 783 778 845 lii
796 785 889 862 Regis
912 804 955 844 eu
976 781 1177 864 ordinatione

151 871 258 930 luerit.
740 865 899 929 dominica
922 862 1110 925 domesticus
1135 862 1176 922 de

62 957 120 1038 49.
148 949 330 1015 Indiculum
363 947 525 1028 generale·
545 947 590 1010 ad
642 951 662 1024 'l
743 947 832 1009 villas
860 948 952 1026 Regis
971 947 1178 1025 ingenuitates

154 1053 260 1096 onincs
280 1033 430 1092 homines.
733 1029 845 1110 facere
860 1027 972 1090 debent
986 1027 1030 1088 ad
1041 1027 1180 1088 serasien-¹

67 1119 121 1182 50.
152 1115 297 1178 indiculo
319 1111 587 1174 commendatario
697 1163 702 1176 .
743 1125 796 1184 tes.

155 1197 201 1259 ad
219 1197 301 1258 ciris
326 1195 468 1255 inlustris
491 1195 589 1260 laicis.

122 1380 241 1458 lucrm
263 1395 400 1436 SCEDOLA
422 1392 588 1464 Qvttt'tttu·
606 1395 741 1438 cusum
770 1395 914 1437 PLGIMBC
942 1391 1076 1436 tranans
1094 1380 1142 1453 g).
1231 1359 1234 1372 ¹

9 1583 13 1590 ,
94 1519 145 1579 De
167 1534 278 1596 magna
306 1535 339 1578 re
368 1515 423 1596 qui
442 1514 511 1574 vult
530 1513 768 1604 *exsenodochio
790 1527 844 1574 out
870 1517 1060 1579 monasterio
1088 1535 1164 1578 con-

568 1608 698 1658 struere.

156 1773 185 1835 1.
214 1717 373 1835 Domino
394 1795 471 1835 vero
493 1784 602 1836 sancto
624 1785 719 1856 atque
733 1775 845 1837 sedula
865 1774 1049 1838 ostensione
1069 1786 1185 1859 paten-

69 1857 161 1920 tibus
192 1856 347 1918 virtutum
377 1857 539 1918 miraculis
579 1857 697 1919 Christi
727 1857 988 1920 remuneratione
1021 1859 1185 1940 fulgenti,

72 1939 216 2000 oratorio
246 1961 282 1999 ac
306 1938 426 2000 cellula
448 1940 482 1998 in
515 1939 640 2000 honore
668 1950 794 2001 sanetae
823 1961 859 2000 ae
887 1960 1014 2020 semper
1039 1941 1184 2023 Virginis

74 2021 244 2104 genitricis
264 2016 397 2082 Domini
430 2022 530 2082 nostri
562 2022 635 2082 lesu
657 2021 854 2089 Christiani
874 2022 907 2082 in
933 2023 1064 2084 alterius
1082 2025 1185 2085 Sauc-

73 2107 99 2165 ti
127 2102 324 2181 constructa,
348 2103 427 2180 ille,
457 2125 532 2164 reus
562 2103 694 2184 quidem
720 2105 841 2165 meritis
869 2103 1020 2184 flagitiis,
1053 2124 1187 2190 quoque

75 2185 275 2263 sceleribus,
306 2186 510 2268 praelascivis
531 2187 653 2246 actibus
675 2209 711 2247 ac
734 2185 831 2246 nimia
853 2187 1006 2256 foeditate
1028 2190 1185 2272 pollutus,

72 2269 129 2329 vel
152 2289 248 2350 opere
271 2268 415 2327 omnium
437 2269 596 2328 honorum
618 2268 875 2334 Christianorum
901 2269 997 2352 longe
1028 2270 1103 2332 satis
1128 2291 1188 2331 ex-

71 2360 207 2410 tremus.
248 2351 315 2409 Hoc
333 2359 399 2409 tota
411 2371 496 2433 pene
515 2360 696 2412 sanctarum
713 2351 950 2434 Scripturarum
968 2353 1067 2414 series
1081 2352 1191 2414 Chris·

75 2433 174 2492 tianis
197 2431 347 2492 fidelihus
368 2432 421 2514 pia
449 2431 672 2494 exhortatione
692 2434 897 2516 pronuntiat,
929 2431 991 2493 hoe
1019 2435 1114 2496 etiam
1135 2443 1188 2494 to·

77 2515 231 2575 nitrualis
252 2514 309 2574 illa
327 2514 605 2596 Evangelistarum
628 2538 704 2592 vox,
726 2525 835 2575 sancto
861 2527 1053 2596 suggerente
1083 2515 1189 2597 Spiri-

75 2607 127 2672 tu,
150 2618 206 2657 sua
228 2604 382 2678 potestate
404 2597 628 2673 concelebrat,
657 2609 694 2657 ut
725 2597 821 2657 iaciat
850 2598 882 2656 in
915 2587 1079 2679 pauperes.
1100 2597 1190 2664 elee-

75 2700 245 2764 mosynam
270 2677 327 2758 qui
347 2679 418 2738 vult
443 2680 550 2760 tartari
573 2679 710 2754 evadere
734 2679 901 2762 supplicia.
946 2679 1039 2740 Unde
1064 2687 1096 2747 et
1120 2671 1189 2738 Βδ-

75 2763 188 2821 minus
210 2761 243 2819 in
266 2761 447 2842 Evangelio
471 2761 564 2822 dicit:
597 2761 706 2836 Vende
734 2764 927 2842 omniaquae
949 2761 1124 2839 linbes,jpt
1142 2757 1189 2840 ‚d‘

74 2843 279 2926 pauperibus,
302 2855 333 2900 et
355 2845 482 2904 lcabebis
506 2845 685 2903 thesaurum
711 2845 744 2902 in
773 2844 869 2908 coelo.
911 2843 1188 2922 Peusemus'erg'o

78 2946 194 2985 omnes
226 2923 400 2984 Christiani
426 2937 545 3005 quanta
566 2927 607 2986 sit
631 2926 731 3007 pietas
757 2936 789 2986 et
813 2923 940 3004 largitio
966 2924 1189 3010 Redemptoris

78 3017 117 3067 ut
145 3006 363 3088 eleemosynas
385 3029 563 3089 pauperum
584 3009 812 3089 promittantur
828 3008 918 3068 nohis
934 3005 1076 3068 thesauri
1097 3003 1190 3090 regui

83 3089 263 3152 coelorum.
303 3089 662 3170 Procuremus'igitur,
692 3090 775 3152 sicut
805 3091 961 3150 Dominus
991 3100 1023 3150 et
1053 3091 1191 3151 salvator

80 3179 196 3232 noster
220 3171 394 3253 praecepit,
416 3179 449 3230 et
476 3194 512 3232 ae
541 3172 567 3232 si
590 3194 654 3230 uon
671 3182 827 3254 quantum
850 3192 987 3247 avernus,
1017 3173 1122 3232 saltim
1155 3171 1189 3228 in

79 3263 237 3335 quantum
257 3273 435 3334 possumus,
453 3255 687 3336 eleemosynam
704 3256 865 3315 l'aciamus.
886 3255 985 3312 Nemo
1004 3254 1113 3336 itaque
1128 3254 1190 3314 du-

79 3337 174 3411 bitet,
195 3357 288 3396 nemo
303 3336 419 3396 tardet:
443 3335 519 3418 quia
537 3337 562 3396 si
581 3359 638 3397 nos
657 3337 789 3398 facimus
803 3358 883 3418 quae
904 3335 1062 3398 Dominus
1079 3346 1112 3417 et
1131 3333 1190 3405 sirl-

80 3427 176 3479 vator
192 3426 300 3478 noster
316 3420 479 3498 praecepit
500 3418 556 3478 ille
578 3418 648 3479 sine
667 3419 765 3480 dubio
785 3419 928 3478 facturus
949 3427 996 3478 est
1011 3439 1093 3498 quae
1117 3434 1189 3499 pro·

81 3500 178 3560 misit.
197 3499 252 3560 Ait
274 3499 359 3559 enim
375 3501 554 3582 Scriptura:
584 3501 774 3561 Absconditc
796 3502 1021 3576 eleemosynam
1039 3503 1071 3558 in
1094 3498 1189 3560 corde

79 3585 242 3664 pauperie,
259 3594 290 3642 et
307 3585 376 3663 ipsa
393 3604 453 3665 pro
475 3597 502 3641 te
525 3582 745 3666 deprecabitur·
765 3583 912 3646 Domino.
951 3582 1189 3658 Aliseondamus

82 3685 160 3746 ergo
176 3665 417 3746 ‘eleemosynam
430 3665 464 3725 iu
487 3665 583 3726 corde
603 3664 763 3746 pauperis,
786 3673 822 3724 ut
841 3663 1008 3745 proveniat
1029 3656 1119 3725 nohis
1137 3664 1191 3723 de·

81 3747 225 3828 precatio
243 3767 420 3830 pauperum
439 3746 475 3816 lin
506 3747 724 3807 remissionem
741 3757 955 3828 peccatorum.
996 3745 1097 3819 Multa
1114 3745 1189 3828 qni-

86 3829 162 3888 dem
184 3839 218 3890 et
238 3831 300 3890 alia
319 3850 401 3910 quae
419 3829 565 3889 latiniosa
586 3838 662 3890 suut
675 3829 825 3911 prosequi
842 3837 900 3911 pro
915 3827 1127 3909 eleemosynis
1148 3821 1192 3885 ia-

85 3910 212 3973 ciendis
230 3912 411 3972 testimonia
432 3913 465 3970 in
482 3911 655 3994 scripturis
668 3912 784 3971 sanctis
799 3911 993 3994 reperimus;
1016 3909 1101 3969 inter
1121 3906 1192 3990 qui·

85 3993 146 4054 hus
157 3996 210 4056 vel
226 3994 393 4076 exquibus
406 3993 493 4053 illam
509 4015 567 4075 ego
581 3994 892 4075 existimo-potiorem
904 3992 1095 4053 sententiam
1109 4011 1192 4072 quae

86 4075 145 4136 ait:
168 4076 257 4136 Sicut
274 4097 360 4157 aquo
375 4077 529 4156 extinguit
543 4077 656 4156 ignem,
672 4079 715 4136 sic
734 4078 927 4160 eleemosyna
951 4071 1106 4174 esitinguqit
1116 4082 1192 4156 pe'c

98 4209 455 4226 *ψη-ιιι...-

121 4282 155 4352 g)
174 4281 210 4335 al.
230 4299 276 4333 ms.
296 4280 418 4356 qualiter
435 4277 547 4332 chartae
563 4297 693 4351 pagenses
703 4278 791 4351 fiant.
