2658 4978
158 308 229 380 140
381 329 411 381 r.
445 329 528 388 cur.
634 331 875 392 carisomus
977 334 1038 400 oss.

158 491 218 532 nec
241 478 352 530 contra
370 477 494 531 sanctos
511 473 659 533 Canones
678 471 803 546 facere,
835 490 896 530 nec
922 469 1028 552 legem
1053 485 1085 534 et
1103 495 1244 556 praecep-

104 605 107 612 .
156 563 227 612 tum
248 551 375 634 regium
391 550 569 635 infringere
590 554 842 636 pertimescunt:
877 551 963 614 salva
995 575 1129 617 censura
1151 559 1244 618 eccle-

157 633 302 710 siastica,
324 643 357 694 ct
373 632 563 716 episcopalis
581 635 798 716 poenitentiae
823 634 974 698 vindicta.

239 713 303 778 lli.
346 717 388 776 Ut
403 713 458 775 lex
479 726 512 777 et
529 716 648 778 iustitia
671 717 850 798 unicuique
876 716 908 774 in
923 715 1127 798 tsu0[ordiuc
1156 718 1245 778 omni-

157 796 217 858 bus
240 805 471 873 conservetur,
493 809 525 859 et
543 819 653 879 pacem
669 821 765 880 quam
781 798 925 877 proxime
945 807 1023 859 teste
1036 801 1106 860 Deo
1121 802 1244 882 propriis

155 879 304 940 manibus
338 879 502 939 communi
535 901 695 941 consensu
719 879 996 950 confirmavimus,
1043 880 1170 961 quando
1198 881 1244 942 hic

156 962 312 1046 placitum
330 969 475 1021 nostrum
488 959 674 1038 habuimus,
697 963 742 1024 sic
764 983 874 1024 omnes
890 969 922 1022 et
941 962 1026 1020 infra
1040 962 1193 1044 patriam,
1218 973 1245 1024 ct

157 1044 289 1126 quaudo
304 1041 346 1102 ad
368 1043 523 1124 placitum
538 1045 761 1126 unusquisque
779 1043 917 1122 venerit,
940 1053 973 1104 et
997 1043 1127 1124 quando
1149 1044 1245 1106 redie-

157 1127 219 1204 rit,
242 1133 275 1187 et
288 1125 420 1207 quando
442 1126 613 1189 necessitas
633 1125 724 1187 nobis
744 1127 890 1189 evenerit
905 1134 942 1185 nt
964 1125 1090 1188 hostem
1115 1136 1245 1186 nostrum

158 1207 408 1281 adnuntiemus,
440 1229 542 1289 usquc
573 1208 745 1270 constituta
776 1210 846 1269 loca
877 1208 1058 1270 secundum
1087 1217 1245 1268 consuetu-

159 1289 269 1351 dinem
289 1297 322 1350 et
335 1289 482 1370 Capitale
501 1291 782 1371 praedecessorum
799 1299 982 1351 nostrorum
1001 1290 1168 1350 observare
1183 1310 1245 1372 pro·

158 1380 259 1432 curet.
300 1372 343 1432 Et
357 1372 414 1451 qni
436 1380 546 1432 contra
564 1370 647 1433 hanc
665 1371 939 1433 confirmationem
960 1393 1019 1454 per
1038 1381 1245 1452 'contemptum

157 1453 303 1528 venerit,
326 1462 381 1512 aut
395 1455 604 1534 quantocius,
626 1455 714 1536 quod
734 1465 845 1516 contra
869 1452 953 1512 banc
981 1453 1245 1514 confirmationem

158 1557 326 1600 excessum
347 1535 464 1612 suerit,
485 1537 656 1596 emendare
676 1536 881 1620 neglexerit,
902 1537 941 1594 ab
955 1535 1125 1617 Episcopis
1145 1535 1243 1596 ctllis·

158 1617 201 1679 sis
223 1639 259 1680 ac
280 1617 458 1677 Comitibns
473 1619 589 1679 nostris
609 1618 669 1678 hoc
689 1619 781 1680 nobis
796 1617 938 1678 nuntiari
959 1619 1154 1687 mandamus,
1175 1626 1243 1696 qu'a·

156 1706 252 1760 tenus
265 1707 390 1759 tantum
398 1699 461 1759 Dei
478 1711 511 1760 et
526 1711 670 1761 nostrum
682 1723 718 1761 ac
729 1702 828 1762 totius
837 1699 1084 1760 Christianitatis
1099 1707 1244 1779 contemp-

156 1789 243 1857 lum,
265 1781 350 1842 sicut
368 1782 546 1842 secundum
562 1785 649 1864 leges
664 1782 787 1844 divinas
808 1793 841 1843 et
858 1780 1011 1843 humanas
1025 1781 1244 1856 invenerimus,

158 1863 330 1926 emendare
354 1883 524 1942 curemus,
553 1886 593 1924 ne
617 1865 686 1944 ipso
704 1874 812 1926 nostro
828 1863 949 1924 iudicio
967 1863 984 1922 al
1000 1867 1083 1942 Deo,
1105 1861 1244 1946 qnodalr

156 1946 209 2024 sit,
228 1945 432 2006 condemnati
445 1946 551 2008 simus.
564 1948 606 2007 Et
617 1945 906 2028 videautEpiscopi
925 1956 957 2007 et
972 1946 1061 2008 Missi
1075 1944 1244 2006 acComites

157 2026 259 2089 nostri
270 2047 312 2086 ne
327 2027 353 2088 si
366 2036 476 2087 contra
489 2041 627 2090 nostram
640 2049 841 2088 communem
856 2028 1131 2089 confirmationem
1141 2025 1242 2106 aliquis
1312 2041 1313 2054 ³

156 2131 217 2192 per
238 2117 456 2191 contemptum
471 2111 604 2188 fecerit,
626 2119 658 2172 et
684 2110 855 2171 emcndare
885 2111 1048 2188 noluerit,
1078 2130 1136 2192 per
1157 2108 1241 2167 alium

156 2211 253 2272 quarn
272 2213 332 2275 per
351 2192 424 2253 illos
438 2193 495 2274 qui
517 2193 633 2254 adhoc
653 2191 819 2252 constituti
832 2202 907 2252 suut
929 2193 1016 2252 hunc
1040 2199 1241 2271 contemptum

156 2273 314 2343 sciamus3
336 2274 490 2356 quoniam
511 2275 610 2358 siper
628 2275 701 2335 illos
717 2274 797 2351 hoc,
819 2274 902 2335 sicut
920 2296 985 2336 non
999 2272 1171 2348 convenit,
1190 2294 1238 2332 au·

157 2353 333 2434 dierimus,
355 2357 439 2418 sicut
453 2377 514 2417 nec
535 2357 596 2439 ipsi
613 2356 769 2418 immunes
788 2357 806 2417 d
823 2365 953 2440 peccato
970 2369 1091 2437 erunt,
1119 2354 1163 2416 sic
1188 2374 1238 2413 nec

156 2437 196 2497 ab
222 2438 346 2498 ultione
364 2439 524 2500 immunes
544 2439 693 2507 existent.

238 2520 297 2585 IV.
339 2522 497 2584 Volumus
516 2531 548 2582 et
562 2543 710 2603 expresse
725 2519 910 2580 mandamus
932 2519 1109 2581 Comitibus
1137 2518 1238 2580 nostris
1311 2597 1312 2600 Ἴ

155 2612 195 2663 ut
216 2602 300 2664 sicut
320 2599 354 2662 in
370 2626 452 2664 xxrv.
472 2602 616 2687 capitulo
637 2603 771 2666 secundi
796 2601 872 2662 libri
895 2601 1119 2683 Capitulorum
1143 2600 1237 2660 decos·

154 2706 264 2747 sorum
280 2694 462 2746 nostrorum
477 2686 680 2764 continetur,
702 2684 830 2746 vassalli
847 2685 947 2744 nostri
966 2685 1058 2744 nobis
1076 2692 1108 2743 et
1130 2691 1238 2742 nostrae

156 2767 291 2864 coniugi
310 2768 500 2829 famulantes
520 2768 717 2850 condignum
738 2766 824 2850 apud
840 2787 950 2830 omncs
977 2767 1134 2827 honorem
1154 2763 1236 2822 habe-

155 2859 228 2928 ant,
251 2859 334 2910 sicut
353 2849 525 2930 agenitore
547 2859 656 2910 nostro
674 2859 706 2911 et
723 2849 739 2908 a
756 2848 847 2910 nobis
862 2870 954 2930 saepe
974 2847 1170 2908 admonitum
1183 2851 1237 2912 est,

156 2942 190 2994 ct
213 2933 297 2994 sicut
315 2931 375 3012 ipsi
396 2932 515 2993 volunt
531 2953 564 2992 se
582 2933 599 2992 b
618 2931 709 2992 nohis
729 2929 901 2992 honoratos
918 2939 1050 3005 tencre,
1081 2929 1123 2987 ita
1146 2936 1175 2987 et
1192 2947 1238 2983 no·

154 3013 204 3075 bis
217 3011 455 3089 famulantibus,
466 3014 548 3074 sicut
562 3011 762 3079 consuetudo
783 3012 845 3072 fuit
862 3022 1005 3093 tempore
1021 3020 1237 3072 antecessorum

158 3105 361 3168 nostrorum,
385 3095 528 3156 debitum
543 3095 700 3156 honorem
719 3095 901 3155 exhibeant.

240 3177 279 3237 V.
321 3176 480 3239 Volumus
504 3188 538 3239 et
559 3198 707 3258 expresse
727 3177 904 3237 Comitibus
926 3173 1041 3236 nostris
1072 3172 1238 3234 mandamus

158 3267 194 3318 nt
209 3258 307 3321 villae
329 3269 454 3321 nostrae
474 3259 741 3336 indominicatae,
764 3259 820 3320 sed
840 3266 873 3319 et
887 3257 982 3318 villae
998 3257 1037 3317 dc
1056 3253 1237 3317 monasteriis

156 3361 241 3422 qnae
266 3350 297 3405 et
316 3340 448 3425 coniugi
473 3351 598 3402 nostrae
619 3350 652 3401 ct
665 3341 738 3402 filiis
753 3363 790 3401 ac
817 3339 941 3404 filiabus
963 3339 1080 3400 nostris
1107 3355 1238 3400 concessa

155 3433 252 3504 atque
273 3424 388 3483 donata
404 3423 578 3497 habemus,
600 3443 748 3506 quaeque
770 3423 828 3483 sub
843 3421 1042 3482 immunitate
1067 3420 1237 3488 consistunt,

157 3517 232 3569 cum
251 3506 448 3566 salvamento
462 3514 495 3566 et
519 3504 626 3566 dehita
646 3505 826 3568 reverentia
851 3507 885 3564 in
905 3503 1104 3567 comitatibus
1126 3501 1237 3560 illorum

156 3586 342 3654 consistant.
383 3588 448 3648 Sed
464 3597 496 3650 et
515 3608 597 3668 quae
615 3588 762 3648 homines
781 3587 883 3648 nostri
899 3608 934 3647 ac
952 3586 1085 3646 illorum
1109 3584 1236 3643 illarum·
1309 3655 1310 3662 ἵ

157 3691 240 3752 que,
263 3670 318 3752 qui
335 3669 404 3730 sine
420 3671 487 3730 ulla
506 3669 686 3730 differentia
709 3678 742 3730 et
765 3670 865 3731 nostri
881 3677 965 3746 sunt,
988 3689 1062 3728 cum
1083 3667 1235 3728 salvamen·

154 3762 189 3813 to
207 3763 239 3813 et
257 3752 365 3814 debito
383 3751 507 3812 honore
522 3750 640 3812 habere
655 3751 787 3833 possint.
829 3753 871 3812 Et
894 3771 959 3812 non
978 3749 1128 3831 ignorent
1147 3759 1234 3834 neque

155 3833 385 3895 obliviscantur
405 3835 545 3895 Comites
561 3854 598 3894 ao
615 3833 820 3894 Missinostri
844 3855 902 3894 nos
931 3830 1013 3892 scire
1039 3831 1125 3912 quod
1150 3828 1236 3888 dono·

154 3937 273 3976 norum
289 3917 448 3976 Dominus
471 3917 511 3976 de
534 3936 566 3976 sc
596 3915 695 3976 dicit:
718 3913 978 3995 IIonorificantes
999 3935 1047 3973 mc
1062 3905 1234 3991 honorifica·

154 4001 211 4061 bo:
232 4012 262 4058 et
285 4000 339 4082 qrti
361 4010 559 4059 contemnunt
579 4019 649 4069 me,
672 3999 853 4058 inhonorati
877 4007 977 4056 erunt.

234 4078 295 4143 Vl.
338 4083 379 4141 Et
406 4077 561 4161 quoniam
591 4079 732 4141 humana
757 4078 912 4160 fragilitas
942 4074 1118 4159 proclivior
1138 4079 1182 4132 est
1200 4065 1230 4126 ad

154 4173 265 4226 contra
284 4162 436 4224 iustitiam
450 4160 646 4238 faciendam,
669 4183 766 4243 quam
786 4163 825 4222 ad
850 4159 1005 4221 iustitiam
1022 4152 1232 4240 exequendas&

155 4257 187 4312 et
207 4244 352 4310 diabolus
369 4265 494 4333 semper
510 4252 612 4308 certat
622 4254 657 4308 ut
674 4242 840 4328 fragilitati
859 4242 1019 4306 humanae
1038 4241 1144 4307 oculos
1158 4252 1232 4298 rnen·
