2658 4978
206 313 342 378 ncne
449 276 584 374 neuun
622 285 859 373 rnancondn
975 315 1045 402 aa.¹
1094 294 1162 368 183

85 463 186 533 autem,
204 453 231 522 si
250 450 583 532 fideiussoreshabare
596 453 769 537 potuerit,
808 472 868 535 per
895 451 1098 534 fideiussores
1123 456 1164 515 ad

84 539 198 599 mallum
217 535 406 607 adducatur3
439 533 465 598 si
491 534 694 597 fideiussores
717 535 836 595 habere
859 555 925 594 non
953 535 1115 616 potuerit,
1145 560 1163 598 u

81 619 218 680 ministris
239 617 373 679 Comitis
390 617 603 694 custodiatur,
625 629 658 678 et
674 618 713 678 ad
736 618 870 677 mallum
883 617 1090 698 perducatur.
1120 619 1164 679 Et

80 704 101 763 si
113 701 222 784 aliquis
244 720 317 760 eum
336 700 551 776 accusa-uerit,
576 700 629 761 fiat
646 700 685 760 de
705 700 762 760 illo
780 701 959 760 secundum
982 700 1163 781 praefatum

79 784 240 866 capitulum
262 781 339 842 libri
362 781 554 865 Capitularis
616 782 650 841 Si
676 791 877 843 autemeam
906 781 1016 842 nullus
1037 803 1163 844 accusa·

78 867 167 943 rerit,
196 862 387 926 excondicat
402 885 434 924 se
452 863 617 944 praedicto
633 863 728 941 modo
738 909 747 941 ,
776 873 808 925 et
831 861 917 924 iuret
943 863 1032 945 quod
1066 865 1161 926 dein-

78 970 140 1030 ceps
161 945 303 1009 testeiam
330 944 384 1008 vel
417 945 621 1021 latrocinium
655 967 719 1007 uon
746 945 864 1022 faciet,
894 966 1000 1026 neque
1028 945 1163 1008 facienti

78 1029 258 1106 consentiet,
281 1035 315 1089 et
338 1027 363 1090 si
388 1028 498 1090 scierit
524 1027 581 1110 qui
600 1027 661 1088 hoc
677 1028 790 1103 faciet,
813 1048 878 1088 non
902 1028 987 1088 celet
1008 1029 1161 1090 ministris

76 1105 156 1193 regni
171 1131 228 1194 per
245 1131 327 1190 quos
346 1110 420 1172 talis
442 1131 536 1171 causa
555 1108 718 1170 emendari
741 1109 844 1176 debet.
866 1109 900 1170 Si
915 1130 992 1172 uero
1009 1112 1108 1189 tales,
1125 1121 1161 1173 ut

75 1192 297 1276 praediximus,
321 1192 362 1252 ad
379 1191 512 1252 mallum
527 1189 643 1251 adduci
667 1212 732 1251 non
749 1190 933 1272 potuerint,
965 1191 999 1251 in
1028 1193 1159 1252 forban-

76 1297 143 1334 num
157 1274 338 1351 mittantur,
360 1283 392 1334 et
409 1270 515 1335 de'his
529 1271 617 1334 Missi
633 1273 685 1334 vel
701 1271 860 1349 Comites,
881 1271 965 1335 sicut
978 1274 1160 1355 supradixi-

75 1380 152 1434 mus,
171 1356 314 1427 faciant,
335 1365 368 1417 et
384 1356 424 1416 de
448 1355 590 1436 illisqui
613 1355 692 1416 tales
718 1353 918 1436 receperint,
953 1353 1038 1416 sicut
1064 1377 1160 1438 prae·

70 1438 260 1520 scripsimus,
290 1437 352 1502 fiat.
373 1439 407 1499 si
430 1448 536 1498 autem
557 1436 720 1500 fiscalinus
731 1446 840 1498 noster
855 1433 899 1496 itu
913 1433 1041 1516 infamis
1060 1438 1094 1498 in
1111 1439 1163 1500 fis-

76 1543 138 1580 cum
155 1530 298 1580 nostrum
320 1521 526 1602 confugerit,
550 1521 602 1582 rel
618 1518 753 1579 colonus
768 1517 808 1578 de
828 1517 1028 1594 immunitate
1047 1520 1081 1580 in
1098 1519 1161 1578 im-

75 1601 247 1661 munitatem
262 1601 469 1684 confugerit,
490 1603 621 1662 mandet
641 1602 757 1662 Comes
775 1599 876 1660 iudici
891 1609 1006 1662 nostro.
1025 1601 1079 1663 vel
1102 1600 1162 1662 ad-

75 1692 173 1744 vocato
195 1684 418 1764 cuiuscunque
440 1707 528 1745 casae
551 1683 614 1744 Dei
631 1692 668 1744 ut
688 1681 786 1743 talem
815 1680 968 1745 infamem
998 1681 1032 1743 in
1062 1683 1159 1744 mallo

73 1787 122 1827 suo
135 1773 325 1848 praesentet.
365 1767 407 1826 Et
426 1767 452 1828 si
470 1766 568 1828 talem
585 1761 860 1848 praesentaverit,
888 1763 916 1826 si
937 1761 1055 1846 aliquis
1085 1785 1160 1825 eum

75 1847 269 1929 comprobare
298 1847 377 1908 volu
397 1847 462 1921 rit,
494 1847 609 1912 faciat:
651 1855 684 1907 et
711 1845 737 1906 si
763 1845 874 1910 nullus
908 1868 983 1908 eum
1014 1854 1159 1928 compro·

73 1929 139 1990 bare
176 1927 335 2006 voluerit,
373 1936 480 1990 tamen
511 1952 602 1991 suam
635 1928 800 1997 infamiam
837 1926 878 1988 ad
908 1929 971 1989 Dei
998 1928 1158 1990 iudicium

72 2019 184 2092 purget,
207 2020 240 2072 et
259 2031 322 2094 per
335 2009 419 2071 illud
435 2013 496 2074 Dei
515 2009 673 2073 iudicium
688 2019 743 2070 aut
756 2009 913 2070 liberetur
929 2018 985 2070 aut
1003 2009 1160 2071 condem-

74 2102 166 2169 netur.
206 2092 242 2154 Si
265 2101 372 2152 autem
392 2094 490 2156 iudex
519 2103 629 2156 noster
655 2094 708 2154 vel
733 2091 903 2154 advocatus
934 2093 974 2153 de
1000 2113 1072 2152 casa
1094 2091 1158 2153 Dei

74 2175 274 2236 commonitus
302 2175 400 2236 talem
430 2175 652 2258 blasphemum
682 2175 800 2235 Comiti
825 2174 859 2233 in
883 2176 979 2235 mallo
1007 2195 1066 2234 sno
1090 2195 1157 2233 nou

71 2255 332 2338 praesentaverit,
359 2257 413 2318 fiat
440 2259 515 2318 inde
544 2257 723 2319 secundum
747 2253 933 2338 Capitulare
963 2255 1036 2317 libri
1067 2255 1158 2317 tertii

72 2338 208 2420 Capitulo
229 2359 313 2403 xxvi.
352 2340 396 2399 Et
420 2339 447 2400 si
461 2361 570 2400 servus
583 2337 725 2404 alicuius,
746 2337 790 2396 ita
818 2337 975 2398 clamosus
993 2347 1058 2416 est,
1092 2341 1158 2398 Co·

69 2441 127 2479 mes
142 2420 307 2498 dominum
323 2421 408 2482 servi
431 2430 630 2482 commoneat
646 2430 682 2482 ut
699 2442 773 2483 eum
793 2420 833 2492 in,
848 2419 947 2480 mallo
965 2430 1156 2500 praesentet,

70 2511 97 2561 et
108 2512 341 2583 praesentatum
361 2503 387 2562 si
402 2502 519 2584 aliquis
538 2501 745 2584 comprobare
774 2501 934 2576 voluerit,
964 2503 1068 2561 faeiat.
1115 2504 1158 2580 Et

69 2583 91 2642 si
110 2584 217 2646 nullus
236 2607 311 2646 eum
330 2585 534 2667 comprobare
554 2584 717 2659 voluerit,
747 2585 785 2644 ad
802 2583 861 2643 Dei
884 2583 1041 2643 iudicium
1061 2604 1157 2665 prae-

70 2664 145 2726 dicto
168 2668 265 2728 modo
286 2687 320 2730 se
341 2666 517 2744 examinet,
540 2677 572 2729 et
593 2687 653 2749 per
674 2666 757 2725 illud
775 2666 835 2724 Dei
853 2663 1009 2724 iudicium
1036 2675 1090 2724 aut
1112 2665 1158 2724 li-

68 2745 187 2810 beretur
209 2760 266 2810 aut
282 2750 524 2810 condemnetur.
566 2749 601 2810 si
615 2756 723 2809 autem
741 2747 889 2808 dominus
914 2747 997 2808 servi
1016 2747 1156 2806 eundem

68 2841 183 2891 servum
208 2855 303 2893 suum
334 2829 450 2891 Comiti
478 2831 511 2890 iu
544 2830 641 2891 mallo
667 2840 869 2911 praesentare
900 2828 1062 2906 noluerit,
1102 2828 1156 2888 fiat

69 2909 135 2972 inde
152 2913 331 2975 secundum
352 2913 534 2994 Capitulare
550 2907 626 2973 libri
641 2911 729 2972 tertii
749 2911 889 2992 capitulo
911 2934 993 2972 xtvr.

141 2993 198 3060 lV.
239 2998 289 3056 De
305 2994 371 3074 illis
381 2994 565 3056 hominibus
580 2993 636 3074 qui
652 3016 726 3054 cum
742 2993 957 3054 Carlomanno
973 2990 1155 3076 praeteritis

69 3073 150 3137 annis
167 3085 257 3137 tanta
279 3077 367 3154 mala¹
380 3087 412 3156 et
431 3077 553 3138 scelera
579 3078 614 3138 in
629 3097 729 3157 regno
750 3085 859 3136 nostro
883 3076 1050 3150 fecerunt,
1072 3077 1156 3136 sicut

69 3165 136 3217 tunc
156 3168 188 3218 et
205 3159 312 3221 verbis
328 3168 359 3218 et
379 3159 505 3242 scriptis
525 3158 757 3241 praecipimus,
785 3157 829 3218 ita
849 3159 989 3220 Comites
1015 3167 1046 3218 et
1068 3157 1156 3218 Missi

70 3239 158 3298 nostri
179 3252 382 3322 exequantur
397 3242 429 3302 in
450 3263 503 3303 eos
521 3241 554 3300 in
572 3233 812 3322 quibus‘nostra
828 3237 926 3300 iussio
935 3285 948 3312 ,
971 3242 1066 3322 quam
1081 3263 1157 3302 con-

67 3320 132 3380 silio
149 3321 295 3384 fidelium
312 3333 494 3384 nostrorum
511 3323 677 3400 iussimus,
699 3331 832 3383 executa
851 3342 916 3380 non
935 3333 990 3387 est.
1033 3323 1070 3382 ld
1096 3333 1155 3400 est,

68 3411 100 3460 ut
116 3402 299 3466 fidelitatem
319 3405 409 3466 nobis
432 3406 637 3488 promittant,
665 3404 750 3467 sicut
769 3414 848 3481 tunc
882 3404 1091 3478 scarivimus,
1125 3413 1156 3466 et

67 3484 207 3566 scriptam
228 3487 407 3548 Comitibus
429 3488 543 3549 nostris
563 3487 721 3552 dedimus.
760 3487 802 3546 Et
823 3485 876 3546 cui
905 3484 1029 3566 aliquid
1053 3486 1157 3544 abstu-

68 3565 188 3646 lerunt,
222 3579 277 3629 aut
310 3569 483 3632 emendent
513 3578 568 3630 aut
600 3570 832 3651 deprecentur,
867 3575 899 3626 et
927 3565 1158 3648 poenitentiam

69 3647 193 3730 iaciant,
216 3653 299 3713 sicut
316 3661 394 3713 tunc
416 3653 624 3724 constitutum
644 3651 716 3712 fuir.
757 3651 799 3710 Et
817 3649 874 3730 qui
891 3647 1052 3724 Seniores,
1074 3649 1158 3710 sicut

68 3735 138 3792 tune
155 3735 384 3816 praecepimus,
400 3746 551 3816 acceptos
571 3755 635 3794 non
653 3733 789 3809 habent,
811 3753 871 3814 per
893 3730 1094 3810 fideiussores
1116 3733 1157 3792 ad

70 3820 199 3876 nostram
222 3817 434 3897 praesentiam
445 3819 675 3897 perducantur,
697 3826 728 3877 et
746 3816 853 3876 alodes
871 3834 950 3895 quos
966 3812 1158 3876 habeutCo-

69 3891 160 3970 mites,
177 3897 212 3956 in
232 3919 369 3980 quorum
388 3899 588 3960 comitatibus
607 3907 700 3978 sunt,
722 3899 756 3958 in
770 3897 881 3957 fiscum
893 3894 1062 3980 recipiant.

140 3980 180 4042 V.
201 3983 243 4040 Ut
266 3981 487 4062 unusquisque
513 3985 626 4062 Comes
650 3981 683 4042 in
714 4002 771 4046 suo
798 3977 957 4040 Comitatu
986 3977 1158 4059 provideat

70 4067 100 4116 ut
115 4061 372 4140 quifidelitatem
390 4064 482 4137 nobis
500 4064 604 4134 adhuc
627 4061 813 4148 promissam
832 4081 897 4121 nou
914 4059 1055 4141 habeut,
1079 4060 1155 4121 fide-

70 4139 181 4235 litatem
205 4143 295 4204 uobis
308 4145 511 4225 promittant,
540 4145 625 4210 sicut
660 4145 694 4208 in
726 4141 886 4228 Capitulis
917 4141 969 4205 avi
999 4152 1031 4204 et
1056 4144 1153 4227 p'atris

71 4233 160 4285 nostri
176 4227 370 4290 continetur.
396 4275 401 4278 -
919 4259 924 4266 ·
