2786 4980
168 313 222 388 52
394 325 429 380 s.
449 320 530 376 cun.
636 317 884 378 carnutum
984 317 1046 378 sss.

172 475 243 538 lum
260 467 365 534 Missis
386 464 518 526 illornsn
533 457 737 536 manifestet,
759 468 792 521 et
806 458 847 520 ad
867 455 1093 544 accipiendum
1114 457 1209 520 illum
1231 457 1290 519 ad·

172 555 328 620 intorium
342 554 500 632 quantum
519 541 659 624 potnerit
683 542 909 624 unusquisque
931 548 1083 624 praestet,
1106 549 1138 601 et
1153 561 1212 625 per
1233 562 1290 602 sa·
1376 557 1377 566 ¹

173 645 372 706 crumentum
396 629 459 690 boc
480 624 571 686 Missi
592 623 724 683 illorum
747 623 873 684 firmare
897 623 1019 685 faciant
1038 623 1123 684 sicut
1140 633 1292 705 tempore

173 733 413 786 antecessorum
432 709 565 770 illorum
584 707 786 768 consuetudo
807 707 879 767 fnit.
920 707 963 768 Et
988 704 1014 765 si
1040 705 1157 788 aliquis
1172 709 1291 768 Missos

174 807 306 867 illorum
322 819 386 859 non
410 790 600 866 obaudierit,
623 790 649 848 si
664 789 709 849 Re
735 787 760 850 is
780 787 877 849 bomo
903 788 1013 864 fuerit,
1035 809 1094 870 per
1117 789 1292 850 fideiusso-
1377 813 1378 818 ¹

173 910 226 952 res
249 887 291 947 ad
314 881 404 942 illius
419 873 635 958 praesentiam
652 811 857 953 perducatur.
900 871 935 932 Si
957 879 1064 929 autem
1083 869 1214 933 alterius
1229 871 1293 931 ho·

174 993 227 1034 mo
249 965 360 1038 fuerit,
384 957 500 1022 Senior
519 955 611 1016 cuius
633 954 728 1014 bomo
745 955 857 1032 fuerit,
880 954 975 1014 illurn
993 953 1074 1036 Regi
1092 963 1292 1038 praesentet,

258 1051 298 1112 V.
340 1037 655 1108 Commendaverunt
686 1035 782 1098 etiam
811 1046 848 1097 ut
871 1035 898 1098 si
927 1034 1027 1096 alicui
1060 1035 1294 1098 denuntiatum
1378 1073 1379 1086 ι

174 1133 277 1198 fuerit
298 1137 334 1190 ut
351 1126 392 1188 ad
413 1120 638 1204 accipiendum
659 1119 819 1182 latronem
840 1118 1037 1180 adiutorium
1060 1129 1210 1202 praestet,
1232 1127 1295 1178 aut

80 1251 82 1258 ι
176 1215 294 1300 aliquis
322 1229 437 1274 sonum
467 1203 543 1266 inde
568 1201 709 1264 audierit
741 1211 778 1262 ut
803 1202 844 1264 ad
876 1202 1037 1261 latronem
1063 1201 1296 1283 accipiendum

177 1302 401 1367 concurratur,
423 1298 456 1350 ct
474 1307 507 1347 se
527 1285 602 1346 inde
627 1285 799 1346 retraxerit
817 1294 854 1344 ut
871 1284 911 1343 ad
928 1283 990 1344 hoc
1008 1281 1204 1346 adiutorium
1220 1306 1294 1344 non

175 1385 327 1468 praestet,
349 1374 375 1434 si
393 1373 476 1433 liber
497 1368 597 1430 homo.
614 1366 727 1444 fuerit,
759 1367 902 1427 bannum
932 1365 1131 1426 dominicum
1156 1388 1296 1448 compo-

178 1473 249 1534 nat;
273 1470 305 1521 et
323 1457 349 1520 si
365 1455 501 1516 colonus
521 1450 640 1526 fuerit,
662 1450 828 1532 sexaginta
848 1450 930 1510 ictus
948 1448 1094 1530 accipiat.
1135 1447 1216 1510 Etsi
1242 1451 1295 1508 la-

176 1559 228 1610 tro
253 1544 299 1603 ibi
321 1539 445 1601 occisus
465 1533 583 1610 fuerit,
604 1532 661 1614 qui
691 1553 766 1592 enm
785 1531 942 1594 occiderit
964 1532 1096 1592 leudem
1120 1531 1196 1593 inde
1221 1553 1295 1590 non

178 1629 294 1702 solvat,
316 1632 348 1684 et
366 1620 477 1682 nullus
501 1615 551 1676 illi
573 1615 647 1676 inde
666 1615 784 1676 faidam
808 1625 934 1698 portare
960 1616 1150 1696 praesumat.
1192 1613 1296 1691 Quod

179 1712 207 1774 si
228 1709 301 1790 quis
323 1707 429 1766 facere
452 1696 722 1784 praesumpserit,
743 1719 802 1782 per
821 1708 925 1760 certos
944 1696 1148 1758 fideiussores
1165 1697 1206 1758 ad
1223 1697 1297 1758 Re·
1380 1765 1381 1774 χ

180 1795 229 1878 gis
249 1786 462 1874 praesentiam
482 1781 688 1865 perducatur.
1380 1785 1381 1812 ¹

267 1871 322 1937 Vl,
365 1867 564 1948 Quicunque
583 1873 692 1924 autem
708 1859 827 1922 abhinc
848 1862 960 1925 inante
978 1861 1137 1924 latronem
1155 1881 1298 1942 recepe·-

180 1960 242 2035 rit,
274 1952 411 2016 maxime
441 1956 547 2010 autem
576 1947 669 2007 illurn
690 1946 748 2026 qui
776 1946 979 2008 forbannitus
1006 1946 1125 2024 fuerit,
1156 1943 1208 2004 vel
1234 1943 1300 2025 qni

183 2043 256 2103 illos
285 2058 365 2119 qnos
394 2031 483 2095 Missi
517 2028 619 2089 nostri
651 2027 930 2106 forbannierunt,
969 2028 1095 2108 recepit
1123 2036 1300 2109 postquam

183 2118 359 2186 forbanniti
381 2117 421 2178 ab
439 2111 559 2176 eisdem
574 2109 679 2172 Missis
696 2109 812 2172 nostris
829 2112 983 2189 fuerunt,
1003 2110 1179 2172 secuudum
1203 2109 1300 2190 quod

183 2203 396 2269 constitutum
423 2207 470 2259 est
500 2195 533 2254 in
568 2192 806 2278 capitularibus
837 2193 890 2254 avi
923 2204 955 2256 et
986 2193 1084 2276 patris
1122 2192 1221 2254 nostri
1257 2193 1296 2251 in

183 2290 268 2350 libro
292 2286 358 2362 lll,
388 2279 537 2364 Capitnlo
567 2297 662 2356 ιιιιι,
690 2275 717 2336 si
745 2277 890 2336 Francus
917 2286 985 2353 est,
1015 2297 1090 2336 cum
1119 2273 1298 2335 duodecim
1382 2281 1383 2306 ¹

184 2369 344 2434 similibus
365 2363 497 2426 Francis
519 2359 606 2420 iuret
625 2358 713 2456 qnod
731 2356 799 2442 ipse
823 2359 983 2420 latronem
1007 2380 1082 2419 eum
1104 2359 1201 2418 fuisse
1224 2379 1298 2416 uon

185 2455 307 2530 scisset,
330 2450 406 2510 licet
420 2457 512 2530 pater
529 2443 598 2504 eius
622 2450 680 2518 sit,
703 2450 758 2500 ant
776 2439 895 2519 frater,
922 2442 973 2503 vel
1001 2441 1214 2522 propinquus.
1261 2441 1300 2500 si

185 2538 249 2600 boc
287 2535 393 2594 iurare
431 2551 496 2612 non
531 2524 699 2606 potuerit,
738 2531 772 2585 et
806 2525 846 2584 ab
884 2523 948 2584 alio
987 2525 1153 2584 convictus
1192 2524 1301 2582 fuerit

186 2619 276 2703 qnod
299 2618 458 2676 latronem
474 2612 508 2670 in
530 2607 671 2689 bospitio
693 2607 896 2690 suscepisset,
919 2607 1010 2689 quasi
1032 2607 1114 2667 latro
1131 2615 1163 2665 et
1180 2603 1302 2666 inlide-

186 2705 227 2765 lis
249 2698 429 2768 iudicetur;
452 2695 527 2778 quia
545 2693 626 2751 latro
644 2699 703 2765 est,
727 2699 759 2750 et
782 2689 923 2751 infidelis
942 2699 989 2750 est
1008 2701 1116 2751 noster
1136 2697 1167 2746 et
1187 2687 1302 2747 Fran-

188 2805 316 2854 cornm;
347 2790 379 2842 et
398 2779 455 2860 qui
475 2777 568 2836 illum
585 2773 741 2854 suscepit,
764 2773 877 2833 similis
896 2779 944 2834 est
960 2771 1019 2836 illi.
1062 2772 1096 2832 Si
1117 2771 1220 2830 autern
1242 2792 1303 2828 au-

188 2868 271 2930 divit
290 2864 380 2947 quod
398 2863 480 2921 latro
497 2858 619 2933 fuisset,
640 2865 673 2916 et
693 2863 799 2916 tamen
830 2877 895 2915 non
915 2854 974 2915 scit
996 2853 1210 2936 profirmiter,
1241 2861 1303 2912 aaut

188 2950 275 3011 iuret
298 2946 385 3008 solus
409 2943 495 3024 qnod
515 2960 680 3022 nunquam
701 2959 774 2997 eum
788 2938 938 3012 audisset,
961 2959 1022 2996 nec
1042 2958 1101 3019 per
1116 2933 1301 3011 veritatem,

181 3053 251 3096 ,nec
270 3049 328 3113 per
346 3025 559 3099 mendacium,
580 3023 751 3088 latronem;
775 3033 829 3082 aut
848 3020 890 3080 sit
905 3029 1042 3100 paratus,
1063 3021 1089 3080 si
1106 3019 1163 3079 ille
1184 3018 1223 3078 de
1247 3019 1302 3077 la-

189 3112 331 3178 trocinio
354 3109 478 3171 erictus
499 3105 609 3181 fuerit,
632 3111 667 3162 ut
681 3102 829 3164 similiter
845 3103 1024 3163 damnetur.

276 3193 352 3256 Vll.
395 3193 438 3249 Ut
464 3187 593 3266 quando
616 3184 704 3246 Missi
734 3186 834 3246 nostri
859 3187 1018 3246 latronem
1044 3182 1302 3259 forbannierint,

191 3279 256 3340 boc
279 3287 312 3339 et
334 3273 437 3342 Missis
455 3270 526 3332 aliis
548 3280 580 3330 et
598 3265 777 3329 Comitibus
797 3268 877 3330 scire
900 3267 1029 3327 faciant.
1071 3267 1151 3328 Etsi
1168 3267 1207 3326 de
1228 3287 1304 3325 uno

192 3359 353 3424 missatico
374 3358 408 3416 in
429 3354 529 3416 aliurn
546 3350 677 3435 fugerit,
696 3350 770 3410 siin
787 3349 987 3411 vicinitatem
1001 3352 1140 3426 venerit,
1160 3370 1219 3431 pro
1233 3348 1306 3409 boc

193 3446 308 3508 Missus
328 3439 385 3523 qui
404 3461 478 3500 eum
497 3433 697 3496 forbannivit
711 3454 775 3492 non
795 3433 931 3493 dimittat
958 3443 994 3492 ut
1011 3454 1084 3493 eum
1102 3455 1167 3493 nou
1189 3451 1309 3512 perse·

193 3536 314 3610 quatur
342 3535 374 3587 et
397 3517 656 3602 comprehendat.
698 3515 740 3574 Et
755 3515 781 3576 si
799 3517 926 3596 longius
948 3514 1108 3596 fugerit‘,
1130 3514 1246 3574 Missus
1267 3515 1305 3574 in

194 3611 287 3672 cuius
303 3606 495 3668 missaticum
510 3598 647 3682 fugerit,
671 3596 699 3657 si
720 3597 846 3658 alodem
873 3597 1037 3674 habuerit,
1059 3597 1109 3657 illi
1133 3596 1243 3670 tollat,
1270 3605 1308 3656 et

193 3693 289 3754 illum
304 3687 503 3767 constringat
524 3693 559 3742 nt
579 3681 660 3740 illuc
676 3679 756 3739 velit
772 3681 855 3740 nolit
875 3679 1033 3755 reveniat,
1053 3689 1085 3740 et
1110 3679 1153 3738 ibi
1177 3678 1308 3737 rnalum

194 3775 346 3836 emendet
364 3771 418 3830 ubi
436 3767 520 3828 illud
541 3762 746 3848 perpetravit.
788 3764 830 3822 Et
849 3762 876 3824 si
896 3763 929 3821 in
954 3762 1091 3824 alicuius
1114 3761 1223 3823 villam
1245 3763 1308 3821 fu·

190 3858 287 3942 gerit,
310 3865 341 3914 et
358 3856 424 3936 ipsa
438 3851 516 3911 villa
537 3869 612 3908 eum
636 3843 854 3919 contenderit,
874 3847 1054 3906 secundum
1073 3845 1161 3926 qnod
1178 3845 1210 3902 in
1235 3846 1310 3904 Ca-

216 3938 385 4000 itularibus
410 3935 459 3994 avi
476 3943 507 3992 et
526 3927 624 4011 patris
643 3927 743 3988 nostri
768 3927 922 4010 scriptum
943 3927 1080 3988 babetur
1092 3973 1100 4006 ,
1130 3925 1206 3986 inde
1235 3926 1310 3993 fiat.

191 3965 235 4088 bt
254 4023 280 4085 si
297 4039 428 4080 necesse
446 4014 557 4090 fuerit,
575 4021 610 4070 ut
628 4010 747 4070 iustitia
766 4031 830 4068 non
848 4011 1040 4092 proteletur,
1060 4011 1224 4071 Advocato
1249 4010 1311 4070 de-

194 4105 365 4164 nuntietur
390 4111 426 4159 ut
444 4099 549 4180 ipsum
568 4095 728 4154 latronem
752 4092 884 4168 reddat,
911 4104 943 4154 et
963 4115 1017 4154 eos
1037 4093 1094 4174 qui
1118 4114 1193 4152 eum
1218 4113 1310 4151 con-

191 4187 360 4248 tenderint
373 4188 568 4265 praesentet,
591 4187 627 4238 ut
643 4176 786 4246 debitam
801 4175 1004 4258 disciplinam
1020 4176 1095 4236 inde
1118 4173 1310 4236 sustineant

194 4281 227 4331 et
251 4261 509 4332 emendationem
537 4259 614 4323 inde
642 4279 817 4342 congruam
840 4258 970 4336 faciant.
1020 4257 1118 4339 Quod
1139 4256 1166 4320 si
1190 4257 1308 4321 facere
