2712 4992
550 313 732 368 irancuum
1064 303 1068 310 ’
1134 283 1206 370 345

102 471 175 534 tur,
196 477 256 540 per
271 457 444 518 iussionem
456 457 583 516 Domao
601 462 633 514 et
651 451 790 534 glorioso
807 451 864 512 illo
882 453 991 534 Rege,
1014 453 1055 514 ad
1077 452 1207 515 univer·

100 565 209 604 sorum
231 561 339 600 causas
364 540 560 600 audiendum
593 537 655 604 vel,
671 544 755 596 recta
781 536 956 596 iudiciuin
989 537 1050 596 Dei
1074 537 1207 598 nomine

101 622 487 702 terminandum,.ibique
506 619 640 680 veniens
662 618 718 677 ille
741 618 923 679 Advocatus
947 620 1133 680 Monasterii
1164 621 1208 679 il-

99 708 165 768 lius
180 705 233 765 vel
251 705 338 765 illins
358 703 487 764 Abbatis
502 702 633 762 bomine
650 701 760 782 aliquo
787 723 902 762 nomen
924 700 983 760 illo
1014 702 1207 784 interpella-

98 791 187 864 bats·
197 787 363 870 repetebat
383 788 433 863 ei,
465 787 542 848 dum
569 786 691 844 diceret
714 806 752 842 eo
776 785 864 863 quod
885 784 1031 863 legitimo
1051 785 1207 848 colonitio

95 873 242 955 partibus
254 869 440 930 Monasterii
459 867 566 928 Sancti
584 867 671 927 illius
688 866 816 927 Abbatis
834 868 873 926 ad
888 867 965 926 villa
982 867 1038 950 illa
1059 868 1097 928 de
1116 877 1206 950 parte

99 954 257 1036 genitrice
279 971 335 1012 sua
350 952 540 1027 redeberet,
562 959 594 1010 et
613 950 787 1030 neglegens
807 960 839 1008 et
857 949 990 1011 iectivus
1009 950 1127 1011 exinde
1154 951 1208 1011 ad·

98 1048 193 1102 esset.
235 1035 300 1095 Sed
316 1035 381 1116 ipse
400 1034 495 1094 homo
513 1035 551 1094 de
576 1032 735 1114 praesenti
755 1032 916 1108 adstabat,
948 1042 980 1092 et
1004 1033 1102 1114 ipsam
1133 1054 1207 1094 cau·
1283 1099 1289 1108 Ι

97 1143 166 1180 sam
186 1118 372 1179 nullatenus
395 1116 499 1198 potuit
514 1117 691 1196 denegare,
715 1115 803 1174 etad
828 1113 932 1194 ipsum
953 1115 1144 1176 colonitium
1171 1136 1205 1176 se

96 1201 308 1282 recognovit,
331 1207 362 1260 et
378 1221 437 1281 per
454 1197 600 1258 manibus
630 1197 733 1277 ipsum
762 1195 926 1257 hominem
952 1197 1051 1279 ipsius
1073 1197 1206 1260 Abbatis

96 1285 250 1345 reddidit.
291 1281 433 1344 Proinde
450 1281 558 1341 taliter
577 1279 614 1338 ab
640 1278 715 1359 ipsis
738 1279 842 1340 Missis
863 1279 1042 1355 dominicis,
1063 1281 1115 1341 vel
1145 1281 1203 1342 illu

97 1368 240 1442 Comite,
263 1374 367 1426 seuet
389 1363 427 1423 ab
451 1365 526 1445 ipsis
553 1361 828 1442 Rachimburgiis,
860 1361 959 1440 ipsius
991 1363 1146 1424 advocato
1169 1363 1202 1422 in

95 1472 193 1510 causa
213 1447 323 1509 Sancti
341 1446 429 1508 illins
450 1447 501 1508 vel
521 1445 619 1526 ipsius
637 1445 767 1504 Abbatis
785 1469 842 1525 pro
875 1444 1032 1506 firmitatis
1061 1447 1206 1508 studium
1262 1519 1264 1523 Ι

92 1532 161 1591 fuit
176 1531 352 1590 iudicatum
368 1538 404 1588 ut
421 1529 496 1589 dum
519 1529 585 1608 ipsa
604 1550 697 1587 causa
717 1527 825 1587 taliter
839 1528 901 1590 suit
918 1527 1051 1590 inventa
1066 1537 1099 1590 et
1125 1531 1203 1612 legi·

90 1614 154 1674 bus
171 1613 323 1688 definita,
346 1622 381 1670 ut
403 1613 467 1671 tale
485 1611 604 1671 iudicio
624 1610 805 1674 evindicato
831 1611 948 1672 exinde
974 1612 1120 1692 accipere
1150 1615 1204 1674 de·

91 1697 206 1770 beret,
229 1696 318 1776 quod
337 1695 378 1752 ita
397 1704 428 1754 et
448 1695 543 1768 fecit,
567 1703 602 1752 ut
619 1693 706 1754 omni
729 1703 870 1773 tempore
890 1694 929 1753 ad
952 1694 1057 1775 ipsum
1079 1695 1202 1756 coloni-

89 1781 177 1840 tium
196 1778 302 1837 Sancti
325 1777 412 1838 illius
431 1777 469 1836 ad
491 1777 544 1834 illa
561 1777 638 1836 villa
660 1776 752 1834 illum
772 1775 885 1846 babeat
904 1777 1124 1838 evindicatum
1146 1779 1201 1840 vel

92 1862 281 1938 elidiatum,
305 1869 336 1918 et
358 1859 450 1919 sitin
470 1859 669 1939 postmodum
690 1857 776 1918 inter
797 1880 850 1916 eos
871 1879 914 1917 ex
934 1858 995 1922 bac
1020 1883 1055 1922 re
1079 1860 1203 1922 sublata
1308 1881 1310 1886 ·

92 1943 246 2006 causatio·
286 1946 405 2004 Datum
432 1942 464 2000 i'n
488 1963 597 2002 mense
619 1941 696 2016 illo,
718 1941 750 1999 in
775 1963 860 2001 anno
880 1943 948 2002 itto.

382 2075 505 2133 Notitiae
532 2070 704 2132 decoloria
726 2070 915 2133 evindicata.

175 2187 218 2250 V.
257 2187 403 2251 Veniens
418 2187 514 2246 homo
531 2187 648 2269 aliquis
667 2187 796 2248 nomine
811 2187 867 2248 ille
892 2186 1071 2268 Advocatus
1091 2186 1201 2250 Sancti

89 2273 205 2349 illius,
229 2273 267 2332 de
295 2271 489 2330 Monasterio
508 2271 616 2331 Sancti
634 2270 745 2347 illius,
768 2270 819 2331 vel
841 2270 929 2330 illius
950 2270 1080 2331 Abbatis
1099 2271 1164 2331 dei

89 2380 126 2417 so
145 2355 358 2429 Moiiasterio,
384 2347 435 2413 die
454 2353 528 2430 illo,
551 2352 584 2411 in
603 2353 700 2412 mallo
719 2353 869 2434 publico,
890 2361 961 2412 ante
982 2353 1118 2413 inlustre
1141 2292 1203 2414 illo

90 2441 164 2497 viro
181 2437 238 2496 illo
258 2436 401 2513 Comite,
430 2435 481 2498 vol
507 2443 580 2495 ante
604 2437 803 2517 quampluris
823 2435 968 2516 personis
995 2435 1053 2516 qui
1078 2433 1201 2499 ibidem

90 2523 228 2580 aderant
252 2519 291 2578 ad
308 2519 532 2580 universorum
549 2539 657 2580 causas
674 2519 869 2580 audiendum
888 2518 940 2577 vel
960 2528 1047 2578 recta
1078 2517 1200 2580 iudicia

90 2604 124 2661 in
148 2602 208 2662 Dei
236 2601 365 2661 nomine
388 2601 644 2677 terminandum,
666 2602 723 2682 qui
751 2602 863 2663 subter
886 2597 1116 2676 firmaverunt,
1146 2599 1200 2660 fe-

88 2685 179 2744 mina
204 2685 311 2764 aliqua
334 2682 464 2760 nomine
484 2681 539 2740 illa
561 2682 680 2743 ibidem
696 2683 946 2765 interpellabat,
976 2682 1144 2765 repetebat
1167 2680 1199 2742 ei

87 2767 169 2826 dum
188 2767 310 2825 diceret
333 2765 476 2845 eoquod
499 2786 576 2824 avus
595 2788 669 2826 suus
693 2765 821 2826 nomine
854 2766 910 2824 ille
932 2767 1116 2848 quondam,
1143 2764 1204 2825 vel¹

86 2849 219 2926 genitor
230 2869 305 2908 suus
325 2848 381 2907 ille
401 2847 580 2928 quondam,
604 2848 712 2908 coloni
734 2847 842 2908 Sancti
861 2847 949 2909 illius
978 2849 1017 2908 de
1047 2847 1124 2908 villa
1140 2845 1199 2906 itta

86 2930 245 3007 fuissent,
269 2931 384 3011 etipsa
403 2929 524 2990 femina
550 2928 664 2989 colona
688 2952 753 2990 esse
768 2930 922 3008 debebat,
952 2940 984 2991 et
1013 2931 1082 3013 ipso
1106 2929 1198 2990 colo-

87 3015 173 3073 nitio
194 3013 277 3072 malo
302 3013 414 3072 ordine
434 3013 472 3072 de
492 3013 560 3088 ipsa
578 3035 648 3072 casa
667 3012 729 3070 Dei
758 3011 922 3094 effugeret.
964 3012 1018 3074 Sic
1050 3013 1118 3094 ipsa
1143 3014 1198 3074 fe·-

86 3096 176 3153 mina
199 3095 230 3153 in
255 3104 422 3176 praesente
440 3094 576 3170 adstitit,
599 3103 631 3154 et
647 3093 685 3152 ab
707 3093 782 3176 ipsis
796 3095 941 3177 personis
963 3095 993 3155 ei
1011 3095 1195 3178 interroga-

85 3185 158 3237 tum
180 3179 242 3237 fuit
258 3178 282 3237 si
302 3179 368 3258 ipsa
386 3199 477 3238 cansa
499 3185 580 3236 esset
600 3176 733 3253 veritas,
756 3199 794 3235 an
822 3200 896 3237 non.
951 3177 1016 3239 Sed
1041 3177 1196 3258 ipsa.....

86 3262 124 3319 in
145 3261 292 3320 omnibus
317 3259 444 3319 fortiter
462 3257 650 3339 denegavit,
682 3266 714 3318 et
737 3259 846 3319 taliter
874 3260 975 3332 dixit,
1008 3261 1096 3340 quod
1119 3280 1196 3322 avus

86 3365 164 3402 suus
185 3343 239 3403 ille
260 3343 441 3423 quondam,
463 3362 523 3400 nec
547 3341 676 3422 genitor
698 3363 773 3403 suus
799 3343 855 3402 ille
879 3343 1060 3423 quondam,
1084 3341 1195 3406 coloni

86 3425 197 3484 Sancti
223 3426 310 3485 illius
335 3425 374 3484 de
399 3423 476 3485 villa
505 3423 560 3481 illa
581 3446 748 3504 nunqnam
765 3425 922 3497 fuissent,
947 3448 1007 3485 nee
1025 3427 1091 3507 ipsa
1108 3426 1197 3486 colo-

86 3506 168 3564 nitio
188 3507 226 3565 de
249 3507 351 3589 capud
367 3528 461 3566 suum
481 3506 520 3564 ad
535 3505 601 3585 ipsa
620 3528 690 3566 casa
709 3506 771 3566 Dei
790 3507 896 3567 Sancti
923 3509 1010 3568 illins
1029 3529 1197 3590 nunquam

85 3589 278 3666 redebebat,
302 3590 357 3649 sed
377 3589 415 3648 de
432 3597 520 3668 patre
546 3588 633 3648 etde
656 3599 756 3649 matre
770 3590 854 3650 bene
872 3591 1014 3672 ingenua
1045 3600 1119 3651 nata
1140 3591 1194 3652 vel

83 3681 252 3752 procreata
266 3673 387 3732 fuisset.
431 3672 483 3733 Sic
503 3670 542 3729 ab
559 3671 636 3752 ipsis
654 3673 798 3752 personis
814 3673 921 3732 taliter
945 3675 973 3734 ei
995 3674 1058 3733 fuit
1074 3671 1195 3734 iudica-

84 3763 174 3829 tum,
197 3763 232 3812 ut
249 3754 335 3836 apud
353 3753 524 3815 duodecim
541 3753 685 3814 homines
702 3764 860 3836 parentes,
873 3777 962 3834 suos,
986 3767 1059 3816 octe
1079 3755 1119 3816 de
1132 3777 1195 3837 pa-

85 3844 155 3912 tre,
179 3845 210 3894 st
227 3847 364 3917 quatuor
383 3837 423 3897 de
446 3845 572 3906 matre,
603 3836 630 3895 si
656 3838 850 3916 praemortui
881 3860 946 3898 non
977 3849 1071 3916 sunt,
1106 3845 1139 3898 et
1164 3838 1194 3903 si

85 3919 282 3998 praemortui
298 3928 394 3996 sunt,
417 3920 503 4000 apud
519 3917 688 3978 duodecim
706 3918 852 3980 homiues
876 3921 960 3982 bene
987 3923 1115 3981 francos
1133 3921 1194 3980 Sa·

88 3999 187 4076 ticos,
212 4000 244 4060 in
267 4001 336 4083 ipso
356 4001 453 4061 mallo
467 4021 564 4081 super
588 4000 700 4061 altario
723 4002 830 4061 Sancti
862 4003 968 4080 illius,
991 4004 1024 4063 in
1045 4001 1192 4085 proximo

86 4083 185 4142 mallo
209 4104 306 4164 quem
324 4084 390 4166 ipse
406 4085 519 4145 Comes
540 4082 659 4144 ibidem
676 4082 817 4158 tenebit,
846 4083 908 4145 hoe
939 4085 1108 4146 coniurare
1131 4086 1192 4148 de-

85 4164 161 4225 beat
179 4167 357 4246 quodavus
384 4188 460 4228 suus
485 4166 542 4228 ille
574 4167 751 4245 quondam,
790 4187 850 4226 nee
877 4167 1011 4248 genitor
1035 4189 1110 4231 suus
1132 4168 1190 4232 ille

86 4247 269 4332 quondam,
292 4247 400 4312 coloni
419 4247 527 4316 Sancti
553 4247 643 4314 illius
661 4249 700 4314 de
727 4247 921 4315 Monasterio
953 4249 1011 4314 illo
1036 4251 1076 4318 de
1110 4251 1189 4317 villa
