2786 4980
180 325 228 398 36
415 339 449 396 a.
468 333 551 395 cua.
656 281 900 394 castroclare
1002 335 1108 400 suf

264 483 305 549 ll.
347 481 392 541 Ut
414 485 501 538 tanta
520 471 660 536 Domino
682 483 876 556 cooperante
898 475 986 542 inter
1004 499 1064 541 nos
1089 498 1185 543 verae
1209 476 1294 541 cari·

179 564 254 630 tatis
274 560 457 644 benignitas
474 556 592 618 abhinc
614 556 722 616 inante
741 567 869 618 mancat
882 557 923 622 de
943 561 1043 622 corde
1060 581 1144 646 puro
1160 571 1194 623 et
1213 583 1295 622 con·

180 646 429 716 scientiaboaa‚
452 639 567 702 etfide
599 657 665 698 non
697 637 793 716 ficta,
815 639 886 702 sine
915 641 991 703 dolo
1015 652 1048 704 et
1072 642 1294 720 simulatione,

181 743 220 793 nt
239 749 334 791 nemo
355 747 413 787 suo
434 723 502 804 pari
525 743 619 783 suum
637 740 773 802 regnum
794 730 851 784 aut
874 744 948 785 suos
972 725 1103 803 fideles,
1133 726 1186 788 vel
1202 725 1295 807 qnod

180 813 221 874 ad
243 812 379 873 salutem
391 805 466 868 sive
491 803 735 888 prosperitatem
754 823 791 864 ac
813 802 971 866 honorem
988 807 1116 890 regium
1133 809 1292 890 pertinet,

182 893 352 974 discupiat,
375 896 432 948 aut
454 885 681 961 forsconsiliet,
705 892 767 944 aut·
784 905 844 966 per
869 887 1012 951 occultos
1039 910 1230 951 susurrones
1251 889 1294 951 li-

180 977 296 1038 benter
319 968 494 1052 composita
519 966 685 1028 mendacia
705 987 762 1026 seu
786 967 1005 1032 detractiones
1023 981 1178 1054 acceptet.

263 1055 320 1116 lll.
363 1054 405 1113 Ut
425 1049 647 1132 unusquisque
675 1047 815 1110 fideliter
835 1072 930 1112 suum
955 1073 1076 1136 parem,
1098 1053 1289 1136 ubicunque

181 1136 352 1201 necessitas
374 1132 425 1194 illi
445 1134 555 1208 fuerit,
582 1141 616 1191 et
630 1131 698 1212 ipse
716 1132 880 1212 potuerit,
912 1145 968 1195 aut
986 1157 1046 1221 per
1070 1157 1124 1215 se,
1149 1145 1204 1196 aut
1230 1157 1293 1218 per

181 1221 296 1297 filium,
318 1228 374 1282 aut
394 1236 453 1299 pet·
474 1215 587 1276 fideles
610 1234 696 1288 suos,
718 1221 751 1274 et
769 1214 907 1278 consilio
935 1227 968 1280 et
994 1217 1117 1280 auxilio
1145 1219 1291 1296 adiuvet,

182 1313 218 1364 ut
238 1323 384 1384 regnum,
406 1299 539 1375 fideles,
566 1293 831 1377 prosperitatem,
860 1307 954 1380 atque
978 1298 1137 1362 honorem
1162 1300 1293 1382 regium

183 1384 292 1447 debite
315 1385 421 1444 valeat
443 1379 602 1444 obtinere.
643 1377 687 1439 Et
709 1377 868 1440 veraciter
889 1383 1112 1465 unusquisque
1139 1401 1215 1462 erga
1237 1383 1290 1442 al-

182 1476 289 1528 terum
318 1462 464 1526 certatim
491 1462 688 1522 demonstret
706 1457 784 1539 quia
811 1459 843 1520 in
870 1462 978 1525 fratris
1009 1465 1058 1527 sui
1083 1464 1290 1540 adversitate,

183 1548 209 1612 si
232 1546 388 1623 evenerit,
417 1545 559 1606 fraterno
585 1541 680 1602 modo
710 1541 939 1617 contristatur,
964 1555 997 1608 et
1016 1546 1050 1606 in
1075 1544 1289 1630 prosperitate

186 1629 278 1690 illius
307 1629 454 1688 laetatur.
521 1625 561 1685 Et
604 1623 702 1684 talem
737 1623 835 1684 fidem
869 1626 953 1688 sicut
985 1628 1071 1689 inter
1102 1650 1161 1688 nos
1190 1628 1287 1688 modo

185 1711 303 1772 alrhinc
318 1710 428 1768 inante
448 1715 691 1767 conservaturos
704 1705 926 1770 confirmatum
943 1708 1108 1788 habemus,
1122 1710 1169 1771 sic
1188 1731 1291 1770 unus·

186 1793 325 1875 quisque
349 1789 526 1852 infantibus
554 1786 666 1850 fratris
689 1787 762 1867 sui,
783 1790 812 1852 si
838 1791 977 1871 obierit,
1007 1794 1065 1876 qui
1090 1792 1291 1876 superfuerit

187 1873 401 1938 conservabit.

267 1955 324 2016 IV.
365 1957 407 2016 Et
427 1952 503 2035 quia
531 1973 707 2035 pervagus
728 1960 760 2014 et
783 1953 952 2036 tyrannica
980 1955 1215 2019 consuetudine
1240 1955 1291 2016 in-

187 2047 372 2102 reverentes
392 2035 539 2098 homines
560 2055 622 2116 pax
641 2045 672 2094 et
694 2034 788 2116 quies
806 2035 899 2116 regni
918 2037 1099 2118 perturbari
1123 2039 1217 2117 solet,
1236 2059 1292 2099 vo-

187 2123 296 2184 lumus
318 2129 354 2180 ut
379 2119 419 2180 ad
441 2137 669 2200 quemcunque
697 2125 841 2177 nostrum
862 2118 935 2180 talis
960 2119 1097 2196 venerit,
1119 2129 1156 2179 ut
1179 2122 1219 2181 de
1237 2119 1290 2180 his

187 2225 269 2287 qnae
295 2203 360 2284 egit
381 2199 537 2260 rationem
560 2208 593 2258 et
617 2197 773 2259 iustitiam
802 2199 1026 2282 subterfugere
1047 2201 1165 2282 possit,
1194 2223 1291 2263 nemo

188 2308 229 2349 cx
249 2285 339 2345 nobis
359 2283 452 2344 illum
472 2282 512 2342 ad
533 2281 621 2342 aliud
643 2280 778 2362 recipiat
797 2281 850 2344 vel
865 2283 1013 2359 retineat,
1032 2283 1095 2344 nisi
1112 2292 1149 2345 nt
1168 2285 1210 2344 ad
1224 2305 1293 2344 rec-

187 2378 251 2432 tam
268 2366 426 2428 rationem
444 2374 477 2424 et
498 2363 636 2424 debitam
655 2363 912 2426 emandationem
937 2364 1141 2446 perducatur.
1196 2368 1239 2426 Et
1263 2364 1291 2426 si

187 2449 345 2512 rationem
364 2457 485 2508 rectam
504 2443 743 2526 subterfugerit,
769 2467 879 2507 omnes
904 2446 936 2506 iu
961 2467 1153 2523 commune,
1179 2447 1214 2506 in
1234 2470 1289 2508 cu·

187 2533 238 2594 ius
256 2552 391 2614 regnum
407 2528 544 2605 venerit,
566 2527 661 2586 illum
679 2543 918 2608 persequamur,
934 2529 1038 2590 don'ec
1056 2539 1111 2590 aut
1126 2529 1167 2590 a'd
1184 2530 1286 2590 ratio·

190 2636 265 2678 nem
291 2614 498 2696 perducatur,
520 2618 574 2669 aut
592 2610 632 2669 de
654 2629 754 2690 regno
774 2610 929 2678 deleatur,

273 2698 313 2762 V.
356 2693 512 2755 Similiter
533 2701 565 2752 et
588 2692 627 2752 de
645 2693 684 2752 co
701 2691 860 2772 agendum
880 2703 928 2756 est
950 2693 1008 2775 qui
1028 2715 1087 2777 pro
1106 2695 1217 2776 aliquo
1236 2716 1292 2755 ca·
1370 2719 1371 2754 1

187 2778 279 2864 pituli
297 2788 329 2838 et
347 2777 477 2859 publico
499 2773 632 2834 crimine
655 2795 673 2832 a
692 2773 838 2852 quolibet
858 2775 1017 2858 Episcopo
1041 2778 1217 2858 corripitur
1234 2777 1290 2838 vel

188 2859 494 2931 excommunicatur,
522 2866 576 2914 aut
605 2863 677 2914 ante
703 2856 1068 2918 excommunicationem
1094 2854 1293 2920 crimen'fa-

188 2945 289 3018 ciens,
312 2961 447 3020 regnum
468 2948 500 2998 et
521 2936 616 3017 Regis
637 2935 782 3017 regimen
806 2947 925 3015 mutat,
948 2959 990 3000 ne
1015 2940 1154 3000 debitam
1176 2940 1293 3022 poeni-

186 3025 322 3085 tentiam
345 3021 507 3100 suscipiat,
530 3029 583 3078 aut
599 3028 778 3100 susceptam
796 3019 938 3101 legitime
962 3033 1100 3102 peragat.
1125 3023 1293 3082 Interdum

188 3105 285 3165 etiam
307 3105 461 3163 incestam
488 3100 700 3181 propinquam
722 3121 827 3174 suam,
850 3111 906 3162 aut
927 3103 1215 3180 sanctimonialem,
1238 3104 1292 3164 vel

187 3194 321 3265 raptam,
344 3185 410 3245 sive
433 3183 627 3256 adulteram,
659 3203 756 3263 quam
777 3183 847 3244 illic
868 3183 900 3244 ei
926 3204 992 3243 non
1021 3184 1139 3246 licebat
1161 3185 1293 3262 babere,

187 3267 316 3346 fugiens
342 3287 451 3326 secum
475 3263 574 3324 ducit.
614 3265 674 3323 Hic
698 3264 790 3340 talis,
825 3286 901 3325 cum
933 3264 1111 3348 Episcopus
1133 3269 1175 3328 ad
1200 3268 1292 3328 cuius

188 3369 298 3411 curam
321 3347 499 3430 pertinebit
519 3345 609 3406 nobis
638 3355 751 3406 notum
772 3346 904 3425 fecerit,
926 3347 1101 3428 diligenter
1119 3351 1294 3432 perquira-

187 3440 262 3501 tur5
290 3451 331 3492 ne
356 3428 503 3488 morandi
527 3427 580 3487 vel
605 3427 729 3488 latendi
748 3428 854 3488 locum
874 3430 907 3490 in
931 3450 1033 3511 regno
1058 3431 1196 3492 alicuius
1224 3453 1295 3491 nos·

187 3523 274 3574 trum
298 3511 453 3588 inveniat,
476 3517 509 3570 et
526 3509 588 3568 Dei
607 3531 642 3570 ac
666 3517 788 3572 nostros
807 3510 918 3572 fideles
942 3532 1000 3570 suo
1016 3515 1127 3574 morbo
1147 3513 1290 3581 inliciat;

186 3597 242 3658 sed
261 3617 279 3652 a
300 3595 392 3654 nobis
409 3594 459 3653 vel
484 3613 542 3672 per
562 3592 724 3650 ministros
750 3590 947 3672 reipublicae
970 3595 1229 3676 constringatur,
1256 3603 1293 3654 ut

187 3686 221 3739 et
244 3677 339 3737 simul
355 3696 428 3739 cum
446 3673 603 3734 diabolica
618 3672 749 3752 praeda,
771 3693 867 3751 quam
881 3695 991 3736 secum
1012 3676 1115 3752 duait,
1143 3678 1182 3737 ad
1200 3678 1294 3760 Epis·

188 3781 304 3841 copam
323 3779 416 3818 suum
438 3757 566 3830 redeat,
599 3755 686 3812 etde
706 3756 1056 3836 quocunqueeriruine
1083 3760 1218 3840 publico
1242 3760 1294 3819 de·

186 3843 286 3904 bitum
306 3838 538 3921 poenitentiam
556 3834 719 3916 suscipiat,
738 3846 794 3896 aut
812 3845 989 3920 susceptam
1012 3848 1047 3897 ut
1062 3840 1205 3923 legitime
1224 3861 1294 3923 per·

188 3935 260 4008 agat
283 3921 504 4002 compellatur.
584 3945 589 3948 ·
814 3932 832 3946 '¹

270 4003 328 4070 Vl,
372 4004 413 4060 Ut
444 4001 542 4060 nostri
571 3998 702 4076 fideles,
732 4001 953 4085 unusquisque
980 4003 1013 4063 in
1041 4026 1099 4064 suo
1123 4005 1240 4066 ordine
1266 4013 1298 4064 et

139 4125 141 4128 -
187 4095 290 4163 statu,
318 4084 478 4146 veraciter
503 4081 568 4143 sint
595 4082 634 4140 dc
660 4082 752 4141 nobis
783 4085 889 4144 securi
915 4084 992 4165 quia
1021 4085 1149 4146 nullum
1174 4087 1296 4147 abhinc

188 4167 297 4228 inante
317 4176 430 4231 contra
452 4163 556 4245 legem
582 4170 615 4222 et
637 4163 807 4241 iustitiam,
838 4167 889 4225 vel
919 4169 1142 4228 auctoritatem
1166 4192 1202 4230 ac
1228 4169 1297 4229 ius-

187 4258 252 4310 tam
271 4247 439 4324 rationem,
464 4256 520 4306 aut
541 4245 760 4307 damnabimus
785 4257 842 4308 aut
858 4247 1138 4330 dehonorabimus,
1158 4261 1215 4312 aut
1238 4273 1295 4335 op-
