2658 4978
198 259 326 313 acus.
433 259 793 316 recurrasrcoaun
907 260 967 322 aas.
1093 249 1162 322 159

71 398 176 484 aliquid
191 398 450 462 commendatum
466 399 597 476 babent,
617 401 685 482 ipse
696 398 876 480 Episcopus
895 400 946 461 vel
970 402 1161 471 RectorEc·

71 484 179 558 clesiae,
203 483 260 542 ubi
286 483 525 544 commendatae
552 492 650 558 sunt,
680 492 736 541 aut
767 482 832 542 illis
858 488 1103 565 praesentaliter
1125 492 1159 551 iu
1268 549 1271 558 ,

68 565 228 648 praesentia
256 567 427 626 Missorum
458 575 638 624 nostrorum
667 565 806 624 reddant
835 565 892 646 qui
919 586 971 626 eas
994 591 1161 632 commen.

69 651 218 723 daveruut,
241 659 300 709 aut
320 671 426 710 coram
443 648 545 710 Missis
565 647 679 707 nostris
698 647 895 726 sigillentur,
918 658 951 708 et
971 652 1030 712 suh
1051 653 1160 736 sigillo

67 730 285 806 custodiantur,
308 733 412 791 donec
434 731 493 811 ipsi
520 729 652 790 veniant
679 731 734 810 qui
762 751 814 790 eas
838 734 1159 816 commendaverunt,

66 824 90 874 et
109 833 210 872 coram
235 814 341 874 Missis
361 816 478 873 nostris
499 814 575 873 alias
602 812 783 894 recipiant,
806 823 838 871 et
863 813 999 894 perinde
1024 817 1159 879 distrin-

64 905 163 978 gantur
187 906 227 955 nt
248 897 290 955 ad
315 897 501 958 fidelitatem
529 904 723 956 nostramet
746 894 786 954 ad
802 917 914 978 pacem
932 895 1097 961 Ecclesiae
1121 925 1159 965 ac

61 977 136 1060 regni
167 987 386 1044 revertantur.
680 1007 684 1017 .

127 1060 180 1122 Vl.
224 1063 268 1120 Ut
289 1063 329 1123 dc
353 1060 480 1121 iniustis
500 1057 802 1120 commutationibus
824 1081 908 1142 quae
930 1062 970 1123 ad
991 1084 1077 1128 casas
1093 1069 1156 1129 Dei

59 1145 144 1204 sactae
167 1154 244 1204 sunt
264 1145 335 1206 sine
357 1144 446 1224 regia
474 1142 663 1202 auctoritate
690 1143 777 1202 Missi
801 1143 902 1204 nostri
924 1144 1102 1228 inquirant,
1125 1161 1158 1212 et

59 1248 101 1286 eas
128 1225 322 1303 dissolvant,
350 1227 433 1286 sicut
459 1224 492 1283 iu
527 1223 765 1305 Capitularibus
789 1225 838 1283 ari
865 1238 897 1288 et
927 1230 1026 1310 patris
1054 1235 1156 1294 nostri

60 1307 239 1369 continetur.
301 1311 344 1370 Et
357 1309 382 1368 si
404 1317 528 1367 mortua
542 1328 655 1367 manus
669 1307 720 1368 vel
733 1318 940 1391 praeceptum
957 1314 1083 1394 regium
1106 1338 1157 1376 su-

58 1412 105 1473 per
135 1410 184 1451 eas
212 1391 401 1466 interiacet,
433 1390 655 1452 describantur
687 1389 862 1470 diligenter
889 1401 986 1473 atque
1013 1395 1156 1459 fideliter
1226 1405 1229 1413 ’

60 1474 183 1554 qualiter
205 1469 313 1535 factae
329 1484 415 1550 sunt,
432 1483 464 1534 et
481 1473 572 1533 nobis
589 1472 676 1532 Missi
690 1472 789 1531 nostri
809 1475 1001 1536 renuntient
1009 1501 1017 1547 ;
1041 1486 1072 1538 et
1094 1479 1155 1562 sig·

60 1555 127 1616 natis
148 1555 222 1636 ipsis
246 1558 445 1638 praeceptis,
477 1555 559 1616 sicut
579 1553 634 1613 lex
653 1555 795 1614 Romana
821 1556 988 1638 praecipit,
1011 1560 1051 1620 ad
1078 1583 1156 1624 nos-

58 1646 125 1696 tram
143 1639 359 1718 praesentiam
376 1637 496 1698 deferri
514 1637 644 1713 faciant,
666 1636 750 1698 sicut
773 1639 805 1696 in
828 1639 1067 1722 Capitularibus
1081 1666 1156 1727 pro·

59 1716 225 1802 genitorum
244 1732 429 1782 nostrorum
447 1721 644 1781 continetur.
1152 1771 1157 1784 ,

124 1801 194 1862 Vll.
239 1804 338 1883 Quia,
361 1813 396 1863 ut
412 1801 637 1885 comperimus,
658 1801 769 1883 plures
793 1802 885 1864 nobis
900 1804 1067 1887 petierunt
1083 1810 1155 1872 alo-

59 1884 113 1961 des,
139 1894 170 1946 et
189 1896 343 1968 petentes
364 1908 488 1967 parum,
511 1885 584 1967 plus
604 1884 681 1944 inde
701 1895 914 1966 acceperunt,
946 1889 1095 1953 volumus
1117 1901 1154 1953 ut
1194 1883 1199 1896 ⁸

59 1967 131 2028 Missi
148 1969 250 2029 nostri
269 1969 333 2031 hoc
350 1968 523 2049 diligenter
544 1967 711 2048 inquirant
734 1977 767 2028 et
786 1967 986 2050 describant,
1009 1983 1041 2033 et
1066 1975 1152 2057 ipsos

57 2048 188 2112 homines
217 2073 298 2112 cum
328 2051 525 2137 praeceptis,
555 2051 596 2110 ad
627 2059 768 2112 nostram
792 2053 1007 2135 praesentiam
1039 2058 1151 2119 venire

59 2131 170 2194 iaciant.
1086 2195 1088 2200 ,

127 2216 219 2284 VIII.
262 2222 307 2280 Ut
327 2216 415 2278 Missi
437 2214 537 2275 nostri
562 2213 601 2275 de
617 2213 766 2276 omuibus
784 2216 931 2282 censibus
951 2219 1003 2282 vel
1019 2242 1153 2303 parave-

60 2298 131 2360 redis
156 2321 236 2384 quos
259 2299 379 2363 Franci
401 2299 547 2358 homines
570 2298 610 2359 ad
632 2298 753 2378 regiam
773 2310 961 2380 potestatem
982 2304 1150 2367 exsolvere

60 2379 174 2460 debent,
196 2384 376 2466 inquirant,
399 2390 431 2441 et
452 2381 506 2441 ubi
525 2401 584 2463 per
613 2384 796 2462 neglectum
821 2381 984 2446 dimissum
1011 2395 1068 2462 est,
1092 2408 1152 2448 ox.

58 2463 125 2524 solvi
144 2465 285 2544 faciant,
317 2476 350 2527 et
379 2463 553 2547 diligenter
577 2463 617 2522 de
646 2463 781 2545 singulis
804 2465 1005 2528 comitatibus
1034 2480 1151 2531 cuncta

57 2543 223 2609 describant
247 2558 280 2610 et
304 2547 397 2609 uobis
418 2545 618 2608 renuntient.
663 2547 819 2606 Similiter
840 2556 873 2606 et
896 2549 936 2610 de
956 2549 1052 2612 terris
1075 2574 1152 2614 cen·

58 2627 170 2707 salibus,
192 2640 225 2692 et
247 2632 288 2692 de
314 2632 410 2692 rebus
433 2628 472 2689 ad
496 2649 581 2689 casas
608 2629 671 2688 Dei
695 2630 832 2703 traditis,
858 2631 944 2692 unde
966 2653 1082 2695 census
1109 2636 1151 2696 ad

57 2724 163 2787 partem
180 2715 279 2797 Regis
298 2714 400 2774 exirit
416 2710 603 2794 antiquitus.
653 2711 697 2771 Et
708 2711 735 2772 si
747 2711 865 2794 aliquis
884 2713 1024 2796 aliquam
1038 2726 1151 2777 aucto-

57 2790 166 2854 ritatem
188 2798 312 2880 regiam
340 2796 416 2857 inde
437 2793 623 2868 ostenderit,
646 2793 686 2853 ad
707 2804 848 2856 nostram
867 2796 1082 2878 praesentiam
1102 2800 1151 2884 ip-

56 2893 109 2934 sam
129 2880 352 2940 auctoritatem
374 2876 493 2939 deferri
511 2874 641 2936 faciant.

123 2958 178 3021 IX.
221 2965 266 3022 Ut
286 2963 375 3025 Missi
397 2958 499 3020 nostri
520 2958 560 3019 de
577 2957 656 3018 locis
682 2957 722 3017 ad
745 2959 886 3020 claustra
905 2962 1148 3026 canonicorum

55 3036 97 3096 vel
111 3042 351 3122 Monachorum,
370 3043 426 3104 ubi
455 3061 584 3101 necesse
602 3041 711 3114 fuerit,
736 3051 843 3102 nostra
865 3047 1054 3108 auctoritate
1073 3070 1149 3110 exe·

55 3133 178 3200 quantur
196 3129 280 3188 sicut
294 3125 328 3186 in
343 3123 580 3208 Capitularibus
597 3121 646 3181 avi
662 3131 694 3181 et
708 3123 805 3204 patris
823 3128 923 3187 nostri
947 3132 1147 3192 continetur.

123 3205 162 3268 X.
203 3213 248 3270 Ut
271 3210 310 3270 de
342 3208 437 3270 nonis
469 3215 501 3266 et
527 3205 660 3266 decimis
692 3206 732 3265 ad
758 3227 843 3267 casas
871 3211 933 3272 Dei
967 3213 1146 3276 reddendis

55 3282 128 3346 Missi
151 3292 253 3354 nostri
286 3298 515 3375 exsequantur,
544 3287 627 3350 sicut
656 3286 690 3346 iu
721 3287 874 3371 praetatis
903 3293 1146 3379 Capitularibus

54 3369 233 3435 continetur.

124 3455 194 3515 xl.
217 3459 260 3518 Ut
281 3455 320 3516 dc
345 3476 412 3515 uno
431 3475 540 3516 manso
561 3453 601 3514 ad
625 3453 803 3514 Ecclesiam
831 3450 904 3516 dato
931 3458 1042 3521 nullus
1066 3483 1146 3524 cen·

57 3551 108 3609 sus,
129 3557 230 3621 neque
256 3537 372 3600 caballi
396 3548 519 3620 pastus,
554 3561 570 3596 a
596 3536 784 3598 Senioribus
807 3535 846 3596 de
869 3538 1069 3623 Presbyteris
1089 3566 1146 3605 re·

59 3615 195 3699 quiratur,
217 3621 301 3682 sicut
329 3620 363 3679 in
388 3621 531 3701 praefato
554 3615 730 3699 Capitulari
758 3618 953 3688 continetur.
995 3623 1061 3685 Sed
1084 3647 1146 3688 ne·

58 3715 108 3774 que
128 3700 164 3762 de
189 3701 321 3764 terrulis
339 3725 375 3776 ac
396 3701 535 3762 vineolis
555 3721 613 3782 pro
643 3700 715 3759 loco
738 3703 923 3782 sepulturae
952 3705 992 3765 ad
1017 3707 1146 3769 easdem

58 3775 197 3847 Ecclesias
218 3785 310 3863 datis,
334 3805 440 3864 neque
462 3784 500 3843 de
523 3782 667 3860 decimis,
689 3783 772 3843 sicut
798 3783 833 3842 in
853 3785 1040 3850 Canonibus
1055 3799 1087 3850 et
1108 3791 1143 3852 in

60 3865 188 3938 praefatis
209 3867 447 3951 Capitularibus
469 3867 665 3926 continetur.
708 3867 749 3926 Et
768 3865 822 3924 ubi
852 3864 1022 3930 inventum
1044 3873 1145 3936 fuerit

59 3951 84 4000 et
101 3967 115 4004 a
134 3949 234 4013 Missis
261 3951 378 4012 nostris
405 3949 493 4031 quod
514 3949 665 4010 Seniores
688 3948 757 4008 sine
786 3949 984 4012 conscientia
1008 3953 1144 4035 Episco-

59 4043 154 4102 pornm
172 4035 380 4118 Presbyteros
403 4033 442 4094 de
464 4031 619 4094 Ecclesiis
634 4029 756 4090 eiciunt
778 4033 831 4092 vel
855 4031 889 4091 in
910 4033 1065 4098 Ecclesiis
1078 4049 1144 4099 sta-

59 4112 153 4192 tuunt,
186 4116 272 4178 Missi
297 4115 398 4177 nostri
418 4116 501 4178 sicut
528 4115 560 4173 in
587 4114 736 4194 praefatis
773 4113 1012 4195 Capitularibus
1043 4121 1144 4182 conti.

61 4199 155 4276 uetur,
183 4199 258 4263 iude
287 4199 415 4294 faciant,
478 4197 521 4262 Et
547 4195 700 4282 Episcopi
724 4197 764 4258 dc
799 4197 937 4264 Clericis
972 4200 1142 4268 hominum
1253 4261 1257 4268 .
