2746 4992
183 293 254 362 oco
438 319 467 372 a.
489 319 568 374 cna.
675 321 910 380 carisomus
983 321 1083 382 aaa·

183 452 347 530 babuerit,
370 477 445 518 cum
459 457 499 518 ad
523 479 579 521 nos
606 461 749 539 venerit,
780 480 929 522 veracem
949 462 1108 524 hominem
1127 457 1260 529 volumus'
1336 483 1337 500 ¹

183 546 218 594 nt
232 537 287 598 (lat
304 539 360 620 qui
385 561 445 620 pro
461 539 529 602 suis
543 542 692 606 omnibus
708 544 792 606 iuret
808 542 892 603 nihil
905 566 959 608 eos
977 547 1011 604 iu
1026 544 1137 607 itinere
1150 549 1255 616 tulisse.

181 619 263 679 Etsi
286 623 369 684 forte
391 621 426 684 in
446 621 556 704 aliquo
573 646 606 687 se
631 647 770 708 suosque
792 625 948 688 obnoxios
968 630 1182 710 recognoscit,
1209 632 1256 692 do-

183 713 239 762 net
258 702 411 766 idoneum
437 705 603 768 homiuem
622 707 679 791 qui
696 709 799 788 iuret,
821 718 878 770 aut
890 719 1008 772 cuncta
1022 713 1162 774 restituat
1182 711 1224 776 his
1244 716 1258 776 i

182 785 299 865 quibus
319 787 485 850 abstulisse
506 789 593 863 visus
611 801 668 852 est.

266 867 304 929 V.
345 872 414 933 Hoc
431 871 527 934 etiam
542 874 718 938 multorum
737 875 880 954 querelis
892 876 932 936 ad
948 896 1009 936 nos
1029 874 1173 953 delatum,
1186 877 1258 957 quod

180 959 326 1030 potentes
346 961 380 1013 et
396 952 545 1016 honorati
566 957 630 1018 viri
650 957 730 1018 locis
747 959 864 1039 quibus
877 966 1108 1020 conversantur
1125 960 1259 1018 minorem

179 1036 335 1114 populum
353 1035 593 1119 depopulentur
613 1049 645 1100 et
658 1040 849 1121 opprimant,
865 1063 979 1103 eorum
999 1049 1088 1123 prata
1101 1042 1258 1122 depascant,

183 1118 381 1176 rnansionem
409 1121 644 1184 etiarn·contra
671 1125 870 1184 voluntatem
898 1125 1098 1206 privatorum
1116 1123 1259 1188 hominum

180 1199 247 1260 aive
265 1221 442 1283 pauperum
460 1204 608 1267 domibus
623 1205 758 1273 suis....
781 1207 911 1268 Caetera
931 1205 1057 1267 desunt.

455 1385 484 1445 Τ
525 1385 538 1445 l
579 1388 608 1448 Τ
649 1388 678 1447 U
718 1387 744 1447 L
786 1389 814 1448 U
856 1388 877 1450 S
941 1388 1003 1454 11.

260 1496 420 1559 Cremona
441 1519 536 1562 enirn
558 1522 638 1562 anso
660 1522 802 1563 ncccnrv.
825 1523 854 1564 ιιι
879 1523 1011 1564 ιιωτιο
1034 1501 1202 1566 Trementi.

183 1581 231 1692 In
256 1635 384 1696 nornine
399 1647 526 1698 sanctae
546 1648 578 1699 ct
602 1638 790 1699 individuae
806 1639 991 1717 Trinitatis,
1025 1661 1111 1700 annno
1134 1643 1262 1703 lucarna-

179 1717 277 1778 tionis
292 1718 423 1778 Domini
445 1723 545 1782 nostri
562 1723 635 1782 lesu
650 1721 769 1782 Christi
793 1724 992 1786 DCCCllV.
1030 1723 1131 1788 nostri
1156 1725 1264 1808 Imperii

182 1802 237 1862 Vl.
254 1801 435 1864 indictione
458 1805 513 1868 lv.
527 1809 584 1882 y),
607 1806 683 1865 dum
707 1815 902 1866 conventum
929 1806 1079 1868 fidelium
1108 1819 1264 1868 nostrorum

178 1884 310 1964 palatio,
322 1896 432 1945 nostro
454 1887 589 1947 Ticinac
610 1888 749 1949 civitatis
768 1898 1014 1966 convocaretur,
1037 1899 1070 1950 et
1088 1889 1179 1951 simul
1192 1889 1264 1972 Epis·

178 1987 333 2046 soporum
353 1977 385 2028 et
405 1969 572 2030 Nobilium
589 1981 772 2032 nostrorum
795 1972 946 2031 consultu
962 1992 1029 2031 non
1053 1972 1156 2032 solum
1170 1973 1266 2033 Eccle·
1338 1985 1339 2000 ³

177 2048 335 2112 siasticam
348 2051 520 2114 utilitatem
538 2062 570 2114 et
585 2054 696 2137 populi
718 2074 846 2135 pacem,
869 2053 1100 2131 salvationem,
1117 2054 1263 2116 sedetiam
1338 2075 1339 2104 ι

178 2131 278 2191 totius
308 2134 401 2215 regni
424 2144 540 2196 statum
563 2137 751 2219 perquirere
780 2136 998 2213 studeremus,
1031 2137 1119 2201 iuter
1140 2137 1261 2218 reliquos
1338 2173 1339 2196 ι

177 2215 317 2294 populns
340 2226 448 2277 noster
470 2219 562 2279 nobis
579 2220 732 2300 quasdam
755 2218 928 2300 petitiones
954 2219 1092 2296 obtulit,
1121 2227 1194 2302 quas
1217 2238 1261 2277 nos
1338 2223 1339 2244 ³

177 2297 239 2356 Dei
254 2319 360 2358 amore
386 2309 546 2362 eteorum
571 2302 724 2363 fidelitate
743 2301 831 2362 ducti
852 2301 994 2362 libenter
1010 2303 1213 2383 suscepimus,
1229 2309 1262 2358 at·

178 2399 242 2458 quo
258 2379 331 2442 ideo
349 2383 459 2444 subter
478 2393 628 2446 annotata
648 2385 797 2466 Capitula
812 2383 850 2444 ad
874 2405 986 2444 eorum
1013 2384 1184 2444 utilitatem
1198 2403 1260 2444 con·

177 2461 274 2522 scribi
298 2463 456 2543 fecimus„
474 2467 600 2549 quasin
620 2469 766 2528 futurum
782 2487 839 2548 pro
860 2467 931 2549 lege
948 2467 1092 2528 tenenda
1115 2467 1261 2526 firmamus,

261 2545 285 2605 1.
325 2549 374 2609 De
389 2549 520 2611 feminis
540 2571 617 2634 quas
637 2551 799 2612 defunctis
824 2549 900 2610 viris
918 2549 972 2610 lex
996 2549 1261 2632 Longobardorurn

177 2626 329 2710 prohibet
355 2641 429 2692 ante
449 2633 527 2692 anni
554 2633 693 2715 spatium
720 2642 842 2693 vestem
868 2629 1037 2714 religionis
1063 2641 1198 2708 mutare,
1217 2649 1262 2690 ve·

178 2711 311 2793 lamque
329 2714 510 2797 suscipere,
532 2718 696 2798 petierunt
716 2725 751 2776 ut
768 2723 874 2774 nostra
893 2714 1024 2776 licentia
1044 2716 1091 2776 eis
1113 2715 1183 2774 mor¹
1202 2713 1263 2773 dnm

178 2794 287 2855 divina
318 2798 418 2877 pietas
443 2798 666 2879 inspiraverit,
696 2820 748 2860 eas
778 2796 947 2858 indemnes
980 2797 1083 2859 licere
1111 2795 1261 2878 suscipere.

176 2877 240 2937 Nos
262 2890 368 2939 autem
392 2881 632 2942 considerantes
658 2881 735 2962 quia
761 2879 934 2962 praeterito
964 2889 1113 2961 tempore
1137 2901 1190 2962 pro
1212 2878 1263 2958 ipsa

178 2957 367 3022 dilatatione
396 2966 514 3025 multae
539 2965 635 3026 etiam
666 2973 773 3044 raptae
801 2963 885 3021 intra
914 2963 1059 3022 cundem
1084 2963 1214 3044 spatium
1234 2957 1264 3016 ad

179 3041 273 3100 aliam
289 3055 411 3123 partem
442 3047 611 3108 distractae
635 3045 790 3119 fuerunt,
813 3044 887 3104 idco
905 3053 1067 3104 eteorum
1086 3044 1263 3127 petitionem,

179 3145 275 3203 quam
293 3127 408 3190 iustam
427 3129 630 3206 censuimus,
652 3126 873 3211 suscepimus,
897 3136 928 3188 et
944 3128 990 3188 eis
1007 3127 1051 3188 ita
1072 3127 1142 3190 fieri
1166 3144 1264 3186 conce-

181 3205 294 3270 dimus.

262 3291 307 3352 ll.
347 3293 478 3354 Nostrae
492 3293 648 3356 maiestati
667 3295 921 3355 reclamaverunt
936 3303 1082 3376 tempore
1100 3291 1192 3374 patris
1204 3309 1264 3350 nos-

177 3372 220 3431 tri
238 3375 288 3433 vel
311 3385 418 3437 nostro
435 3399 534 3461 super
551 3399 603 3439 eas
616 3375 792 3462 superfluas
811 3376 908 3439 factas
928 3376 1026 3438 fuisse
1048 3373 1264 3459 inquisitiones.

205 3565 244 3634 y)
278 3567 320 3619 De
339 3579 412 3621 certa
430 3571 512 3622 huius
530 3570 694 3640 capitularis
868 3578 896 3622 et
915 3585 1014 3624 nomen
1041 3563 1219 3648 imperatoris,
1243 3567 1265 3610 et

281 3637 386 3704 cpoclra
411 3659 466 3698 non
494 3650 609 3694 constat.
644 3643 695 3692 aa·
866 3657 921 3692 nou
945 3655 1032 3691 annus
1051 3639 1159 3708 Impera
1174 3634 1208 3685 v1
1224 3629 1262 3707 sed

278 3707 367 3760 turaias
386 3711 471 3781 ipsum
490 3711 519 3762 in
547 3721 694 3764 exeuntem
869 3708 917 3764 IV.
949 3707 1079 3760 occurrit.
1116 3706 1203 3776 Quare
1225 3708 1264 3751 tn·

280 3797 381 3831 annum
408 3781 559 3836 DCCCLV.
590 3782 693 3834 reiecit.
867 3778 1008 3831 buendum
1025 3776 1149 3830 bethario
1168 3775 1188 3826 1.
1203 3766 1263 3822 etad

280 3847 372 3904 Sarasit
410 3850 450 3902 illi
480 3850 619 3903 Ludoviei
645 3871 695 3904 no·
780 3891 782 3898 ι
870 3867 973 3904 anuum
1002 3845 1189 3923 DCCCXXVI,
1207 3839 1263 3892 tele-

278 3937 359 3984 rnen,
380 3931 408 3974 et
426 3940 512 3974 annus
531 3921 696 3992 ImperiiVI.
866 3920 981 3972 rendum
1010 3933 1067 3971 esse
1100 3922 1209 3997 putavit.⁸
1237 3909 1262 3958 1¹

276 3991 307 4041 'in
342 3992 489 4061 exenrplari
533 3992 694 4062 descriptus.
801 3991 807 3996 “
868 3987 1130 4042 novissimaBaluzn
1149 3984 1261 4066 editione,

281 4060 334 4114 Sed
361 4065 389 4115 in
418 4063 581 4132 exemplari,
619 4063 694 4130 quod
868 4049 1261 4112 studioPerriactimanhaee

280 4133 420 4186 Lalibaeus
435 4133 506 4186 inter
515 4133 693 4192 sirmondicas
867 4129 987 4200 capitula
1000 4147 1033 4182 er
1043 4127 1111 4184 eod.
1123 4123 1229 4202 Colbert.
1240 4133 1262 4194 ς·

278 4203 389 4256 schedas
424 4205 547 4268 invenit,
588 4205 695 4256 deside·
866 4200 1010 4262 mendrta,
1031 4198 1139 4269 illisque
1160 4203 1205 4248 trra
1219 4185 1261 4240 atu

279 4283 354 4324 ratur
371 4292 457 4326 annus
472 4292 549 4328 aerae
566 4276 690 4344 vulgaris,
871 4269 963 4324 addita
981 4279 1054 4323 snut.
1126 4329 1130 4342 Ι
