2658 4978
77 441 82 448 ¹
166 362 196 420 a,
227 359 305 422 cun
408 312 543 416 arcun
568 355 784 421 rnarconun
887 355 958 428 (περ.
1039 319 1145 456 ’Σιμοί

82 508 198 584 neptum,
220 498 289 560 'sire
304 499 598 578 extortnm'fnerit,
620 497 809 562 non'eolum
824 496 858 560 in
883 485 1147 560 div'inie‘exaini·

81 581 257 655 nationibus,
281 601 392 642 verum
414 582 526 644 necin
556 581 674 644 divinis
693 581 816 664 legibue
834 578 891 662 qni
914 579 999 660 piam
1019 574 1148 661 prde'va·

77 663 146 724 tebit.
181 664 223 722 Et
235 683 302 724 non
320 663 413 724 sitvde
434 675 561 726 caetero
591 664 757 724 immemor
784 662 870 723 idem
892 601 964 723 ilex
991 660 1147 744 gloriosus

75 745 144 826 quod
165 744 241 805 dicit
263 753 391 806 sanctus
409 747 598 828 Gregoriusz
628 744 797 806 Sciendum
818 754 885 814 cst,
914 741 1022 824 inquit
1034 789 1044 822 ‚
1056 765 1059 778 ·
1072 745 1146 824 quia

73 828 191 908 qnisquie
207 827 432 886 inlicite-nullu
450 830 623 900 commisit,
646 829 718 887 huie
732 829 799 886 iure
820 823 1004 887 conceditur
1019 839 1054 885 ut
1072 826 1144 886 lici-

73 910 104 968 tis
117 920 234 974 etatum
256 909 497 988 sicquepietutis
512 909 716 992 operulsaciat
735 920 768 967 ut
789 920 913 978 tamen)
935 909 965 966 si
986 907 1142 978 noluerit,

72 1011 101 1048 ee
113 1010 182 1070 quae
199 988 310 1048 muudi
322 1003 393 1049 sum
412 1012 474 1066 non
499 992 663 1074 relinquet.
706 990 846 1072 Quilibet
866 1007 944 1048 vero
967 990 1086 1049 tentoic
1111 1011 1144 1049 se

71 1072 142 1132 licite
153 1069 242 1130 debet
256 1071 438 1143 abscidere,
459 1085 573 1154 quanto
603 1093 636 1132 se
664 1073 804 1134 meminit
825 1083 855 1129 et
885 1069 1008 1129 inlicita
1023 1079 1148 1154 perpet

71 1167 162 1213 crasse.
200 1153 310 1234 Neque
327 1154 415 1224 ,cuim
428 1174 490 1237 par
502 1153 629 1235 fructus
646 1153 712 1213 essi
730 1154 815 1214 boru'r
829 1152 934 1235 operis
957 1146 1061 1212 deici*
1078 1153 1144 1213 eir}

69 1235 222 1311 quintinus
241 1248 274 1294 et
296 1237 362 1293 eius
386 1237 441 1317 qui
455 1237 586 1319 emplius
606 1234 751 1318 deliquit,
772 1247 826 1294 aut
845 1235 910 1293 cius
926 1234 982 1312 qui
998 1235 1032 1294 in
1047 1233 1148 1294 nullis'

71 1315 160 1375 eteius
181 1319 236 1396 ,qui
260 1317 295 1377 in
319 1317 505 1397 quibuslibet
512 1316 711 1398 facinoribus
731 1315 854 1381 cecidit.
882 1312 949 1374 Sed
960 1327 1046 1374 tanto
1060 1319 1142 1411 quis-

71 1415 117 1476 que
130 1400 243 1458 maiora
256 1411 388 1479 quaerut
401 1399 552 1459 bonorum
566 1420 692 1476 operum
707 1399 805 1478 duero
815 1416 880 1480 per
896 1397 1122 1479 poenitentiam
1128 1443 1151 1469 ,.

70 1490 165 1555 quanto
183 1482 332 1556 graviore
360 1481 420 1541 sibi
436 1481 541 1540 intulit
561 1480 675 1539 decana
688 1501 747 1564 per
759 1479 889 1564 culpam.
932 1477 1023 1540 Unde
1045 1477 1063 1538 t
1089 1501 1143 1540 vo·

69 1559 108 1618 bis
127 1571 242 1637 nostra,
274 1561 355 1642 quin
373 1562 484 1644 ‚potius
509 1563 569 1630 Dei
586 1583 681 1643 voce,
703 1569 941 1636 commonentur
960 1566 996 1619 ut
1013 1558 1148 1643 nicaeni-1

70 1641 381 1724 deatpraetcritorum
409 1644 594 1726 poenitens,
625 1654 657 1706 et
686 1643 883 1705 imminentia
914 1635 1009 1722 atque
1032 1642 1142 1704 futura

70 1743 183 1800 cavens,
203 1727 274 1789 Deo
301 1726 438 1789 militare
463 1729 496 1786 in
513 1748 629 1810 *regnu
657 1735 803 1803 terreno,
838 1733 995 1808 quatenus
1018 1721 1142 1788 ‘merea-
1172 1757 1175 1764 ·

70 1813 111 1864 tur
131 1827 325 1890 conregnare
349 1808 542 1874 Christoiin
574 1831 674 1892 regno
703 1808 884 1894 coelestis.
950 1871 955 1884 ,

103 1930 174 1997 Haec
195 1949 275 2018 qrcae
306 1951 490 2020 sequuntur,
546 1951 650 2000 eructa
678 1937 848 2018 legatione,
883 1939 1098 1998 rancentierunt

512 1959 670 2112 Episcopi.
690 2049 705 2094 ς
758 2071 763 2080 ,

133 2133 176 2192 De
193 2131 401 2214 ,indulgentia
415 2155 470 2194 ena
486 2133 579 2202 nohis
591 2133 812 2200 Hludouvicns
827 2134 894 2195 Rex
909 2135 1013 2217 pridie
1035 2134 1140 2197 Nonas

72 2211 159 2272 iunias
179 2213 211 2272 in
230 2213 411 2276 Wormatia
425 2216 516 2292 dixit.
541 2217 718 2291 ,Volomos
733 2216 857 2300 precari
877 2225 913 2276 ut
929 2217 955 2277 si
973 2217 1006 2276 in
1031 2217 1139 2297 aliquo

71 2303 170 2356 vestros
189 2295 314 2357 animos
334 2297 531 2376 orantisne
551 2297 612 2360 hoc
631 2298 710 2360 mihi
729 2299 934 2382 perdonetis,
955 2309 991 2360 ut
1011 2300 1139 2360 inantea

70 2395 179 2436 securus
195 2379 467 2464 v.ohisc,epntioqui
482 2381 646 2462 possimus.
685 2381 735 2443 Ad
755 2382 834 2442 haec
853 2380 1060 2457 Hincmarus‚
1082 2381 1139 2462 qui

70 2456 169 2536 primns
190 2459 223 2520 in
245 2462 362 2522 ordine
386 2482 426 2522 ex
452 2463 579 2524 sinistra
608 2473 696 2546 parte
718 2464 806 2524 illius
834 2463 939 2540 stetit,
974 2463 1140 2546 respondit

70 2538 175 2600 dicens:
197 2543 259 2602 Ista
284 2565 376 2604 causa
393 2545 456 2604 cito
484 2547 523 2608 ad
544 2545 691 2607 effectum
715 2544 883 2629 pervenire
906 2553 1029 2626 potest;
1062 2543 1140 2624 quia

69 2621 143 2700 quod¹
155 2643 208 2684 nos
224 2625 404 2704 offerimus,
418 2626 487 2688 'hoc
507 2650 562 2689 vos
580 2629 694 2710 petitia.
735 2629 778 2688 Et
797 2634 948 2686 monente
970 2625 1137 2686 Grimoldo

75 2703 489 2789 ‹cTheodoricoEpiscopm
511 2710 627 2770 iterum
649 2710 714 2791 ipse
727 2709 914 2770 Hincmarus
932 2707 1027 2769 dixit:
1049 2705 1144 2772 Nihili

70 2793 161 2844 contra
176 2809 224 2848 mc
243 2790 365 2852 fecistis
381 2793 465 2852 unde
493 2793 623 2852 nonium
646 2811 812 2852 rancorem
834 2790 867 2849 in
891 2797 999 2850 mente
1027 2799 1138 2850 contra
1153 2801 1160 2848 ζ

69 2885 113 2925 vos
130 2875 269 2949 teneam,
285 2871 367 2953 ¹quia
384 2873 408 2932 si
426 2874 582 2951 facerem,
605 2874 645 2934 ad
662 2873 778 2950 altare,
801 2881 836 2932 ut
851 2871 989 2932 Domino
1005 2870 1161 2938 'sacrifi-a
1210 2919 1213 2926 .

68 2969 171 3026 canem,
193 2953 347 3014 accedere
366 2976 430 3013 non
451 2955 611 3020 auderem.
654 2957 775 3017 lterum
792 2953 994 3022 monentibus
1014 2953 1159 3036 eisdemp

68 3029 214 3094 Grimoldo
228 3046 261 3096 et
279 3035 480 3097 Theodorico
504 3060 539 3099 ao
555 3040 743 3110 Salomone,
778 3035 905 3100 dicente
931 3038 999 3120 ipso
1014 3036 1137 3108 ''Pheo-

69 3109 161 3202 dprico
175 3115 254 3178 haec
275 3118 391 3179 verba:
412 3118 519 3179 Facite
536 3121 618 3181 sicut
636 3121 751 3183 Senior
772 3127 880 3182 noster
891 3128 1052 3203 precatur,
1067 3129 1138 3202 ptr·

68 3201 118 3283 cite
138 3196 202 3275 illi,
223 3199 392 3280 respondit
408 3199 473 3282 ipse
484 3201 669 3263 Hincmarus
687 3202 766 3262 haec
783 3203 893 3263 eadem
904 3202 1018 3270 verba:
1041 3201 1138 3279 Quod

67 3293 93 3331 m
110 3297 165 3354 me,
176 3279 209 3340 id
221 3291 281 3358 est,
295 3281 328 3340 in
343 3303 412 3342 mea
423 3303 569 3364 persona,
584 3283 767 3360 offendistis,
790 3293 822 3344 et
836 3285 1015 3367 pepecoiet
1031 3305 1137 3365 parco.

66 3355 172 3420 Dehoc
190 3373 298 3424 autem
318 3365 404 3445 quod
421 3365 455 3423 in
472 3366 615 3430 Ecclesia
630 3366 707 3444 mihi
722 3366 883 3440 commissa
905 3374 939 3426 et
963 3367 996 3426 in
1017 3366 1156 3448 populm

66 3437 134 3498 male
143 3450 186 3502 est
197 3445 328 3522 factum,
339 3446 522 3508 voluntarie
532 3449 619 3509 vobis
630 3448 714 3508 dono
727 3435 905 3524 consilinm,
917 3456 948 3506 et
961 3449 1139 3509 secundriin

66 3517 154 3580 Deum
169 3535 295 3606 praesto
308 3528 474 3606 auxilinm,
489 3539 525 3590 ut
537 3530 612 3590 inde
626 3527 703 3591 salvi
717 3529 795 3605 sitis,
815 3529 841 3588 si
859 3529 949 3589 vohis
961 3530 1076 3611 placet.
1097 3529 1146 3589 Et.

67 3604 185 3678 praefati
196 3609 257 3668 viri
269 3610 517 3691 responderunt:
535 3614 629 3672 Certe
643 3609 823 3674 benedicit.
839 3605 882 3671 Et
892 3611 1009 3670 caeteri
1025 3609 1159 3670 strues?

69 3685 152 3774 nostri
166 3687 197 3747 in
207 3688 286 3750 haec
297 3692 392 3751 verba
405 3702 436 3753 et
448 3699 617 3756 senserunt
628 3701 660 3754 et
668 3692 828 3774 prosecuti
840 3702 921 3752 sunt.
935 3693 1037 3752 Tanta
1051 3701 1081 3752 et
1096 3699 1154 3750 ta··

69 3761 101 3824 hs
116 3764 310 3852 indulgentia
326 3773 377 3834 illi
390 3774 502 3856 largita
516 3776 586 3852 fuit,
605 3785 636 3836 et
657 3797 721 3836 non
745 3776 855 3850 altera,
872 3793 976 3854 neque
994 3773 1139 3855 amplius.

70 3843 108 3934 De
125 3850 238 3933 scripto
264 3859 475 3938 antem‘quod
493 3858 712 3920 confirmatum
726 3856 816 3918 nobis
836 3866 882 3918 est
895 3855 1058 3932 traditum,
1079 3877 1139 3917 nec

72 3944 125 4004 ipse
137 3931 153 3990 i
165 3933 255 3996 nohis
267 3937 418 4017 quiddam
437 3940 604 4022 qnaesivit,
622 3962 683 4002 nec
699 3959 756 3998 nos
767 3938 823 3998 ‘illi
842 3937 965 4017 aliquid
982 3936 1140 4013 diximus,

74 4012 206 4085 qnoniam
221 4019 359 4080 necdum
377 4043 450 4082 cum
467 4023 525 4083 illo
540 4045 579 4084 ex
602 4020 784 4084 huiusmodi
801 4021 834 4080 in
853 4020 976 4083 ratione
1006 4038 1141 4084 eramus.

84 4112 128 4158 ne
142 4108 243 4160 autem
259 4112 328 4183 post
344 4102 423 4164 haec
444 4105 555 4167 atalia
574 4105 652 4166 dixit
672 4125 729 4166 nos
750 4104 858 4186 egisse,
871 4099 957 4182 quod
986 4121 1050 4158 non
1072 4101 1141 4182 egi-

84 4195 141 4254 ns,
161 4201 198 4241 ex
216 4182 274 4244 hoc
289 4185 450 4246 materiam
469 4209 596 4248 sumens
614 4187 702 4268 quod
723 4185 919 4246 Guntharius
940 4182 990 4240 illi
1010 4184 1142 4242 familia-

75 4265 152 4336 λων,
173 4274 207 4324 ut
231 4286 300 4329 eum
332 4267 506 4337 instrueret
537 4269 625 4332 etad
658 4266 902 4332 satiet'actioncm
931 4276 1142 4346 provocaret,
1180 4297 1182 4304 v
