2746 4992
206 280 284 356 238
530 305 712 363 uinceret
738 311 983 367 ronanusneu

206 442 347 508 debeant
359 445 502 508 liaiirlarc
519 448 637 524 oth-ia,
651 471 748 531 quam
759 451 862 512 Abba»-
878 475 952 513 cnm
962 455 1046 514 omni
1061 457 1272 536 congregatione

204 535 402 620 poposcerit,
425 556 443 592 a
465 530 557 592 nobis
575 532 626 592 vel
647 555 664 590 a
675 537 910 595 successoribus
926 539 1041 598 nostris
1056 561 1155 598 sacros
1166 541 1275 620 percipi·

205 629 264 682 ant
286 616 415 703 gradus,
437 615 565 674 nullum
592 634 650 694 pro
677 614 818 697 ipsorum
840 618 963 680 honore
981 621 1153 701 praemium
1173 642 1275 702 percep·

203 711 307 764 turus.
346 699 456 759 Attare
481 698 513 756 in
543 699 611 778 ipso
631 702 824 762 monasterio
845 702 1027 784 praedictus
1047 705 1211 784 Episcopus
1231 704 1274 763 he·

202 786 353 862 nedicat,
387 789 419 842 et
444 789 591 841 sanctum
612 779 747 840 chrisma
777 786 870 844 annis
902 783 1059 867 singulis,
1088 785 1115 845 si
1140 787 1276 844 voluerint

200 867 379 951 postulare,
398 883 458 945 pro
471 863 651 922 reverentia
673 864 737 923 loci
759 866 827 926 sine
842 867 982 949 pretinm
1002 868 1163 942 concedat,
1183 878 1210 928 et
1225 869 1276 926 iar·

202 959 237 1010 ta
263 945 534 1031 dispensationem
555 944 715 1023 divinam,
735 970 809 1008 cum
837 949 942 1010 Abbas
966 950 1005 1010 de
1028 950 1097 1030 ipso
1115 951 1275 1010 monasterio

202 1053 223 1092 u
251 1031 392 1092 Domino
412 1027 609 1110 migraverit,
630 1049 727 1110 quem
751 1033 949 1092 unanimiter
972 1032 1077 1091 omnis
1103 1034 1276 1113 congregatio

199 1114 258 1175 illa
287 1112 520 1174 Monachorum
550 1131 591 1170 ex
618 1111 795 1194 semetipsis
816 1115 954 1196 optimae
973 1117 1086 1196 regula
1110 1125 1276 1196 compertam
1318 1143 1321 1166 ι

201 1205 236 1260 et
250 1195 335 1257 ritae
352 1194 474 1255 meritis
487 1201 718 1273 congruentem
736 1197 906 1278 elegerint,
925 1198 1076 1260 similiter
1091 1197 1158 1257 sine
1174 1198 1278 1278 praeni-

201 1301 258 1340 um
269 1287 460 1340 memoratae
477 1275 565 1335 urbis
580 1274 756 1357 Episcopus
773 1278 839 1359 ipse
851 1291 1039 1363 promoveat
1050 1279 1205 1340 Abbatem.
1221 1280 1278 1338 oul-

200 1362 266 1424 lam
285 1362 416 1445 penitus
437 1358 532 1418 aliam
554 1367 745 1440 potestatem
770 1361 810 1420 ad
829 1361 898 1443 ipso
924 1363 1129 1438 monasterio,
1152 1383 1241 1442 neque
1253 1362 1276 1420 iu

200 1445 310 1523 rebus,
333 1464 442 1526 neque
465 1442 498 1500 in
515 1441 703 1501 ordinandis
726 1444 881 1524 personis,
904 1467 1009 1527 neque
1033 1445 1069 1504 in
1089 1445 1215 1504 villabus
1233 1443 1278 1502 ibi·

200 1528 276 1589 dem
303 1528 366 1587 iam
390 1524 527 1586 conlatis
553 1531 608 1582 aut
634 1523 786 1606 deinceps
816 1528 907 1608 regio
930 1549 1067 1588 munere
1093 1536 1147 1586 ant
1165 1525 1277 1608 privato·

197 1631 272 1674 rum
299 1609 502 1683 conlaturas,
525 1606 577 1667 rel
599 1605 633 1665 in
665 1607 793 1688 reliqua
818 1611 993 1672 substantia
1019 1608 1217 1686 monasterii,
1235 1629 1275 1666 nos

197 1711 465 1774 successoresque
488 1689 589 1750 nostri
611 1687 775 1772 Episcopi,
797 1701 852 1752 aut
882 1691 1133 1770 Archidiaconi,
1154 1712 1205 1753 seu
1222 1711 1274 1751 cae·

197 1776 261 1837 teri
284 1776 342 1836 alii
362 1775 576 1848 ordinatores,
598 1780 654 1831 aut
675 1772 840 1852 quaelibet
867 1775 931 1836 alia
954 1796 1093 1856 persona
1125 1772 1274 1856 praedictae

197 1857 336 1920 civitatis
351 1857 470 1918 habere
493 1876 558 1915 non
581 1864 793 1935 praesumant,
816 1867 871 1918 aut
891 1859 1111 1940 quodcunque
1132 1859 1169 1918 de
1188 1855 1274 1915 eoden

196 1941 405 2018 monasterio,
426 1943 510 2000 sicut
530 1938 570 1997 de
591 1937 751 2018 parochiis
772 1947 829 1998 ant
848 1941 982 2002 caeteris
1003 1938 1210 2015 monasteriis,
1227 1959 1274 1995 mii·
1327 1999 1328 2018 ,

197 2023 286 2086 neris
302 2044 395 2084 causa
415 2021 555 2082 audeant
575 2040 703 2100 sperare
725 2030 779 2080 aut
796 2023 942 2093 auferre;
964 2045 1026 2084 nec
1044 2024 1085 2084 de
1107 2019 1166 2082 hoc
1182 2020 1274 2102 quoda
1327 2045 1328 2064 κ

197 2107 305 2167 Deum
319 2105 508 2166 timentibus
529 2101 714 2163 hominibus
735 2105 956 2166 transmissum
979 2115 1034 2165 aut
1056 2107 1091 2165 in
1116 2105 1219 2164 altario
1239 2103 1273 2161 of·

193 2189 316 2250 fertum
332 2187 443 2264 fuerit,
465 2194 521 2245 aut
535 2183 632 2246 sacris
649 2179 880 2263 voluminibus,
902 2190 957 2249 rel
971 2189 1211 2270 quibuscunque
1221 2205 1272 2265 spe·

198 2269 311 2332 ciebus
333 2269 373 2330 ad
396 2277 545 2330 ornatum
566 2267 668 2329 divini
694 2269 800 2328 cultus
817 2273 974 2350 pertinet,
997 2273 1038 2332 ad
1059 2291 1201 2353 praesens
1215 2289 1271 2327 con·

193 2352 260 2414 lata
279 2350 330 2413 rel
352 2352 506 2434 deinceps
523 2352 690 2412 conlatura
709 2351 842 2427 fuerint,
863 2354 990 2414 auferre
1008 2360 1214 2435 praesumant.
1244 2349 1269 2407 Et

196 2435 260 2497 nisi
279 2442 410 2517 rogatus
434 2456 453 2494 a
474 2433 721 2516 congregatione
742 2433 799 2492 illa
815 2433 867 2494 vel
888 2435 927 2495 ab
950 2436 1085 2512 Abbate,
1106 2456 1163 2516 pro
1186 2430 1268 2492 oratio-

194 2537 237 2580 ne
259 2516 433 2590 lucranda,
462 2517 547 2577 nulli
574 2524 716 2576 nostrum
739 2516 836 2576 liceat
857 2519 1042 2579 monasterii
1070 2519 1155 2578 adire
1178 2521 1268 2576 secreta

193 2610 251 2662 aut
270 2599 382 2660 finium
405 2599 532 2681 ingredi
554 2608 652 2679 septa.
691 2600 733 2658 Et
762 2599 788 2660 si
812 2599 851 2658 ab
877 2599 923 2660 eis
949 2601 1029 2662 illuc
1051 2599 1198 2662 Pontifex
1218 2616 1267 2676 pos·

193 2684 333 2760 tulatus,
357 2704 414 2764 pro
434 2681 589 2743 lucranda
610 2681 756 2741 oratioue
784 2682 835 2742 rel
865 2703 978 2742 eorum
1006 2683 1163 2755 utilitate,
1189 2697 1267 2738 acces·

193 2767 283 2846 serit,
307 2765 468 2826 celebrato
488 2787 524 2825 ac
539 2772 668 2845 peracto
690 2763 801 2824 divino
822 2766 985 2847 mysterio,
1007 2767 1182 2847 simplicem
1194 2783 1224 2820 ac
1238 2779 1270 2818 so·

189 2849 295 2912 briam
307 2846 569 2909 benedictionem
578 2856 770 2930 perceptam,
785 2844 903 2928 absque
917 2849 986 2908 ullo
1000 2849 1158 2929 requisitu
1168 2845 1269 2903 donau

191 2933 319 2996 studeat
337 2929 455 2991 habere
475 2949 676 3012 regressum
711 2939 746 2988 ut
766 2938 925 3010 quatenus
952 2931 1116 3005 Monachi,
1136 2927 1189 3009 qni
1206 2923 1269 2984 Soli·

190 3014 266 3077 tarii
289 3022 530 3094 nuncupantur,
553 3008 593 3072 de
612 3011 755 3094 perfecta
779 3012 888 3093 quiete
911 3013 1040 3073 valeant
1061 3015 1143 3074 duce
1159 3007 1269 3070 Domino

190 3117 251 3180 per
274 3105 417 3175 tempora
439 3094 597 3171 exultare,
620 3102 651 3154 et
664 3094 723 3154 sub
742 3105 851 3155 sancta
869 3096 982 3177 regula
996 3095 1153 3172 viventes,
1173 3100 1201 3154 et
1213 3091 1269 3148 hea-

190 3189 299 3241 tornm
324 3181 455 3240 Patrnm
477 3176 575 3236 vitam
595 3185 762 3253 sectantes,
785 3198 842 3258 pro
865 3187 950 3237 statu
964 3178 1130 3239 Ecclesiae
1150 3183 1179 3236 et
1192 3173 1268 3233 saluts

190 3261 288 3343 Regis
309 3261 362 3323 vel
385 3260 505 3342 patriae
525 3260 655 3321 valeant
677 3258 807 3342 plenius
829 3260 1004 3320 Dominum
1027 3279 1168 3325 exorare.
1203 3249 1267 3318 Etsi

190 3343 317 3425 aliquid
347 3343 407 3426 ipsi
433 3342 582 3404 Monachi
612 3342 652 3402 de
686 3363 798 3403 eornm
818 3342 978 3423 religione
1011 3344 1112 3424 tepidi
1140 3363 1176 3401 an
1199 3353 1268 3400 secus

190 3425 327 3509 egerint,
343 3425 521 3487 secundnm
537 3446 648 3486 eorum
667 3425 811 3505 regulam
829 3425 867 3485 ah
888 3447 1000 3485 eorum
1013 3426 1144 3501 Aborae,
1164 3422 1187 3484 si
1200 3437 1268 3502 prae·

189 3509 286 3585 valet,
309 3509 521 3590 corrigantur.
564 3506 621 3567 Sin
644 3517 759 3584 autem,
780 3508 932 3568 Pontifex
954 3509 993 3569 de
1015 3510 1081 3592 ipsa
1098 3507 1214 3569 civitate
1227 3520 1267 3559 co·

192 3601 303 3653 escere
326 3591 457 3652 debeat:
487 3588 564 3672 qnia
582 3589 665 3648 nihil
690 3589 729 3650 de
752 3590 906 3650 canonica
928 3593 1118 3652 auctoritate
1135 3581 1267 3672 convelli·

190 3683 256 3750 tur,
279 3672 437 3756 quicquid
455 3671 635 3734 domesticis
654 3671 726 3733 fidei
743 3693 803 3752 pro
821 3672 956 3753 quietim
975 3671 1209 3754 tranquillitatis
1225 3676 1269 3753 tn·-

190 3757 311 3822 huitur.
355 3756 480 3837 siquis
503 3765 608 3816 autem
636 3776 677 3816 cx
702 3754 803 3831 nobis,
826 3756 914 3836 quod
938 3746 1269 3829 Deusavertat,call1·

191 3840 290 3902 ditate
319 3848 507 3914 commotus,
530 3847 585 3898 aut
608 3836 782 3918 cupiditate
810 3849 1022 3920 praeventus,
1055 3861 1092 3900 ea
1115 3856 1189 3919 qnae
1212 3833 1268 3890 sunt

188 3921 336 4006 superius
358 3921 588 4004 comprehensa
607 3921 778 3981 temerario
800 3921 916 4002 spiritu
935 3922 1056 3983 violare
1078 3929 1268 4003 praesumpte·

189 4005 244 4083 rit,
267 4028 284 4064 n
303 4006 414 4067 divina
433 4005 558 4065 ultione
581 4012 765 4086 prostratus,
788 4013 880 4063 reatu
897 4003 1104 4064 anathematis
1123 3999 1265 4080 subiacenti

190 4098 223 4148 et
243 4088 347 4149 tribus
371 4088 464 4149 annis
485 4109 503 4146 a
525 4085 753 4146 communione
776 4086 919 4145 omnium
947 4087 1081 4147 fratrum
1109 4105 1140 4146 se
1166 4079 1267 4140 noverit
1324 4108 1325 4116 a

188 4170 344 4231 alienum.
386 4172 429 4231 Et
446 4168 682 4231 nihilhominus
702 4166 764 4227 hoc
779 4169 985 4250 privilegium
998 4169 1149 4254 perpetim
1166 4161 1266 4221 maneat

189 4253 424 4336 incorruptum.
467 4255 573 4332 Quam
590 4249 853 4313 constitutionem
876 4261 1026 4330 nostram,
1049 4262 1084 4312 ut
1106 4248 1191 4308 firmis
1206 4239 1264 4301 sub·
