2658 4978
184 329 213 385 a
231 323 305 385 cnr.
412 320 537 381 recen
554 319 771 384 rmuconou
876 316 935 376 au.
1060 297 1128 372 135

71 480 159 536 cutum
196 465 237 528 Et
250 463 324 546 qnia
344 461 498 547 scripturn
516 471 579 525 este
601 463 714 524 Beatus
745 459 836 520 bomo
861 458 916 538 qut
940 471 1062 546 semper
1084 473 1130 519 est

65 547 170 642 pueriles
178 591 191 622 ,
213 557 244 608 et
259 546 415 608 Dominus
429 545 522 608 dicit:
543 547 717 624 Diligenter
737 563 786 602 me
805 539 923 618 diligo,
942 563 1002 625 pro
1022 563 1128 602 amore

68 646 92 698 et
105 633 202 694 timore
220 628 281 690 Dei
295 627 432 689 honoret
448 649 501 706 se,
521 635 554 688 et
568 649 657 690 suam
673 622 959 700 christianitatem,
982 633 1014 684 et
1036 643 1130 683 suum

67 735 157 778 nomen
175 711 316 793 regium,
339 719 371 770 et
385 719 482 790 eruat
498 729 531 770 se
548 718 581 770 et
601 731 659 770 nos
684 726 796 766 omnes
824 705 862 764 ab
888 705 947 767 ista
970 706 1130 766 calumnia

65 795 225 880 quasillum
243 791 403 874 sequitur,
426 800 459 852 et
473 810 533 874 per
553 791 646 851 illum
666 809 703 848 ac
719 794 851 869 propter
868 788 961 848 ilium
978 811 1035 850 nos
1053 809 1129 871 pro-

63 881 174 964 pinquos
188 874 295 946 illius;
317 883 350 935 et
368 875 509 934 honoret
526 872 603 934 inde
621 875 747 946 Deum,
768 868 873 931 sciens
887 872 1062 932 Dominum
1079 869 1130 930 di·

63 980 132 1024 cere:
151 955 349 1018 Honorantes
369 977 417 1017 me
440 956 620 1024 toreuma,-
641 967 670 1016 et
690 955 747 1036 qui
759 963 955 1014 contemnunt
969 975 1027 1030 me,
1042 963 1131 1014 erum

61 1039 196 1124 ignobiles.

124 1117 162 1184 X·
200 1119 242 1182 Et
258 1118 286 1180 si
301 1119 344 1180 ita
365 1116 526 1194 nolucrit,
548 1115 645 1179 faciat
672 1115 761 1200 quod
789 1115 982 1178 iudicaverit
1009 1119 1133 1180 facien-

62 1207 129 1270 dum.
164 1204 229 1284 Ego
252 1201 288 1260 in
310 1213 415 1262 vestra
440 1199 578 1262 amicitia
605 1209 637 1258 et
661 1199 768 1260 dehita
790 1199 991 1260 fraternitate
1016 1202 1134 1283 persis-

60 1297 128 1363 tere,
145 1293 177 1347 et
197 1283 286 1344 omui
311 1284 418 1346 debito
433 1281 586 1365 obsequio
602 1279 691 1340 illam
709 1282 884 1360 promereri
905 1284 1056 1364 cupiens,
1078 1282 1132 1362 qui

61 1388 235 1450 nonquaero
257 1387 342 1446 quac
364 1376 440 1428 sunt
463 1366 569 1440 illius,
602 1363 659 1425 sed
683 1363 772 1422 illum
782 1408 794 1434 ,
817 1363 843 1422 si
873 1386 946 1424 eum
966 1365 1136 1425 salubriter

60 1451 155 1511 habere
171 1470 234 1508 non
250 1471 398 1530 possum,
421 1470 471 1510 me
489 1451 559 1508 Deo
578 1445 743 1527 pro'iilius
762 1445 899 1505 amicitia
918 1447 1033 1508 tollere
1050 1448 1135 1507 nolo.

60 1529 116 1595 liee'
134 1531 170 1592 od
185 1531 307 1590 malurn
325 1530 422 1592 alieni
444 1539 602 1613 praestare
617 1528 773 1588 auxilium
794 1529 889 1598 volo;
911 1531 986 1609 quia
1002 1530 1136 1610 legimus

61 1605 253 1695 inscriptura
273 1613 449 1674 Dominum
465 1611 582 1673 dixisse
599 1610 727 1670 cuidam
747 1609 846 1691 Regi:
868 1613 972 1692 lmpio
1003 1615 1135 1694 praebes

62 1697 215 1766 auxilium,
238 1707 271 1754 et
299 1697 347 1754 bis
367 1697 422 1776 qui
443 1694 577 1757 oderunt
599 1713 646 1751 rue
672 1694 811 1751 arriicitia
830 1694 987 1772 iungeris:
1016 1693 1135 1755 idcirco

60 1780 124 1836 iram
137 1778 262 1838 Domini
277 1779 447 1838 mereberis
463 1776 606 1860 quidem,
636 1784 668 1835 et
691 1775 775 1834 sicut
800 1775 918 1834 ibidem
948 1776 980 1834 in
1010 1778 1137 1857 reliquo

60 1858 189 1939 scriptum
207 1868 265 1922 est.
308 1860 350 1920 Et
363 1860 438 1918 item
455 1858 589 1940 legimus
606 1858 680 1936 quia
698 1856 737 1916 de
759 1878 952 1939 quacunque
975 1859 1136 1940 impietate

60 1939 240 2022 quiscunque
260 1941 384 2022 impius
402 1961 575 2002 conversus
592 1939 710 2014 luerit,
733 1949 765 1998 et
780 1959 819 1998 ex
835 1941 930 2000 corde
945 1961 977 2000 se
991 1943 1137 2003 converti

60 2022 129 2084 uelle
148 2023 285 2100 dixerit,
308 2023 371 2082 iam
391 2045 456 2084 non
478 2023 565 2082 iuter
584 2020 698 2104 impios
713 2031 931 2104 computatur,
954 2023 1010 2083 sed
1037 2025 1052 2084 ai
1076 2027 1138 2108 piis

61 2104 101 2185 pie
121 2105 215 2186 recipi
241 2106 340 2166 debet
369 2115 401 2167 et
433 2105 604 2168 salubriter
637 2113 759 2186 potest,
790 2103 917 2165 dicente
955 2103 1135 2188 Scriptura:

63 2185 139 2246 Verte
153 2189 286 2270 impios,
309 2200 339 2248 et
357 2209 420 2248 non
435 2199 543 2247 erunt:
566 2209 630 2246 non
645 2187 719 2268 quia
739 2207 802 2246 non
827 2195 922 2246 erunt
936 2185 967 2244 in
990 2189 1137 2264 essentia,

61 2267 178 2328 sednon
203 2278 304 2329 erunt
327 2269 362 2328 in
382 2269 561 2350 impietatis,
578 2268 683 2349 eulpa.
725 2271 811 2329 Haec
838 2278 944 2341 autem
974 2269 1134 2348 diximus,

62 2370 112 2408 non
135 2359 168 2410 ut
188 2359 341 2432 nepotem
371 2360 514 2426 nostrum
534 2350 567 2410 in
599 2373 733 2411 numero
760 2350 931 2429 impiorum
960 2355 1137 2436 computari
1199 2415 1202 2424 ,

61 2430 214 2515 cupiamus,
225 2455 326 2513 quem
340 2433 464 2513 piorum
480 2433 744 2494 nurnero-sociari
758 2433 774 2492 ai
790 2432 929 2492 Domino
944 2447 1140 2515 exoptamus.

126 2513 304 2592 Sequuntur
321 2514 573 2576 adurentiationes
591 2536 667 2598 qrtes
680 2528 743 2576 tres
763 2517 859 2594 Reges
877 2512 965 2598 apucl
990 2518 1141 2580 Sablone-

64 2594 114 2654 rias
133 2595 318 2658 adnuntiare
339 2596 520 2658 debuerunt.

296 2681 518 2740 Annuurmrro
546 2679 656 2739 Deum
685 2681 895 2741 Heuoouvrm.

128 2757 150 2825 l.
189 2757 284 2820 Sicut
308 2760 394 2826 scitis
418 2760 476 2842 qui
503 2761 547 2821 ibi
569 2762 715 2823 adfuistis
736 2763 866 2843 quando
886 2763 1031 2844 proxime
1055 2765 1139 2845 apud

62 2841 253 2904 Confluentes
278 2865 335 2904 nos
360 2843 534 2904 adiuvante
555 2844 696 2904 Domino
718 2844 960 2922 coniunximus,
991 2856 1022 2906 et
1043 2846 1140 2927 Cupi·

61 2925 143 2983 tulna
161 2925 254 2985 nohis
277 2935 309 2985 et
327 2927 343 2984 t
364 2909 513 2986 fidelihus
526 2927 642 2987 nostris
656 2927 852 2988 observanda
870 2929 1047 3004 statuimus,
1066 2950 1141 2989 con·

61 3005 248 3067 reuit'nobis
268 3019 305 3069 ut
329 3029 472 3090 congruo
496 3017 638 3091 tempore
660 3017 692 3068 et
719 3018 902 3090 opportune
926 3012 999 3072 ioco
1024 3011 1141 3072 iterum

62 3088 139 3147 simul
157 3095 423 3168 conveniremus,
444 3099 477 3151 et
495 3113 568 3152 cum
583 3085 643 3150 Dei
663 3090 833 3167 adiutorio,
856 3105 887 3154 et
902 3096 1044 3169 fidelium
1067 3117 1141 3154 nos·

62 3177 165 3228 trorum
180 3173 337 3248 consilio,
360 3172 490 3252 quaein
514 3184 596 3234 statu
611 3184 738 3234 sanetae
760 3174 923 3238 Ecclesiae
950 3178 1031 3237 etin
1050 3177 1141 3238 nohis

62 3253 131 3310 etin
149 3253 260 3334 regnis
283 3256 420 3330 nostris,
442 3267 539 3338 atque
564 3257 597 3317 in
619 3253 737 3317 nostris
764 3255 913 3318 fidelibus
942 3261 1142 3320 emendanda

62 3345 154 3410 crant,
175 3337 436 3415 emendaremus,
457 3349 488 3399 et
510 3348 546 3398 ut
561 3339 727 3399 emendata
743 3338 782 3398 de
797 3348 922 3399 caetero
939 3341 1144 3402 observaren-

61 3423 104 3474 tur
119 3425 338 3480 statueremus.
378 3421 421 3480 Et
436 3421 476 3480 ad
491 3421 571 3480 haec
591 3420 713 3503 agenda
735 3419 797 3478 iam
820 3442 879 3500 per
905 3431 967 3482 tres
995 3422 1080 3484 vices
1110 3433 1142 3482 et

63 3504 169 3579 tempus
189 3507 221 3558 et
245 3501 351 3562 iocum
372 3502 588 3574 condiximus;
611 3503 666 3562 sed
690 3511 745 3562 aut
771 3501 849 3560 mibi
878 3512 932 3562 aut
957 3505 1048 3564 fratri
1070 3527 1141 3566 meo

63 3588 108 3637 aut
118 3584 276 3661 communi
297 3585 406 3665 nepoti
428 3594 535 3644 nostro
556 3587 635 3646 tales
653 3607 764 3645 causae
786 3583 972 3646 aeciderunt
989 3607 1047 3668 pro
1068 3590 1141 3669 qui·

62 3660 109 3723 bus
124 3663 180 3724 boc
199 3666 288 3747 quod
308 3667 511 3728 condiximus
526 3668 659 3748 implere
674 3689 738 3726 non
759 3668 929 3748 potuimus.

132 3747 174 3808 lt.
216 3751 342 3809 interea
363 3749 513 3830 pervenit
535 3749 575 3811 ad
598 3772 647 3809 me
671 3749 747 3830 quia
770 3771 859 3810 meus
876 3751 976 3810 frater
1000 3761 1032 3809 et
1061 3772 1144 3812 eom·

64 3828 152 3890 meinis
170 3853 271 3910 nepos
290 3840 398 3891 noster
416 3831 458 3892 ita
477 3833 563 3892 inter
582 3855 614 3893 se
634 3854 697 3892 non
719 3833 901 3894 erantsicut
921 3843 998 3892 tune
1012 3835 1144 3894 fuerunt

66 3913 180 3986 quando
202 3935 260 3974 nos
282 3914 376 3974 simul
406 3915 642 3979 coniunximus.
685 3915 726 3974 Et
753 3915 825 3974 ideo
849 3916 888 3975 ad
915 3914 978 3974 boc
1007 3916 1080 3973 veni
1109 3927 1144 3974 ut

64 3988 205 4056 intereos
226 3995 368 4076 privatus
389 3997 547 4056 mediator
571 3998 765 4072 existerem,
797 4007 829 4056 et
854 3998 913 4078 ipsi
935 3997 980 4059 sie
1002 3998 1087 4058 iuter
1111 4021 1143 4059 se

63 4072 285 4160 sinisicutper
303 4088 427 4138 rectum
445 4100 512 4140 esse
540 4077 670 4145 debent.
717 4079 809 4138 Unde
832 4081 1061 4157 iraterenostrr
1088 4103 1146 4162 per

65 4175 106 4215 me
124 4168 155 4218 et
169 4181 228 4242 per
250 4162 424 4244 Episcopos
440 4171 580 4239 nostros,
601 4183 637 4221 uc
654 4183 712 4242 per
729 4161 903 4244 Episcopos
926 4163 1049 4246 nepotis
1071 4173 1145 4223 nosss

64 4237 116 4315 tri,
136 4252 173 4326 et,
184 4241 304 4326 scripto
330 4244 478 4306 etserho
494 4245 574 4307 tales
594 4267 702 4306 causas
725 4245 834 4328 nepoti
856 4253 963 4306 nostro
985 4247 1147 4308 mandavit
