2658 4978
179 293 227 370 tt
408 318 440 372 n.
461 317 540 374 cnr.
643 303 891 400 ,castrutium
994 319 1056 373 aas,

177 452 266 519 fideti
288 456 498 534 discretione,
520 455 640 518 saciant
661 455 859 518 nutrimenta
881 459 1023 539 congrua
1044 467 1076 520 et
1093 461 1258 530 necessariae

177 540 361 601 'custodient
379 541 494 622 sylvas,
517 539 603 600 unde
622 539 763 601 habeant
779 540 960 620 pastiones;
984 541 1159 603 defendant
1175 551 1204 601 et
1219 564 1261 601 ex-

177 623 286 683 colant
307 632 405 704 prata,
429 621 515 680 unde
538 620 676 682 babeant
694 622 827 703 palrula3
857 623 1009 702 quatinus
1040 645 1104 682 non
1129 624 1167 683 sit
1187 623 1260 684 vobis

177 725 305 766 necesse
326 726 384 786 per
409 724 618 785 quascunque
643 704 826 766 occasiones
856 725 1125 786 quorumcunque
1150 704 1261 764 hortati-

176 787 236 848 bus
258 787 394 847 circuire
418 787 489 844 loca
510 785 752 869 Episcoporum,
775 787 943 864 Abbatum,
965 788 1207 863 Abbatissarum,
1222 789 1262 846 vol

177 869 349 948 Comitum,
371 876 403 928 et
421 867 557 928 maiores
573 891 668 950 quam
693 868 774 928 ratio
794 869 935 948 postulat
954 881 1080 952 paratas
1102 869 1262 949 exquirere,

177 962 210 1012 ct
227 971 384 1032 pauperes
407 950 638 1011 ecclesiasticos
663 959 695 1011 et
719 951 863 1011 fidelium
883 961 1065 1014 vestrorum
1088 950 1262 1010 mansuarios

178 1033 212 1094 in
240 1032 442 1094 carricaturis
463 1042 496 1092 et
513 1033 715 1113 paraveredis
734 1043 845 1093 contra
868 1033 1012 1094 debitum
1031 1032 1192 1114 exigendis
1205 1052 1262 1112 gra·
1309 1061 1310 1064 =

173 1137 272 1192 vare,
302 1125 334 1176 et
360 1123 527 1198 peccatum
553 1115 592 1175 de
616 1115 821 1176 facultatibus
844 1115 987 1177 indebite
1021 1113 1209 1196 consumptis
1236 1115 1261 1171 in

175 1198 314 1258 animam
331 1207 471 1260 vestram
498 1218 683 1277 congerere.
731 1199 877 1278 Nequea
899 1199 1081 1258 Comitibus
1101 1197 1153 1257 vel
1172 1194 1260 1254 tideli-

174 1279 235 1341 bus
259 1280 371 1340 restris
386 1281 459 1362 plus
480 1280 632 1340 studeatis
649 1301 743 1360 quam
758 1280 813 1340 lex
833 1290 865 1340 et
889 1280 1093 1342 consuetudo
1114 1278 1173 1340 fuit
1194 1286 1261 1335 ten-

174 1383 253 1446 pore
279 1363 377 1445 patris
407 1361 525 1437 vestri,
548 1361 587 1422 de
610 1362 673 1422 hoc
695 1361 783 1443 quod
805 1362 844 1421 de
865 1363 985 1423 francis
1012 1361 1191 1444 accipiunt,
1215 1379 1261 1418 er-

175 1444 315 1527 quirere.
364 1444 453 1522 Quin
476 1443 581 1527 potius
611 1442 752 1505 habeatis
775 1443 862 1504 unde
882 1445 1086 1506 sufficienter
1112 1451 1144 1502 et
1166 1441 1262 1500 hones·

173 1536 207 1587 te
234 1549 307 1587 cum
333 1526 505 1587 domestica
530 1535 617 1586 corte
644 1537 747 1588 vestra
760 1525 887 1608 possitis
911 1528 1033 1604 vivere,
1057 1534 1090 1586 et
1107 1521 1261 1606 legationes

174 1609 331 1692 palatium
354 1618 496 1669 vestrum
518 1609 672 1670 adeuntes
694 1609 851 1690 recipere,
874 1617 915 1684 et,
937 1609 1022 1670 sicut
1046 1608 1261 1688 scriptumest,

174 1691 262 1751 unde
280 1691 405 1773 possitis
426 1691 465 1750 de
479 1689 569 1750 iustis
588 1690 749 1750 laboribus
772 1690 994 1751 necessitatem
1012 1688 1202 1774 patientibus
1219 1683 1260 1742 tri·
1311 1703 1312 1710 ¹

173 1774 293 1836 buere:
316 1773 390 1854 quia
410 1773 479 1832 Rex
501 1783 533 1833 et
554 1772 660 1853 largus
685 1774 782 1834 debet
804 1793 883 1849 esse,
911 1784 942 1833 et
965 1795 1031 1832 non
1060 1771 1148 1854 quod
1168 1766 1261 1846 largia-

174 1863 231 1916 tur
252 1855 291 1915 de
319 1854 476 1915 iniustitia
502 1854 553 1914 vel
585 1854 756 1934 iniquitate
787 1854 882 1914 debet
905 1855 1115 1936 conquirere.
1156 1850 1261 1910 ludices

175 1957 254 2000 vcro
273 1936 424 1999 villarum
446 1936 579 1997 colonos
602 1936 794 2019 distringant
816 1945 933 1996 utnon
961 1934 1190 1998 ecclesiasticos
1215 1930 1260 1987 ho·

175 2020 279 2081 mines
301 2019 353 2081 vel
382 2021 509 2080 francos
531 2020 755 2102 pauperiores,
782 2027 838 2078 aut
859 2019 981 2080 alienos
1007 2039 1120 2080 servos
1148 2021 1259 2098 propter

174 2100 384 2186 privilegium
404 2101 530 2182 regium
554 2101 744 2182 opprimant,
776 2111 830 2160 aut
860 2103 965 2184 sylvas
993 2101 1047 2162 vel
1064 2113 1257 2181 quaecunque

176 2184 315 2245 aliorum
335 2193 410 2244 sunt
441 2183 476 2243 in
509 2205 564 2244 sua
591 2183 756 2244 vicinitate
782 2183 957 2244 devastent.
1007 2184 1096 2260 Quia
1119 2182 1185 2239 Rex
1210 2176 1259 2233 ius·

175 2276 239 2336 tus,
260 2264 318 2346 qui
342 2264 492 2325 iustitiam
516 2266 611 2326 dehet
631 2266 783 2346 diligere,
812 2265 973 2324 ministros
1000 2275 1033 2324 et
1057 2265 1184 2325 colonos
1209 2257 1257 2315 im-

173 2349 245 2433 pios
267 2357 300 2408 et
326 2348 455 2429 iniquos
481 2369 546 2406 non
566 2346 661 2407 dehet
680 2349 813 2416 habere3
842 2347 899 2408 sed
920 2347 1069 2407 omnibus
1092 2346 1125 2404 in
1147 2365 1177 2404 se
1194 2336 1257 2399 etin

175 2432 241 2493 suis
265 2431 361 2490 debet
389 2429 600 2490 imitationem
623 2430 762 2490 debitam
787 2429 1025 2500 demonstrare;
1062 2427 1138 2508 quia
1163 2424 1186 2483 si
1205 2421 1258 2500 ipse

175 2517 281 2576 Deum
301 2513 463 2589 dilexerit,
482 2533 590 2571 omnes
608 2512 684 2570 boni
702 2513 840 2590 diligent
858 2513 971 2581 illum;
995 2519 1027 2570 et
1051 2512 1151 2589 siipse
1172 2508 1259 2564 Deum

175 2595 331 2673 timuerit,
355 2617 463 2656 omnes
480 2595 554 2653 mali
570 2595 730 2654 timebunt
751 2595 854 2653 illum.
895 2594 1026 2654 EtRex
1046 2601 1142 2674 atque
1158 2585 1202 2649 sui
1215 2581 1260 2640 mi·
1314 2661 1315 2680 γ

175 2679 270 2740 nistri
290 2700 349 2759 per
368 2699 508 2739 amorem
534 2676 594 2736 Dei
621 2677 743 2736 bonum
765 2676 904 2752 faciant,
939 2684 971 2735 et
992 2696 1105 2736 omues
1126 2673 1203 2730 hona
1221 2666 1259 2758 f·-

176 2783 250 2823 cere
273 2761 419 2837 doceant,
443 2769 544 2840 etper
563 2759 709 2820 timorem
722 2759 783 2818 Dei
801 2758 882 2816 mala
900 2757 1036 2838 fugiant,
1056 2766 1087 2817 et
1107 2771 1208 2814 omnes
1232 2765 1258 2804 ιη

176 2844 243 2905 illis
269 2844 351 2903 mala
377 2845 490 2924 fugere
519 2841 651 2902 discant.
693 2840 804 2901 Missos
831 2839 926 2900 etiam
949 2839 1027 2900 tales
1056 2859 1116 2920 per
1143 2847 1259 2924 regnan}

176 2926 362 2988 constituite
386 2926 443 3005 qui
468 2924 571 2986 sciant
603 2923 744 3003 qualitor
766 2923 906 2983 Comites
936 2933 966 2982 et
996 2919 1115 2981 caeteri
1141 2916 1259 2975 minam

176 3007 376 3088 reipublicae
394 3007 545 3067 iustitiam
566 3013 599 3064 et
622 3004 779 3065 iudicium
801 3005 920 3086 populo
940 3004 1079 3072 laciant;
1113 2999 1167 3082 qui
1191 2995 1260 3055 sicat

177 3090 358 3149 Comitibus
375 3097 630 3173 praeponuntur,
650 3085 694 3147 ita
719 3087 853 3149 scientia
874 3107 910 3147 ae
937 3086 1072 3148 veritate
1102 3083 1145 3146 eis
1168 3095 1260 3162 praee·

180 3170 335 3231 mineant.

179 3301 238 3380 (Ut
273 3300 421 3378 Synodns
449 3299 677 3386 Episcoparum
710 3301 798 3380 regni
830 3311 1029 3382 expectetur,
1064 3300 1099 3358 in
1122 3316 1180 3379 qua
1197 3283 1262 3384 quid

171 3384 264 3468 facto
286 3386 364 3465 ipsis
387 3405 464 3468 opus
492 3385 533 3442 sit
569 3383 751 3443 deliberent.
795 3383 920 3464 Quanta
945 3381 1124 3441 reverentia
1146 3371 1261 3452 Regibus

179 3466 343 3539 debeatur,
366 3478 396 3526 et
410 3464 498 3549 quod
510 3465 661 3548 Episcopi
675 3463 719 3524 ad
732 3462 936 3524 Sacramenta
949 3461 1099 3542 adigendt'
1120 3480 1179 3524 non
1191 3453 1260 3525 sint.)

262 3579 337 3644 XV.
380 3581 484 3657 Haec,
507 3579 584 3660 quia
604 3577 720 3638 litteris
742 3577 854 3640 vestris
871 3576 1071 3658 significastis
1083 3621 1093 3654 ,
1115 3570 1197 3657 quod
1212 3586 1261 3625 ¹1⁰·

179 3663 303 3728 biscum
320 3664 359 3725 de
376 3661 608 3724 restauratione
622 3672 749 3720 sanctae
767 3660 947 3734 Ecclesiae,
971 3668 1003 3719 et
1022 3669 1106 3719 statu
1123 3679 1157 3717 ac
1176 3651 1259 3714 salute

179 3749 293 3831 populi
332 3746 528 3822 Christiani,
569 3752 705 3810 tractare
736 3742 885 3818 velletis,
923 3740 1131 3802 dominationi
1156 3743 1260 3824 restrae

179 3832 298 3913 scripto
319 3828 515 3911 respondere
531 3824 731 3886 curavimus:
755 3825 830 3907 qnia
844 3833 876 3884 et
888 3846 945 3906 pro
963 3822 1167 3884 inclementia
1183 3831 1260 3909 aens,

181 3921 214 3973 et
231 3935 287 3994 pro
307 3910 570 3974 inconvenientia
590 3908 753 3989 temporis,
765 3916 796 3968 et
806 3917 937 3989 propter
957 3905 1174 3966 imminentem
1189 3899 1262 3985 dierfl

179 3995 312 4056 Domini
331 3993 430 4055 nostri
457 3992 587 4067 natalis,
610 3990 723 4051 venire
738 3989 778 4049 ad
795 3990 1006 4071 praesentiam
1019 3998 1153 4049 vestram
1170 3995 1263 4059 nequt·

181 4078 297 4138 vimus.
340 4074 528 4159 Operamini
547 4095 604 4134 vos
627 4072 757 4132 interim
777 4071 836 4132 ista
851 4094 933 4153 quae
953 4094 1026 4132 cum
1045 4069 1188 4130 fidelibus
1209 4078 1262 4121 ves·

182 4160 239 4220 tris
254 4160 322 4220 sine
340 4169 445 4220 nostra
465 4154 622 4239 corporali
636 4154 816 4236 praesentia
835 4153 960 4236 operari
981 4153 1103 4218 valetis.
1150 4151 1190 4212 Et
1203 4158 1263 4234 mim

183 4252 307 4326 tempus
329 4263 508 4325 congruum
527 4247 558 4301 et
576 4239 672 4302 sacris
687 4237 872 4300 Canonibus
892 4235 1094 4321 designatum
1105 4230 1262 4300 advenerit,
