2712 4992
211 276 286 348 360
669 293 845 348 serenum

211 431 320 510 blico,
342 430 376 491 iu
394 430 523 492 basilica
552 438 660 492 saneto
685 429 765 507 illo,
799 439 871 492 aute
903 431 975 494 illos
1001 442 1034 494 et
1057 431 1127 492 illos
1157 443 1187 496 et
1211 438 1268 500 alios

212 513 418 596 quamplures
439 513 532 574 bonis
548 512 731 572 homiuibus
750 512 806 592 qui
826 514 936 574 subter
955 515 1176 593 firmaverunt,
1194 523 1270 600 posin

213 617 310 664 mauu
327 617 382 656 sua
400 615 498 676 super
518 601 718 654 sacrosancto
736 597 833 654 altare
848 606 956 656 sancto
970 598 1049 672 illo,
1071 596 1115 654 sic
1128 596 1219 660 iurata
1239 605 1270 660 di·

213 677 278 740 xit:
298 677 358 738 Hic
372 677 444 736 iuro
459 697 516 757 per
526 675 613 736 bunc
632 677 702 736 loco
720 685 829 736 sancto
848 685 880 738 et
897 680 965 738 Deo
984 677 1136 739 altissimo
1152 689 1183 740 et
1196 681 1271 742 virtu·

215 762 254 822 tis
276 769 384 819 sancto
406 759 484 835 illo,
506 759 593 818 uude
613 779 662 817 me
695 757 750 818 ille
773 768 846 820 ante
874 759 942 818 viro
966 759 1135 841 magnifico
1161 762 1212 822 illo
1236 768 1270 823 rel

213 842 284 902 aliis
299 839 393 901 bonis
410 839 590 900 hominibus
621 839 781 916 mallavit,
803 841 890 921 quod
917 863 974 924 ego
1002 841 1117 902 herbas
1145 844 1270 905 maleficas

212 925 455 1004 temporassem,
475 922 529 984 vel
556 921 666 982 bibere
684 921 714 980 ei
732 921 904 1000 dedissem,
925 945 984 1005 per
1017 923 1099 1006 quid
1122 924 1184 1004 ipse
1206 928 1269 986 iufir-

212 1014 326 1065 masset
348 1013 402 1064 aut
419 1005 516 1064 vitam
538 1025 625 1064 suam
641 1003 774 1084 perdere
797 1004 978 1082 debuisset,
1001 1005 1184 1086 agoberbas
1205 1010 1271 1066 male·

211 1087 285 1151 fleus
310 1107 370 1147 nec
392 1086 537 1168 potiones
564 1087 660 1146 malas
689 1107 853 1166 nunquam
883 1086 1079 1168 temporavi,
1113 1108 1171 1148 uec
1190 1089 1270 1150 bibere

211 1171 304 1245 dedi,
325 1189 383 1250 per
405 1167 485 1248 quid
511 1169 576 1246 ipse
594 1167 736 1228 infirmus
759 1167 810 1228 vel
828 1169 1109 1245 insanusfuisset,
1132 1179 1182 1228 aut
1203 1172 1271 1230 vitan

210 1272 300 1314 suum
318 1249 453 1332 perdere
482 1250 660 1325 debuisset,
683 1259 714 1309 et
735 1249 824 1310 aliud
850 1251 890 1312 de
916 1251 973 1310 ista
1006 1273 1104 1310 causa
1124 1250 1155 1308 in
1177 1253 1271 1311 nullum

210 1355 276 1394 nou
292 1332 431 1393 redebeo
449 1331 509 1391 uisi
529 1331 590 1392 isto
608 1332 705 1391 unico
721 1343 753 1392 et
774 1331 890 1392 idoneo
914 1343 1116 1394 sacramento
1137 1355 1191 1414 per
1210 1335 1269 1393 bum

213 1417 411 1478 locosancto
433 1422 465 1473 et
484 1415 554 1474 Deo
579 1413 731 1473 altissimo
756 1422 787 1473 et
818 1414 946 1474 virtutis
966 1425 1079 1476 sancto
1108 1415 1173 1474 illo.
1208 1417 1271 1476 luse-

211 1505 350 1580 quenter
364 1516 440 1555 vero
456 1504 527 1576 post
544 1496 643 1577 ipsam
664 1503 769 1554 tantae
787 1494 983 1574 iuraverunt,
1006 1508 1042 1559 ct
1056 1497 1098 1558 de
1115 1495 1225 1580 linguas
1237 1520 1269 1558 eo·

211 1601 283 1642 rum
299 1577 425 1662 legibus
446 1577 606 1640 dixerunt.
650 1578 685 1643 ld
703 1585 819 1638 suut*
885 1643 890 1652 ⁴

712 1707 826 1769 cessio.

293 1819 435 1886 XXXV.
475 1820 667 1884 Dulcissimo
683 1830 777 1901 atque
797 1820 831 1881 in
850 1823 995 1884 omuibus
1010 1821 1215 1884 amantissimo
1226 1817 1271 1876 flio

214 1929 286 1969 meo
302 1907 361 1967 illo
378 1903 445 1964 ille.
485 1904 669 1965 Ammonuit
690 1903 768 1962 mihi
788 1925 877 1965 arnor
895 1915 926 1966 et
941 1905 1112 1966 dulcitudo
1131 1914 1191 1979 tua,
1208 1911 1232 1962 et
1245 1922 1270 1958 er

214 1991 277 2050 alia
298 1995 387 2071 parte
404 1996 440 2044 tu
456 1987 571 2046 cotidie
590 1985 669 2044 mihi
692 2007 756 2045 non
773 2008 874 2048 cessas
897 1989 1082 2062 deservire,
1113 1997 1145 2048 ct
1166 1986 1195 2043 in
1211 1984 1272 2041 beno

213 2070 377 2152 impendas
401 2065 554 2132 effectum.
594 2069 766 2148 Propterea
796 2069 874 2128 mibi
910 2069 1093 2151 praepatuit
1125 2064 1270 2151 plenissima

212 2153 361 2214 voluutas
379 2159 414 2208 ut
430 2149 554 2230 aliquid
569 2149 607 2209 de
623 2149 795 2214 heredibus
813 2153 948 2233 propriis
967 2153 1046 2213 meis
1071 2162 1157 2213 extra
1176 2167 1271 2208 consor·

214 2235 295 2295 tium
315 2252 482 2314 germanus
500 2240 572 2292 tuus
589 2232 646 2291 tibi
670 2233 847 2292 concedere
876 2235 1033 2294 deberem.
1079 2231 1171 2310 Quod
1195 2229 1269 2286 itaet

214 2317 288 2379 feci.
329 2315 501 2395 Propterea
520 2314 600 2374 cedo
622 2314 679 2372 tibi
698 2323 769 2395 post
789 2337 895 2375 meum
917 2337 1046 2398 quoque
1076 2317 1229 2375 discessum
1243 2308 1269 2365 ‹le

214 2399 276 2459 hae
299 2396 394 2470 luce,
417 2395 501 2454 ridie
523 2406 706 2477 praesente,
735 2417 922 2476 cessumque
952 2399 984 2456 in
1013 2406 1199 2480 perpetuum
1223 2408 1268 2449 esse

216 2481 309 2556 volo,
332 2476 416 2538 etde
442 2476 511 2540 iure
528 2498 599 2536 meo
617 2478 649 2536 iu
665 2479 734 2538 iure
761 2489 793 2538 et
814 2479 1027 2538 dominatione
1048 2489 1102 2538 tua
1124 2471 1267 2546 ‚transcribo

217 2571 314 2643 atque
337 2559 546 2636 transfundo,
566 2557 627 2619 hoc
643 2569 712 2636 est,
732 2582 825 2621 servo
844 2561 922 2621 iuris
935 2560 997 2621 mei
1014 2561 1145 2620 nomine
1161 2557 1218 2630 illo,
1233 2551 1268 2642 vel

217 2645 313 2706 aliam
327 2663 415 2717 rem,
437 2640 552 2716 terris,
575 2642 627 2701 vel
645 2663 836 2722 quacunque
860 2643 1003 2719 domum,
1024 2643 1069 2702 ita
1094 2652 1130 2704 ut
1147 2639 1180 2698 ab
1201 2633 1267 2723 ¹¹⁰‘l'

218 2747 333 2788 eruum
356 2724 441 2784 diem
459 2720 591 2798 habeas,
613 2732 739 2800 teneas,
762 2736 856 2806 atque
876 2718 1058 2805 possideas,
1080 2724 1130 2786 vel
1149 2711 1269 2804 quicquid

219 2811 238 2872 d
261 2809 313 2871 die
334 2813 500 2888 praesente
524 2805 629 2865 facere
654 2804 812 2882 volueris,
836 2806 966 2866 liberam
985 2816 1017 2866 ct
1042 2804 1228 2866 firmissimam
1246 2813 1267 2850 n

220 2890 369 2954 omuibus
382 2887 499 2946 babeas
520 2896 704 2968 potestatem
715 2887 866 2953 faciendi,
908 2890 940 2948 si
963 2911 1020 2970 ego
1039 2889 1124 2970 ipse,
1145 2892 1192 2943 aut
1209 2878 1267 2963 ullus

220 2973 260 3035 de
273 2969 445 3033 heredibus
465 2969 561 3045 meis,
583 2970 636 3030 vel
651 2969 804 3048 quislibet
823 2970 888 3029 ulla
911 2971 1054 3051 opposita
1074 2985 1213 3052 persona,
1230 2975 1267 3050 qn}

220 3064 330 3120 contra
349 3051 433 3112 hauc
455 3051 630 3112 cessionem
657 3051 715 3110 ista
749 3052 860 3114 venire
888 3053 1072 3129 conaverit,
1105 3050 1208 3108 inferat
1227 3039 1266 3098 tuln

219 3159 284 3197 una
309 3157 383 3195 cum
415 3132 502 3193 socio
526 3133 601 3194 fisco
624 3133 693 3192 auri
720 3134 830 3194 uncins
850 3143 952 3194 tantus
971 3155 1038 3194 esse
1062 3127 1226 3198 multando,
1246 3125 1267 3175 tl

218 3238 368 3302 praesens
384 3213 483 3276 cessio
498 3217 740 3298 omnitempore
759 3216 847 3275 firma
870 3223 1071 3298 permaneat,
1102 3205 1264 3297 stipulatione

219 3299 362 3363 subnixa.
403 3298 518 3358 Actum
533 3297 600 3363 illo.

648 3429 870 3498 Evacuatoria.

300 3541 448 3607 XXXVI.
490 3543 594 3603 Fratri
612 3543 668 3605 illo
698 3543 764 3604 ille.
807 3545 963 3605 Omnibus
995 3566 1059 3606 uon
1092 3544 1210 3606 habetur
1230 3532 1264 3589 in·

220 3628 383 3710 cognitum
392 3626 467 3706 quia
480 3646 539 3708 ego
557 3626 597 3686 ad
610 3626 795 3706 petitionem
808 3635 894 3687 tuam
908 3628 1025 3688 solidos
1038 3638 1135 3688 tantos
1149 3623 1181 3684 ad
1190 3633 1264 3701 praes·

218 3713 313 3773 titum
328 3707 519 3770 beneficium
533 3707 566 3766 in
584 3729 679 3767 manu
698 3717 753 3766 tua
769 3709 826 3767 tibi
857 3711 1020 3788 praestiti,
1042 3719 1074 3769 et
1091 3721 1125 3770 tu
1151 3722 1200 3788 pro
1221 3697 1264 3754 11⁰⁰

219 3797 316 3854 talem
334 3791 502 3872 epistulam
522 3789 677 3849 cautionis
694 3790 726 3848 iu
750 3811 799 3850 me
826 3792 994 3851 adfirmasti
1014 3803 1050 3852 ut
1079 3809 1169 3871 usque
1191 3792 1262 3838 annos

220 3885 324 3938 tantos
340 3874 373 3932 in
390 3892 580 3954 unaquaque
595 3871 790 3931 hebdomada
814 3874 880 3934 dies
902 3882 1003 3934 tantos
1020 3896 1113 3955 opera
1131 3889 1190 3930 mea
1201 3861 1262 3918 face-

220 3979 255 4020 re
277 3957 428 4031 deberes,
451 3955 539 4035 quod
553 3955 595 4012 ita
609 3963 641 4014 et
661 3954 784 4028 fecisti,
807 3956 855 4028 (ad
875 3954 992 4034 placito
1009 3956 1075 4036 ipso
1104 3951 1196 4014 debito
1213 3955 1261 3999 ³1⁸⁰

221 4040 300 4102 mihi
317 4037 452 4098 reddere
474 4036 623 4112 deberes,
645 4037 732 4116 quod
753 4036 844 4095 itaet
865 4037 978 4112 fecisti)
998 4047 1030 4096 et
1041 4059 1098 4117 ego
1115 4036 1197 4116 ipsam
1213 4037 1261 4082 0³11·

221 4123 341 4184 tionem
355 4117 486 4178 minime
504 4119 651 4180 iuvenire
676 4139 810 4198 possum.
837 4121 1007 4199 Propterea
1033 4120 1124 4179 talem
1136 4103 1261 4194 epistolam

222 4201 457 4269 evacuaturiam
470 4200 503 4260 in
525 4209 555 4261 te
582 4199 650 4262 lieri
666 4208 697 4259 et
717 4199 880 4261 adfirmare
901 4200 1029 4283 rogari,
1052 4211 1085 4261 ut
1102 4199 1125 4260 si
1142 4195 1196 4277 ipsa
1206 4201 1259 4246 0³¹1·
