2712 4992
198 270 271 348 826
532 291 714 346 marcuart
746 292 994 348 maurianum

197 459 235 499 ro
249 434 320 496 illas
340 439 373 492 et
395 429 487 506 illas,
509 429 583 490 sitas
601 430 633 490 in
660 452 742 514 pago
762 431 842 508 illo,
864 432 950 494 filius
967 441 1071 493 noster
1085 430 1137 494 ille
1148 434 1263 514 recipiat,

196 516 355 582 Similiter
369 515 462 574 villas
481 511 551 572 illas
567 512 642 574 sitas
662 514 693 572 in
712 536 792 596 pago
812 515 869 576 illo
886 517 972 578 silius
988 535 1074 576 meus
1091 514 1141 576 vel
1154 513 1212 576 lilia
1225 517 1265 578 illa

196 599 341 682 recipiat.
383 597 487 658 Villas
509 595 599 672 illas,
621 595 754 658 basilica
778 597 834 658 illa
863 599 918 660 vel
940 596 1128 658 monasteria
1151 596 1215 658 sitas
1234 598 1265 658 ibi

196 683 342 764 recipiat.
386 680 423 740 ld
439 689 475 738 ut
493 677 564 752 frat,
587 679 703 755 detur,
726 689 930 762 praestetur,
957 680 1144 761 impleatur,
1168 691 1197 740 te
1221 703 1266 741 om·

159 759 162 766 ’
197 765 350 848 nipotens
367 765 455 824 Deus
469 761 510 822 ad
531 761 767 823 defensandum
783 764 964 834 committo,
987 764 1064 823 licet
1083 763 1121 822 de
1139 762 1266 839 omnibus,

197 851 276 912 dum
298 845 494 920 advivimus,
517 853 661 906 nostrum
682 845 913 908 reservavimus
936 868 1039 906 usum.
1080 844 1142 906 Sed
1164 844 1228 904 dum
1243 847 1266 904 in

196 933 290 992 villas
318 929 462 1009 aliquas,
490 949 569 1006 quas
593 928 741 1007 superius
767 929 1035 1007 memoravimus,
1067 949 1142 1008 quas
1162 926 1195 988 ad
1218 929 1267 988 loca

196 1017 388 1078 Sanctorum
402 1009 576 1072 heredibus
593 1010 708 1070 uostris
721 1009 957 1094 deputavimus,
970 1010 1059 1092 quod
1072 1009 1183 1092 pariter
1193 1021 1266 1072 stante

196 1095 350 1175 coniugio
371 1091 613 1175 adquisivimus,
633 1093 795 1173 praedicta
813 1096 933 1156 coniux
956 1104 1066 1155 nostra
1084 1092 1200 1154 tertiam
1213 1094 1266 1154 iude

196 1179 318 1240 babere
332 1185 490 1258 potuerat,
507 1184 638 1256 propter
657 1175 756 1258 ipsam
776 1177 904 1238 tertiam
919 1177 1013 1238 villas
1031 1187 1233 1256 nuncupantes
1243 1177 1266 1236 il·

196 1262 256 1338 las,
269 1261 345 1322 sitas
358 1260 391 1323 in
406 1280 501 1339 pagos
518 1257 601 1334 illos,
611 1256 645 1316 iu
656 1255 851 1340 integritate,
863 1261 890 1320 si
902 1259 995 1328 uobis
1006 1257 1175 1340 subprestis
1186 1257 1266 1333 luerit,

197 1345 233 1408 io
248 1341 508 1422 compensatione
521 1340 664 1422 recipiat.
694 1342 737 1402 Et
750 1341 907 1423 quicquid
928 1342 1050 1404 exinde
1067 1362 1125 1422 pro
1136 1361 1265 1400 commune

197 1425 359 1500 mercede,
371 1424 421 1486 vel
438 1424 469 1482 in
491 1422 695 1506 pauperibus,
709 1433 764 1486 aut
775 1425 985 1492 benemeritis
1000 1423 1117 1486 nostris
1130 1423 1222 1484 facere
1232 1422 1266 1481 de·

196 1507 521 1581 creverit‚lieentiam
532 1505 656 1570 babeat
676 1507 719 1568 Et
733 1517 804 1588 post
828 1509 897 1570 eius
912 1509 1107 1584 discessum,
1134 1503 1159 1566 si
1176 1503 1267 1586 aliquid

193 1593 456 1658 intestamentum
470 1589 669 1666 remanserit,
691 1588 827 1652 heredes
849 1591 951 1655 nostri
967 1589 1136 1668 recipiant.
1156 1589 1266 1660 Liberos,

193 1675 324 1751 liberas,
336 1693 416 1754 quos
432 1693 575 1752 quasque
588 1692 646 1753 pro
657 1671 779 1734 animae
788 1673 969 1734 remedium
983 1673 1132 1750 fecimus,
1142 1681 1191 1732 aut
1200 1670 1269 1728 inan·

194 1767 248 1820 teu
271 1758 378 1818 facere
398 1755 618 1831 voluerimus,
641 1755 731 1815 ateis
753 1755 905 1838 epistolas
926 1779 1024 1818 manu
1042 1765 1147 1818 nostra
1165 1753 1268 1812 firmatas

195 1840 390 1912 dederimus,
405 1837 595 1918 obsequium
614 1835 754 1908 filiorum
768 1848 950 1900 nostrornm
959 1839 1081 1900 babere
1097 1841 1267 1920 cognoscant,

195 1923 347 1988 etoblata
366 1921 417 1980 vel
432 1921 613 1993 luminaria,
638 1919 725 1980 iuxta
743 1922 833 2002 quod
851 1922 933 2004 ipsas
953 1921 1108 2002 epistolas
1123 1919 1267 1988 continent,

196 2007 237 2068 ud
269 2002 440 2086 sepulchra
467 2012 573 2062 nostra
598 2012 663 2062 tam
688 2003 748 2084 ipsi
779 2027 874 2085 quam
904 2006 1012 2086 proles
1039 2001 1268 2082 eorumimplere

196 2087 356 2152 studeant.
397 2087 439 2148 Et
461 2085 579 2164 quibus
595 2085 720 2167 aliquid
736 2086 775 2150 de
790 2089 940 2150 facultate
960 2098 1070 2148 nostra
1088 2085 1268 2153 contulimus,

195 2169 404 2252 singulariter
419 2167 451 2227 in
476 2167 538 2230 hoe
552 2177 776 2236 testamentum
793 2181 939 2232 nostrum
956 2170 1102 2240 inserere
1118 2167 1268 2231 curavimus.

195 2253 236 2326 ln
255 2253 383 2334 reliquo
400 2272 487 2326 vero,
511 2252 751 2334 qualescunque
768 2254 786 2312 ai
801 2275 997 2335 quocunque
1021 2253 1168 2335 epistolas
1182 2249 1212 2310 de
1225 2267 1267 2305 11⁰·

196 2336 284 2396 mine
308 2343 416 2400 nostru
433 2357 544 2396 manus
565 2346 686 2396 nostras
705 2336 840 2396 firmatas
863 2349 1004 2398 ostensas
1023 2336 1155 2410 fuerint,
1174 2341 1200 2392 et
1216 2337 1266 2387 aule

196 2417 261 2486 boc
276 2426 498 2478 testamentum
518 2429 704 2497 praenotes,
726 2440 805 2498 quas
819 2418 873 2478 hio
894 2442 957 2478 non
974 2413 1266 2482 commemoravimus,

197 2510 336 2581 excepto
355 2501 394 2560 de
412 2499 675 2580 ingenuitatibus,
687 2522 765 2580 quas
781 2502 972 2581 proanimae
988 2511 1116 2562 nostrae
1129 2495 1267 2558 remedium

197 2585 333 2646 fecimus
351 2591 406 2642 aiat
420 2583 524 2642 adbuc
540 2586 645 2643 facere
660 2585 870 2660 voluerimus,
894 2607 1008 2646 vacuas
1026 2588 1225 2664 permaneant
1240 2575 1267 2632 El

198 2669 257 2750 qui
282 2688 320 2726 ox
341 2663 431 2726 nobis
449 2666 516 2747 pari
532 2688 589 2730 suo
604 2667 783 2747 suprestitis
810 2667 928 2743 fucrit,
952 2679 983 2728 et
999 2688 1060 2747 per
1078 2667 1266 2747 ilaralecnnque

197 2751 449 2810 instrumentum
470 2749 508 2810 de
524 2749 735 2829 suprascripta
753 2751 904 2811 facultate
923 2750 955 2808 in
980 2749 1156 2810 cuiuslibet
1168 2759 1267 2832 persotjl

197 2834 252 2896 vel
280 2833 497 2892 benemeritos
522 2842 645 2892 nostros
680 2853 813 2892 minnere
845 2833 968 2912 aliquid
997 2828 1266 2898 contulerimus,1n

198 2924 356 2995 quamtum
380 2914 432 2982 lor
461 2914 635 2994 permittit,
664 2914 752 2974 firma
774 2915 946 2980 stabilitate
978 2913 1096 2975 debeat
1119 2909 1267 2994 perdurare.

198 2997 353 3077 Reliquas
382 2997 620 3076 veroepistolas
636 3019 756 3062 ¹ravenas
779 3006 811 3056 et
836 2996 963 3058 inannis
985 3001 1188 3076 permaneant
1223 2986 1267 3082 ¹El

199 3079 246 3142 sic
273 3078 363 3146 nobis
385 3079 505 3157 puriter
528 3079 701 3150 convenit3
732 3080 759 3140 si
779 3089 815 3138 tu
841 3079 938 3156 milri,
968 3079 1152 3146 dulcissima
1171 3088 1267 3138 comum

199 3161 352 3242 suprestis
371 3160 482 3235 fueris,
505 3164 592 3222 etad
617 3161 680 3222 alio
700 3163 825 3241 marito,
855 3164 943 3243 quod
967 3161 1026 3228 tibi
1048 3164 1135 3221 Deus
1149 3177 1203 3216 nou
1222 3169 1268 3232 per-

199 3246 314 3314 mittat,
337 3243 471 3304 transire
494 3243 647 3316 volueris,
670 3267 796 3306 omnem
821 3246 1006 3307 facultatem
1026 3267 1139 3320 meam,
1159 3229 1267 3320 quodid

199 3349 260 3392 usu
285 3328 393 3386 fructu
416 3326 576 3405 possidere
599 3327 656 3386 tibi
678 3330 901 3404 concessimus,
923 3329 975 3389 vel
995 3327 1121 3412 quoda
1143 3323 1187 3391 die
1204 3333 1266 3408 prae·

199 3420 290 3472 sente
315 3409 550 3490 deputavimus,
575 3420 606 3471 et
627 3409 744 3472 babere
771 3405 942 3493 potueras,
974 3412 1037 3472 boc
1064 3399 1267 3494 praesentalller

198 3492 335 3554 heredes
374 3492 472 3554 nostri
507 3493 666 3574 recipiant
697 3494 783 3555 inter
813 3515 846 3555 se
878 3495 1102 3560 dividendum,
1154 3486 1267 3558 itemqu

200 3597 261 3647 ego
285 3573 340 3632 illa
367 3573 485 3634 ancilla
510 3583 582 3650 tna,
606 3577 733 3638 Domno
758 3586 789 3637 et
817 3577 931 3658 iugalis
957 3600 1047 3640 meus
1073 3577 1144 3654 ille,
1173 3568 1201 3628 iu
1224 3561 1266 3620 hoe

195 3666 419 3732 testamentum
450 3659 659 3737 pu·omtissima
690 3659 854 3722 voluntate
888 3661 1028 3722 scribere
1059 3669 1161 3740 atque,
1183 3661 1268 3732 perpe·

197 3751 250 3812 tun
275 3739 514 3800 conservatione
537 3742 669 3825 rogavi,
692 3753 725 3803 ut
746 3743 773 3804 si
798 3751 852 3819 tu,
873 3743 999 3805 Domus
1020 3753 1053 3804 et
1077 3734 1182 3824 iugalis
1198 3743 1268 3792 meus,

201 3821 282 3890 mibi
311 3822 462 3904 suprestis
478 3825 598 3902 fueris,
631 3827 718 3890 omni
744 3846 877 3907 corpore
903 3826 1056 3887 facultate
1081 3846 1164 3899 mea,
1197 3828 1267 3899 quil·

200 3917 401 3986 loinicuuque
418 3913 472 3966 'es
493 3907 695 3976 successione
724 3918 893 3988 parentum
917 3907 1038 3977 habere
1060 3908 1175 3977 videor,
1194 3895 1234 3960 vel
1245 3907 1266 3945 ¹¹¹

203 4001 263 4050 tuo
292 3987 422 4056 servitio
452 3991 571 4068 pariter
605 3989 842 4064 laboravimus,
870 3999 906 4056 ,et
934 3992 1022 4073 quod
1051 3991 1084 4058 iu
1110 3984 1195 4050 tertia
1219 3993 1266 4035 msa

204 4071 326 4153 arccepi,
348 4071 381 4130 iu
410 4070 590 4153 integrum,
620 4073 776 4154 quicquid
801 4073 919 4138 exinde
946 4077 1052 4136 lacere
1073 4066 1213 4150 elegeris,
1230 4062 1266 4116 flul

203 4176 261 4236 pro
284 4154 408 4217 atrimae
435 4157 613 4216 seronatum
643 4154 673 4213 iu
705 4178 858 4236 pauperes
881 4157 1075 4238 dispensare,
1103 4160 1155 4212 aut
1174 4147 1266 4205 advos·

204 4261 253 4305 sus·
278 4245 401 4304 nost—ros
427 4240 477 4307 vcl
499 4239 706 4308 boructuaritis
729 4239 864 4316 uostris,
895 4240 1012 4327 ubsque
1033 4233 1208 4328 ,operatione
1226 4223 1264 4290 bo
