2658 4978
182 323 254 394 too
396 337 431 396 a
450 336 528 396 cau
630 337 876 400 *carucatas
971 290 1043 414 ssa*

179 482 286 565 Neque
315 475 448 542 insidias
469 479 514 538 eis
544 476 637 538 tallias
665 469 890 558 inquietudinis
920 479 1060 562 paralio,
1095 501 1186 564 nepas
1205 505 1254 567 per

180 585 228 623 me
245 581 342 646 neque
364 581 423 644 per
440 560 575 640 aliquem
594 579 733 619 meorum
753 561 1012 642 propinquorum,
1026 583 1080 626 nec
1093 585 1150 645 pes
1162 585 1253 646 quens-

179 663 299 727 cunque
327 642 508 706 lrominem?
539 640 598 702 sed
617 640 723 725 potius
747 639 875 700 adiutor
895 662 955 723 pro
977 643 1099 706 uiribus
1123 657 1151 704 et
1174 647 1252 704 intel-

179 727 307 804 ligentia
334 725 400 806 ipse
426 724 549 802 suisque
572 742 651 799 ero,
680 735 776 804 proter
794 724 855 782 sibi
871 725 1037 807 placuerit.
1079 724 1120 786 Et
1139 727 1189 807 qui
1205 729 1254 788 sili

176 827 237 892 pro
261 807 319 866 lroc
339 807 408 888 ipso
434 805 555 864 inimici
578 817 667 880 sunt,
697 823 774 885 qssos
796 805 862 885 ipse
888 805 1047 882 noluerit,
1072 809 1100 864 si
1117 820 1251 890 potuero,

180 886 282 947 eidem
305 885 473 948 conciliare
490 887 677 968 procurabo.
718 886 771 945 Sic
795 905 844 944 sne
863 887 949 944 Deras
969 885 1113 965 adiuvet,
1139 901 1167 946 et
1189 891 1253 948 istae

179 982 303 1029 sanctae
327 967 514 1027 Sanctorum
532 967 701 1048 Reliquiae.
743 967 861 1027 Statuit
879 967 974 1027 etiam
999 971 1253 1050 sanctasynodus

180 1059 222 1110 nt‘
237 1069 403 1131 uunquam
423 1048 462 1108 ad
482 1049 617 1109 eandem
640 1047 875 1128 lingonensem
889 1049 1073 1117 Ecclesiam.
1087 1050 1152 1111 sive
1170 1051 1206 1112 ad
1219 1054 1256 1110 la·

179 1151 373 1192 nuaceusem
393 1135 442 1207 o),
469 1149 566 1210 quam
584 1131 644 1189 iam
663 1130 787 1211 pridem
807 1131 875 1211 pari
897 1131 991 1191 modo
1010 1130 1187 1209 adflixerat,
1207 1133 1253 1192 de·

177 1213 251 1274 beat
274 1212 445 1294 adspirare.
485 1211 530 1272 Et
549 1212 574 1272 si
599 1212 642 1272 ita
661 1221 697 1271 ut
721 1211 940 1292 praemisimus
963 1211 1059 1273 iussis
1084 1213 1253 1294 episcopali-

178 1295 238 1358 bus
260 1294 391 1356 obedire
420 1293 592 1375 refugerit,
613 1293 803 1358 sententiam
832 1294 978 1380 superius
1003 1294 1146 1356 Diacono
1167 1295 1254 1358 datam

180 1379 335 1442 incurrat.

179 1493 244 1572 (De
264 1489 509 1576 proclamatione
535 1489 648 1551 Karoli
666 1491 758 1570 Regis
783 1491 931 1552 adsersus
957 1489 1176 1566 Wenilonem,
1202 1490 1253 1553 Ar·

486 1574 717 1656 clispiacopnm
734 1572 970 1652 Senonnnmm).

259 1686 319 1750 vl.
358 1684 487 1750 Deinde
507 1685 664 1768 gloriosus
678 1685 746 1747 Rex
760 1687 915 1748 Dominus
932 1687 1069 1749 Karalus
1089 1709 1187 1752 sacrae
1204 1689 1252 1773 sy·

179 1770 264 1832 uodo
288 1769 435 1830 libellum
458 1768 682 1852 appellationis
703 1767 942 1850 electorumque
960 1770 1118 1832 iudicium
1137 1771 1213 1831 inter
1226 1791 1251 1834 se
1316 1833 1317 1836 ,

178 1862 211 1913 et
226 1851 444 1928 wenilonem,
466 1854 631 1912 Senonum
646 1849 938 1932 archiepiscopum,
961 1851 1018 1933 qui
1032 1853 1071 1912 ab
1087 1873 1124 1912 eo
1147 1852 1251 1914 defece·
1316 1845 1317 1856 ¹

177 1943 239 2012 rat,
253 1943 285 1996 et
301 1933 559 2016 proclamationis
575 1931 714 2025 diploma
730 1933 881 2012 porrexit
909 1935 1001 1995 Unde
1028 1935 1198 1994 secundum
1212 1957 1252 1994 sa·

179 2036 266 2077 cram
290 2015 525 2091 auctoritatem,
548 2022 581 2075 et
604 2014 752 2074 induciae
778 2035 814 2074 ac
838 2013 962 2074 dierum
986 2016 1099 2076 dilatio
1122 2025 1166 2076 est
1188 2036 1251 2076 con·
1316 2059 1317 2066 κ

178 2118 276 2173 cessa,
298 2106 330 2158 et
349 2105 436 2158 certa
455 2095 611 2157 accusatio
637 2116 695 2178 per
713 2094 887 2180 Episcopos
909 2106 941 2156 et
962 2097 1131 2180 synodicas
1149 2097 1250 2158 litteras
1316 2129 1317 2132 ¹

176 2180 319 2261 praefato
348 2177 598 2259 Archiepiscopo
626 2187 673 2239 est
697 2177 839 2238 intimata
859 2187 953 2261 atque
981 2200 1133 2242 concessa
1156 2198 1251 2242 secun·

178 2263 255 2323 dum
268 2260 395 2344 regulas
417 2260 569 2321 divinitus
588 2259 813 2343 promulgatas.

178 2376 244 2470 (De
265 2376 380 2438 Alione
400 2373 435 2436 V
431 2375 645 2436 indunensium
664 2375 837 2460 Episcopo,
864 2379 919 2457 qai
946 2343 1058 2442 contra
1077 2377 1191 2459 regulos
1212 2393 1252 2437 tc·

431 2459 619 2520 clesiasticns
643 2471 812 2540 provectus
835 2457 1025 2539 dicebatur).

257 2570 335 2635 VII.
375 2573 461 2635 Mota
475 2581 523 2634 est
542 2571 638 2633 etiam
659 2573 805 2654 quaestio
822 2574 860 2634 de
874 2574 1002 2652 Attoue,
1023 2572 1253 2637 Vindunensium

176 2651 348 2737 Episcopo,
370 2656 457 2736 quod
483 2654 645 2715 oblatione
662 2655 802 2736 regulari
824 2657 927 2732 (uude
949 2657 1064 2752 petitio
1088 2657 1198 2717 ibidem
1213 2661 1249 2716 est

176 2744 396 2816 praesentata)
419 2739 452 2797 iu
476 2736 669 2796 monasterio
690 2738 788 2798 sancti
813 2741 964 2798 Germani
986 2735 1252 2800 Autissiodorensi-

177 2837 232 2880 um
259 2819 411 2897 extiterit,
433 2827 465 2880 et
479 2827 590 2878 contra
608 2820 735 2900 regulas
755 2819 985 2884 ecclesiasticas
1004 2819 1080 2881 inde
1096 2818 1251 2892 discedens,

175 2899 283 2961 minus
310 2901 437 2983 provise
465 2921 561 2982 quam
586 2921 672 2961 sacra
697 2901 866 2961 auctoritas
888 2902 1016 2978 doceat,
1057 2903 1097 2962 ad
1127 2900 1251 2961 ordinem

177 2981 394 3074 episcopalem
415 2980 609 3063 pervenerit.
651 2982 743 3044 Unde
770 2983 864 3042 etiam
885 2984 1055 3045 definitum
1075 2991 1121 3044 est
1142 2981 1204 3042 dari
1217 2979 1251 3040 si-

176 3060 211 3156 ¹³!
232 3072 442 3146 commeatum
453 3063 608 3126 veniendi
631 3065 673 3126 ad
688 3063 782 3124 aliam
799 3065 975 3148 Synodum,
996 3065 1080 3134 sicut
1094 3085 1177 3128 sacra
1192 3083 1251 3124 san·
1313 3137 1314 3140 Ἴ

180 3153 228 3205 crt
252 3144 432 3211 auctoritas.

178 3255 243 3334 (De
264 3256 379 3318 litteris
397 3256 523 3334 Synodi
543 3257 589 3319 ad
606 3256 780 3342 Episcopos
797 3259 973 3319 Brittonum
996 3261 1051 3341 qni
1071 3283 1091 3319 a
1114 3259 1251 3350 Metropo-

186 3339 188 3344 ’
216 3337 315 3404 litano
331 3361 386 3404 suo
405 3339 612 3413 disciverant,
626 3354 658 3400 et
676 3361 743 3482 epm
767 3343 1041 3404 eacommunicatis
1060 3359 1219 3403 consmnnr-

648 3434 687 3484 co'
707 3437 760 3483 ont
770 3428 792 3501 ).
960 3437 962 3444 ’

256 3533 352 3604 VIII,
392 3536 443 3599 Ad
463 3536 640 3622 Episcopus
662 3537 822 3620 siqnidem
845 3537 1037 3615 Brittonum,
1060 3539 1166 3620 quise
1186 3554 1251 3598 con·

174 3627 222 3684 tra
244 3620 464 3682 auctoritatem
494 3643 512 3680 a
540 3620 710 3704 metropoli
736 3641 792 3680 sua
811 3620 991 3681 moliuntur
1009 3621 1193 3694 discindere,
1207 3616 1250 3697 Sy·

175 3700 279 3762 nodus
297 3703 420 3765 litteras
438 3703 616 3765 secundum
638 3701 858 3764 auctoritatem
876 3721 996 3764 sacram
1021 3703 1138 3764 direxit
1160 3705 1250 3781 quate·

175 3803 236 3842 nus
256 3784 295 3846 ad
314 3806 402 3845 suam
422 3786 626 3866 metropolim
641 3785 786 3863 redeant,
808 3785 903 3867 eique
922 3785 1029 3846 debito
1050 3785 1120 3845 iure
1140 3804 1170 3844 se
1188 3779 1249 3841 suh·

177 3863 273 3942 dnt,
300 3889 361 3928 nec
388 3889 406 3928 a
428 3867 582 3928 canonica
611 3875 644 3928 et
671 3866 845 3949 episcopali
866 3865 1090 3928 commuuione
1111 3887 1143 3927 se
1164 3881 1249 3943 segre·

172 3955 259 4029 gent.
299 3948 593 4010 Excommuuicatis
614 3948 720 4026 etiam,
742 3947 825 4010 sieut
850 3971 955 4010 sacrae
977 3949 1154 4010 decernunt
1169 3963 1250 4026 regu·

176 4051 242 4106 ue,
272 4051 475 4114 nequaquam
495 4031 745 4110 communicent,
770 4032 1026 4108 etSalomonem
1048 4030 1250 4094 commoneant
1310 4103 1311 4118 χ

176 4174 534 4194 F--n-——n-n

115 4288 120 4327 ,
214 4260 244 4318 o)
264 4255 298 4312 al.
317 4273 354 4308 ms
382 4259 551 4315 lensensem.
