2712 4992
209 301 284 378 seo
525 321 709 380 nacturi
743 318 989 378 remeamus

208 460 293 528 mitti
312 457 347 524 iu
374 459 517 526 Christo.
556 461 702 524 Primum
730 461 815 524 illud
839 470 989 545 tauquam
1019 453 1158 544 praesens
1183 465 1267 527 sanctis

206 547 322 610 restris
343 565 480 626 suggero
498 546 708 626 praevolutns
723 547 860 626 pedibus
880 557 917 606 ut
931 565 1020 606 meae
1034 546 1219 606 extremitatis
1233 548 1268 607 lit·

207 630 349 704 tcrolae,
383 649 456 686 cum
477 627 589 688 restris
618 629 741 687 suerint
765 629 861 689 sacris
890 629 1037 688 manibus
1068 628 1206 706 traditae,
1231 652 1268 711 pro

207 735 260 774 me
292 710 455 792 meisque,
492 731 574 790 quos
596 710 675 769 mibi
700 711 733 770 in
763 711 893 771 Christo
919 711 1090 772 cohaerere
1114 712 1270 788 imitamur,

206 795 381 868 fratribus,
414 791 565 874 precibus
589 794 728 853 Domino
759 795 998 854 commendetis.
1039 791 1161 852 Deinde
1180 795 1271 855 subiec-

207 876 373 940 tusrestri
396 876 496 935 irater
521 875 553 934 in
582 874 711 935 Christo
742 886 851 936 noster
881 878 951 954 illi,
979 896 1119 960 superno
1141 875 1271 958 inspiratus

205 980 355 1033 munere,
373 966 498 1018 vesu-ae
525 958 684 1018 sanctitati
707 958 910 1020 obedientiae
929 969 1052 1020 nostras
1072 980 1105 1020 se
1124 960 1207 1040 petiit
1218 961 1271 1020 litte·

206 1043 293 1106 rolas
326 1039 461 1100 almitati
489 1051 614 1100 vestrae
644 1042 885 1114 commendari3
926 1064 986 1124 per
1010 1049 1098 1122 'quas
1127 1041 1271 1124 suppliciter
1307 1035 1309 1048 '

206 1124 406 1210 postulamus
430 1131 466 1183 ut
486 1144 580 1184 orem
602 1123 695 1183 fauce
725 1124 792 1203 lupi
819 1124 896 1182 boui
917 1125 1055 1205 pastoris
1075 1123 1185 1184 Christi
1206 1147 1270 1182 marna

209 1216 340 1289 erepta,
362 1204 403 1266 ad
421 1205 529 1266 caulas
552 1205 670 1264 Christi
694 1208 798 1286 gregis
816 1216 870 1265 tua
897 1208 939 1268 sit
964 1206 1133 1287 diligentia
1158 1205 1274 1282 reducta,¹

208 1312 246 1352 ac
266 1291 338 1351 vice
364 1288 463 1372 patris
486 1307 523 1350 ac
544 1289 661 1347 medici
681 1291 742 1368 pia,
768 1311 842 1360 oro,
865 1289 950 1351 circa
973 1290 1064 1349 hunc
1088 1287 1128 1348 sit
1146 1288 1268 1370 vigilantis

205 1393 357 1454 aega-uma
385 1391 483 1452 quem
507 1370 535 1431 si
555 1371 709 1452 pristinae
732 1372 893 1430 redditum
915 1371 1046 1432 sanitati
1074 1371 1186 1452 pastori
1202 1375 1270 1430 onni-

205 1476 262 1518 um
284 1477 359 1516 curn
393 1454 529 1513 caeteris
560 1454 813 1534 praesentaveris
842 1455 1019 1532 inlaesum,
1053 1475 1136 1536 qnae
1161 1464 1270 1534 sequatur

205 1547 264 1599 tuo
287 1558 410 1598 merces
428 1535 564 1608 laboris,
588 1537 706 1615 optime
729 1535 848 1597 diuinis
883 1537 967 1600 nosti
1003 1539 1176 1612 instructus
1195 1557 1267 1594 orare

204 1619 256 1686 lis.
297 1619 391 1696 Vale,
422 1639 546 1678 memor
564 1628 632 1678 esto
659 1617 724 1677 mei
750 1617 943 1680 venerabilis
961 1619 995 1679 in
1016 1619 1149 1698 ¹Christo
1167 1619 1241 1679 frates

403 1746 584 1809 Indicnlum
602 1748 746 1828 generale
767 1747 814 1808 ad
832 1769 939 1811 omues
966 1749 1121 1812 homines.

286 1861 412 1929 XLIX.
452 1867 580 1924 Domuo
609 1873 737 1936 nostro,
773 1865 954 1927 orthodoxo
977 1867 1141 1926 Romanae
1167 1859 1231 1924 sedis
1247 1883 1263 1918 s·

201 1950 377 2096 ppstolicae
402 1947 420 2007 al
438 1948 508 2007 Deo
530 1945 676 2006 instituto
703 1945 753 2006 illi
768 1949 886 2030 Papae,
900 1948 951 2022 rel
966 1947 1119 2008 omnibus
1131 1945 1268 2028 apostolicis

235 2033 339 2093 omnis
369 2038 402 2090 et
430 2029 584 2111 patribus,
605 2051 664 2089 seu
684 2029 871 2109 Abbatibus‚
892 2030 1042 2091 rel'Deo
1068 2031 1176 2090 dicatis
1192 2049 1270 2088 coeno·

203 2116 267 2177 biis
294 2112 500 2194 degentibus,
531 2131 660 2173 necnon
686 2122 720 2173 et
746 2113 935 2176 inlustribus
955 2113 1034 2175 viris
1057 2111 1209 2186 Patriciis,
1225 2113 1268 2168 Du·
1308 2125 1309 2162 t

202 2197 305 2272 cibus,
326 2195 516 2272 Comitibus,
544 2195 597 2258 rel
618 2195 766 2257 omnibus
788 2195 963 2257 Christiani
985 2197 1096 2257 cultus
1120 2193 1270 2255 divinalis·

201 2279 324 2363 ligione
348 2287 526 2354 sectantes,
546 2277 605 2337 ille
629 2288 779 2360 peccator
802 2277 981 2363 Episcopus
1007 2271 1272 2341 vilissimns'omni-

200 2362 262 2432 bus
289 2361 324 2421 iu
343 2360 483 2422 Domino
509 2381 677 2442 praesumo
703 2361 786 2422 mitti
810 2363 954 2424 salntem.
975 2363 1145 2438 Quatenus
1160 2374 1270 2439 praesens

199 2445 340 2533 portitor
362 2442 430 2522 ille,
451 2443 542 2504 radio
563 2439 781 2505 inflammante
807 2444 937 2521 divino,
966 2465 1033 2504 non
1048 2447 1072 2524 Ι(
1088 2452 1122 2502 nt
1145 2439 1269 2523 plerisque

200 2549 271 2592 mos
297 2531 361 2605 cst)
390 2525 527 2586 vacandi
546 2547 651 2603 causa,
672 2527 731 2588 sed
750 2535 884 2610 propter
907 2548 1024 2586 nomen
1048 2525 1185 2600 Domini,
1202 2521 1271 2579 itine-

200 2633 238 2677 ra
262 2610 360 2672 ardua
392 2617 425 2670 et
449 2607 607 2668 laboriose
628 2608 882 2691 parvipendens,
913 2610 954 2669 ob
982 2609 1166 2669 lucrandam
1188 2602 1270 2689 oratio

201 2715 290 2774 nem,
312 2690 426 2752 limina
447 2699 630 2752 sauctorum
649 2689 876 2770 Apostolorum
900 2692 1021 2751 Domni
1049 2692 1136 2755 Petri
1161 2697 1188 2748 et
1205 2684 1269 2746 lhult

201 2777 291 2839 adire
313 2774 459 2858 cupiens,
480 2793 569 2833 meae
588 2772 743 2854 parvitate
768 2795 802 2834 se
824 2774 917 2856 petiit
938 2782 1063 2834 restrae
1085 2769 1269 2834 commendere
1307 2803 1308 2844 3

200 2859 342 2922 almitate
366 2878 403 2918 ae
425 2855 602 2916 industriae
633 2854 805 2926 litterolas;
837 2877 896 2940 per
930 2877 1008 2936 quas
1036 2855 1199 2918 vilissimus
1222 2871 1268 2906 on-
1307 2849 1308 2862 ¹

201 2943 306 3019 nium,
333 2950 486 3020 tanquam
503 2935 618 2999 restris
631 2939 823 3020 provolutus
840 2937 982 3020 vestigiis
1006 2938 1207 3020 singulorum,
1221 2952 1269 3009 sap·

198 3023 322 3110 plicare
347 3038 517 3104 praesumo
539 3029 575 3081 ut
599 3041 659 3103 pro
685 3042 736 3082 me
759 3020 893 3081 minimo
922 3021 1048 3080 exorari
1084 3017 1224 3090 lubeatis,
1248 3020 1268 3069 tl

200 3103 342 3169 cundem
363 3112 493 3163 euntem
520 3102 574 3165 rel
603 3101 813 3181 redeuntem,
855 3103 882 3164 si
906 3103 1067 3164 Dominus
1107 3095 1268 3186 permiserit,

197 3194 332 3272 propter
352 3205 470 3246 nomen
492 3183 624 3246 Domini
644 3186 739 3245 solita
760 3183 878 3281 pietate
897 3187 1154 3248 commendatum
1169 3177 1268 3259 recipia-

197 3271 251 3347 tis,
273 3278 305 3330 et
331 3267 420 3349 quod
439 3287 569 3330 neeesse
588 3266 738 3329 babuerit
760 3290 803 3327 rm
827 3268 924 3329 ertire
946 3269 1027 3327 tanti
1047 3266 1196 3332 lrabeatis3
1214 3280 1267 3341 qua·

197 3361 292 3413 tenus
317 3351 356 3412 ab
382 3349 452 3432 ipso
480 3349 669 3411 mereamini
690 3291 872 3412 mercedem
892 3351 1037 3432 recipere
1060 3349 1211 3411 cumulum
1228 3339 1266 3423 qui

196 3432 259 3496 sibi
281 3432 366 3494 dixit
392 3431 521 3516 impleri
546 3440 704 3518 quantum
731 3433 805 3517 quis
834 3433 868 3494 iu
891 3433 957 3496 suis
988 3433 1178 3516 pauperibus
1204 3427 1265 3488 risus

195 3516 298 3580 luerit
318 3533 460 3598 erogare.

261 3645 444 3709 Indicalum
464 3645 754 3709 commendatitium
774 3643 820 3708 ad
838 3645 927 3708 viros
947 3648 1096 3708 inlustres
1116 3645 1210 3706 laicos.

273 3765 309 3825 L.
351 3761 491 3823 Domino
512 3760 668 3838 inlustre,
691 3771 723 3823 et
740 3783 817 3845 prae
833 3763 958 3825 eunctis
971 3755 1258 3846 magnificentissimo.

192 3868 228 3910 ac
246 3844 421 3908 nobilitatis
437 3843 603 3929 prosapiae
618 3845 768 3908 decorato
779 3855 876 3927 atque
893 3847 1063 3907 sublimato
1078 3846 1136 3922 illi,
1151 3841 1198 3902 ille
1209 3855 1260 3920 pee-

191 3939 280 3993 cator
301 3929 334 3988 in
366 3927 506 3989 Domino
537 3927 713 4008 praesumit
744 3928 871 3990 mittere
900 3930 1044 3994 salutem.
1094 3931 1258 4005 Quamquem

189 4023 296 4078 rostra
320 4009 517 4073 excellentia
534 4030 623 4071 meae
637 4010 792 4091 parvitate
809 4011 940 4073 minime
961 4012 1001 4074 sit
1021 4011 1158 4094 cognita,
1177 4016 1256 4064 tamen

188 4095 365 4160 multorum
386 4092 547 4154 relatione
568 4091 675 4154 dedici
695 4102 832 4155 vestram
848 4094 880 4155 in
900 4095 1040 4158 Domino
1055 4092 1207 4153 maximam
1220 4083 1256 4142 dt·

187 4177 355 4241 sotionem
379 4183 413 4237 et
428 4175 461 4237 in
482 4195 592 4238 servos
614 4177 676 4238 Dei
692 4176 746 4238 vel
765 4175 923 4260 pauperes
938 4179 1007 4240 eius
1030 4177 1075 4238 ob
1090 4184 1203 4236 aeterna
1216 4185 1253 4224 re·
1305 4166 1306 4244 l

187 4259 363 4326 tributione
384 4256 641 4324 sollicitudiuem
659 4269 725 4322 non
747 4260 881 4346 pigram.
936 4263 1007 4341 Qua
1030 4257 1142 4322 fidneio
1163 4269 1254 4338 provo·
1305 4251 1306 4270 ¹
