2712 4992
434 298 437 306 ‘
470 333 569 390 nasa
597 333 784 392 sscurnus
1099 315 1170 398 841

43 487 171 554 catus,
192 473 252 537 hos
270 475 377 556 apices
396 471 526 536 vilitatis
539 493 629 535 mene
642 495 702 556 per
721 473 840 536 latores
859 482 1044 554 praesentes
1065 477 1171 538 samn-

43 562 109 621 los
128 567 269 636 vestros,
290 559 405 618 fratres
422 557 454 616 in
474 557 602 621 Christo
625 566 734 616 nostro
755 555 794 615 ad
824 554 1077 618 dominationem
1097 582 1172 622 res·

41 652 143 702 tram
167 641 343 700 direximus
351 665 359 712 t
381 661 440 723 per
457 661 537 721 qnos
561 649 697 701 vestram
715 637 923 714 industriam,
945 637 971 698 si
989 661 1172 724 praesump-

41 725 105 786 tio
138 745 206 784 non
227 721 379 799 offendit,
399 723 575 803 plurimum
603 723 740 784 salutare
765 741 949 802 praesnm03
974 731 1005 782 et
1026 733 1105 806 peto
1136 733 1173 786 nt

45 807 105 868 eis
126 805 281 868 euntibus
298 805 350 866 vel
367 805 587 881 redeuntibus,
607 805 641 863 in
667 825 731 883 que
759 803 973 864 necessarium
1004 805 1170 884 duxerint,

45 899 196 974 propter
211 908 328 947 nomen
351 887 483 947 Domini
500 889 593 948 solita
609 885 727 968 pietate
744 887 910 947 consolare
927 884 1075 955 iubeatis.

113 991 301 1058 Indiculum
322 989 369 1052 ad
387 992 527 1053 hanzines
546 1001 690 1074 potentes
711 990 895 1064 Palatinos,
917 995 1055 1062 maxime
1077 993 1124 1060 ad

499 1075 639 1153 cognitos
660 1072 730 1132 sibi.

149 1158 204 1219 LI.
244 1155 384 1218 Domino
398 1154 527 1217 inlustri
552 1163 584 1215 et
600 1175 676 1237 prae
706 1154 830 1216 cunctis
854 1157 1170 1238 magnificentissimo

57 1239 140 1304 viro
164 1238 214 1299 illi
233 1239 290 1299 ille
314 1249 463 1321 peccator
483 1257 662 1321 perennem
687 1236 882 1314 inyIlpmino
903 1239 1002 1300 mittit
1025 1243 1173 1318 salntem,

58 1325 205 1384 Uberem
229 1321 427 1383 strenuitatis
451 1329 576 1383 vestrae
595 1339 726 1402 agapem
748 1340 825 1400 erga
841 1343 899 1382 nos
916 1323 1081 1403 potissimo
1099 1325 1171 1388 iure

61 1406 253 1488 flagrantem
272 1405 450 1464 litterarum
478 1403 561 1464 serie
590 1423 657 1462 nnn
688 1401 867 1464 omittimus
888 1405 1055 1483 excimre,
1085 1429 1171 1489 qno,

60 1489 152 1550 avidi
167 1483 328 1547 facilitatis
343 1496 466 1547 vestrae
486 1491 635 1568 quaestus
648 1485 905 1566 praestolantes,
916 1479 1037 1554 ube'res
1055 1489 1088 1550 in
1110 1494 1175 1555 Dm

57 1571 153 1631 mino
170 1570 187 1630 lr
209 1568 301 1631 vobis
321 1571 445 1630 fructus
464 1589 591 1650 semper
607 1566 834 1648 suscipiamus,
857 1577 889 1630 et
914 1569 990 1629 dum
1014 1572 1175 1652 praesenti

54 1655 93 1712 in
110 1655 180 1713 vita
199 1653 259 1711 tibi
280 1673 390 1713 rernm
415 1651 534 1711 arbiter
554 1651 663 1712 lecum
694 1651 782 1711 dedit
805 1671 870 1732 quo
897 1659 929 1711 et
953 1652 1173 1720 Ecclesiarnm

56 1744 92 1796 et
107 1734 288 1803 amicorum
303 1737 386 1794 feras
403 1733 568 1815 suffragia,
592 1753 656 1792 nen
681 1732 788 1815 pigent
809 1733 917 1794 subire
947 1732 1089 1799 laborem
1106 1738 1173 1818 ¹qul

55 1820 95 1878 in
124 1817 495 1900 posterummercedem
517 1817 662 1876 conferat
680 1817 791 1894 lucra,
814 1823 847 1877 et
868 1837 956 1878 nnnc
977 1808 1172 1901 multiplicia

57 1923 103 1963 ex
125 1920 268 1960 numere
282 1899 459 1962 amicornm
472 1899 579 1960 ferant
591 1897 761 1980 suffragiu,
784 1907 815 1960 et
831 1899 917 1961 unde
935 1899 994 1960 tihi
1019 1922 1174 1983 praesen-

58 1985 146 2042 tium
176 1983 366 2064 portitores,
394 1981 520 2046 sodales
546 1980 633 2056 mei,
663 1981 775 2050 famuli
798 1982 1172 2064 'restrispggesserinh

61 2066 117 2147 pie
141 2065 354 2126 obaudientes
377 2064 505 2124 affectui
526 2063 725 2144 mancipetis.
769 2065 872 2142 Vale,
902 2065 953 2126 vir
979 2066 1098 2148 vigoris
1125 2077 1175 2128 at-

62 2169 127 2228 que
145 2157 277 2208 tuorum
299 2148 397 2208 decus
420 2147 606 2207 amicornm.
645 2144 898 2229 ·Omnip0tentis
921 2148 1052 2209 Domini
1072 2149 1174 2232 pietas

59 2232 100 2289 ad
121 2229 345 2296 Ecclesiarum
367 2231 549 2312 profectum
565 2250 624 2311 per
645 2228 753 2291 m'ulta'
778 2229 879 2312 spatia
904 2238 1086 2314 temporum
1114 2254 1174 2298 vos

59 2333 257 2403 conservare
283 2321 314 2372 et
335 2313 495 2373 custodire
521 2312 683 2394 dignetur,
1009 2333 1014 2342 ·
1038 2332 1054 2342 ··

60 2411 212 2502 Qrmliter·
233 2441 275 2480 ex
299 2419 499 2480 ordinatione
528 2420 620 2500 Regis
650 2441 709 2504 pro
741 2420 901 2480 nativitate
924 2419 999 2502 filii
1028 2389 1173 2483 σιιίἸΒο,

80 2497 236 2594 mesticu's
258 2502 297 2564 de
321 2504 395 2562 villa
412 2504 505 2582 Regis
524 2524 583 2586 per
603 2525 660 2562 sua
688 2503 820 2586 epistola
842 2504 968 2564 relaxat
988 2506 1149 2582 ingenuos.

146 2617 218 2678 Lll.
260 2617 329 2698 Ego
347 2615 381 2675 in
398 2616 460 2678 Dei
480 2615 609 2682 nomine
625 2617 681 2677 ille
697 2617 897 2678 Domesticus
917 2617 996 2679 acsi
1017 2617 1170 2700 indignus

58 2699 286 2780 gloriosissimi
306 2700 425 2758 Domni
450 2699 540 2762 illins
562 2699 656 2780 Regis
670 2720 767 2780 super
780 2701 871 2761 viltas
894 2701 992 2783 ipsius
1011 2700 1093 2776 illas,
1119 2700 1180 2774 illi'

58 2805 104 2842 ex
126 2783 248 2842 familie
265 2781 428 2842 dominice¹
453 2781 588 2856 devillu
607 2783 672 2846 illa.
714 2785 798 2842 Dum
819 2784 1012 2865 generaliter
1034 2783 1073 2852 ad
1100 2804 1177 2847 cm-.

57 2887 121 2928 nes,
133 2865 333 2928 Domesticos
349 2865 445 2945 Regis
462 2864 621 2924 ordinatio
639 2867 794 2944 processit
813 2887 872 2948 pro
888 2866 1049 2930 nativitate
1067 2867 1169 2924 Dom-

58 2947 178 3008 nicelli
202 2947 304 3014 nostri,
332 2946 410 3023 illo,
434 2955 470 3005 ut
504 2947 520 3004 d
552 2947 689 3007 Domine
720 2950 834 3010 melius
863 2957 1088 3026 conservetur,
1126 2949 1166 3008 de

59 3035 258 3110 unaqueque
272 3027 356 3092 ¹villa
375 3028 482 3090 fiscale
498 3039 576 3098 ¹tres
605 3030 750 3092 homines
783 3054 822 3092 ex
843 3030 1057 3093 servientibus
1079 3031 1180 3094 iuter

61 3124 201 3193 utroque
219 3134 298 3174 sexu
314 3112 336 3171 al·
352 3111 491 3172 servitio
503 3112 704 3189 laxarentur,
727 3125 758 3174 et
784 3115 901 3178 nosita
923 3114 1108 3174 laciendum
1127 3113 1167 3174 ob

60 3194 124 3255 lroc
140 3195 344 3256 ordinatione
363 3195 564 3274 recepimus,
587 3205 756 3277 propterea
779 3205 813 3261 te
827 3219 885 3278 per
901 3197 985 3263 hanc
1001 3196 1168 3278 epistolam

62 3288 222 3356 nostram,
245 3276 329 3339 sicut
342 3275 421 3334 rnilri
440 3278 561 3346 iussum
585 3287 651 3354 est,
675 3278 713 3344 ab
733 3279 819 3339 omni
848 3279 981 3346 vinculo.
1002 3278 1166 3342 servitutis

62 3359 212 3438 absolvo,
236 3359 336 3420 itant
357 3359 520 3441 deinceps,
540 3369 693 3440 tan-quam
714 3365 739 3422 si
755 3362 793 3421 ab
816 3361 966 3444 ingenuis
980 3361 1166 3444 perentibus

61 3442 177 3503 luisses
192 3451 399 3524 procreatus,
420 3441 516 3502 vitam
531 3443 627 3505 ducas
647 3443 820 3524 ingenuam
831 3489 842 3516 ,
866 3454 897 3504 et
920 3445 952 3504 in
983 3443 1075 3502 nullo
1095 3465 1165 3504 ser-

62 3526 143 3584 vitio
159 3545 219 3586 nec
240 3525 257 3584 l
276 3524 367 3586 nohis
382 3545 442 3584 nec
460 3525 478 3584 ia
498 3527 733 3587 successoribus
756 3527 945 3588 Domesticis
966 3548 1026 3594 nee
1046 3526 1062 3585 d
1082 3547 1165 3606 quo-

63 3627 192 3689 eunque
212 3606 252 3684 de
271 3617 359 3688 parte
377 3605 442 3666 fisci
457 3609 586 3688 penitus
603 3608 635 3666 in
660 3609 791 3672 servitio
807 3609 956 3670 inclinari
971 3609 1164 3691 nonpossis,
1176 3613 1180 3618 ”

63 3690 118 3749 sed
136 3689 301 3771 'perbene
319 3689 484 3768 epistolem
511 3689 738 3772 ingenuitatis,
762 3693 845 3752 sicut
867 3693 959 3754 nobis
977 3693 1101 3768 iussum⁴
1116 3700 1165 3760 est

61 3772 151 3848 fieri,
173 3771 257 3830 bene
277 3781 309 3831 et
324 3772 450 3849 integre
468 3774 627 3854 ingenuus
647 3775 771 3836 cunctis
789 3776 900 3836 diebus
917 3777 998 3842 vitate
1019 3776 1165 3842 tanede·

61 3854 136 3914 beas
150 3875 351 3934 permanere.»
392 3854 515 3936 Siquis
536 3877 612 3916 vero
631 3857 748 3938 aliquis
771 3869 808 3920 ,te
830 3859 869 3918 de
901 3866 984 3920 stetu
1012 3855 1163 3938 ingenui-

55 3937 219 4000 ·tatistnae
236 3936 410 4018 impulsare
436 3939 596 4014 voluerit,
618 3939 737 4000 inl'erut
756 3941 1062 4021 tibi.cun1,cogenti
1086 3940 1162 4002 fisco
1228 3967 1230 3971 ,

62 4019 128 4077 auri
150 4018 266 4077 libram
282 4041 395 4092 unam,
419 4029 451 4080 et
465 4021 552 4104 quod
577 4022 694 4103 repetit
714 4024 879 4086 vindicare
898 4045 961 4083 non
979 4022 1162 4101 valeat,sed
1182 4083 1187 4105 y,

61 4121 210 4180 praesens
226 4099 359 4180 epistola
375 4102 465 4162 firma
479 4113 682 4186 permaneat,
703 4105 1087 4189 stipulationesubnexa,
1101 4105 1162 4173 Ac·

62 4191 127 4242 tum
142 4182 188 4241 ibi
204 4183 266 4242 sub
279 4185 331 4246 die
353 4185 432 4266 illc,
454 4185 639 4269 annn'ille,
661 4189 748 4273 Rege
768 4189 843 4270 illo,
866 4187 1082 4274 suprascripto
1101 4187 1161 4254 illo

63 4267 186 4354 Domne
207 4270 314 4328 nostro
332 4268 429 4354 Rege,
970 4267 975 4273 ’
1124 4307 1128 4318 ·
