2746 4992
208 305 280 387 276
412 324 443 376 s.
477 321 557 380 cun
663 317 937 376 carirnmmun
1037 318 1100 390 sss.

209 473 372 540 casatum,
400 467 456 522 aut
483 455 655 518 bassallum
675 477 787 532 suum,
808 457 1042 540 praeterquod
1065 459 1205 540 superius
1219 455 1283 523 diri·

208 570 297 625 mus,
325 541 496 618 dimiserit,
524 537 683 600 honorem
711 561 806 602 suum
836 539 958 622 perdat.
1008 539 1164 606 Similiter
1192 565 1285 605 eorum

193 629 364 708 ministri,
384 626 412 690 si
430 623 573 708 aliquem
591 622 794 701 dimiserint,
816 627 851 682 et
863 623 1030 706 proprium
1046 631 1078 684 et
1096 623 1286 688 ministerium

205 714 352 802 perdant.

289 793 329 861 V.
372 788 469 872 Quod
490 787 516 850 si
540 787 654 849 Comes
673 793 729 848 eut
748 785 834 848 Bassi
860 788 962 850 nostri
989 787 1100 872 aliqua
1124 786 1286 854 infirmitate

205 875 440 950 remanserint,
460 869 670 953 autaliquem
684 879 869 930 excusatum
885 870 1105 948 retinuerint,
1127 882 1180 933 aut
1197 874 1286 935 Abba-

205 961 317 1026 tessel
334 955 517 1019 Abbatissae
534 952 561 1016 si
574 951 761 1036 plenissime
779 951 927 1014 homines
941 975 1016 1016 suos
1034 955 1100 1014 nou
1120 955 1286 1028 direxerint,

206 1043 267 1130 ipsi
283 1063 357 1105 suos
372 1040 512 1101 honores
528 1035 685 1119 perdant,
707 1043 866 1097 eteorum
884 1036 1018 1100 Bassalll
1041 1045 1074 1100 et
1095 1037 1250 1120 proprium
1263 1050 1286 1100 et

204 1124 399 1192 beneficium
426 1119 569 1204 perdunt.

288 1207 347 1272 Vl.
389 1204 424 1266 Si
443 1221 573 1287 quoque
591 1197 769 1283 Episcopus
792 1198 912 1282 absque
934 1201 1107 1264 manifesta
1128 1201 1287 1264 infirmitate

203 1286 411 1364 remanserit,
443 1305 503 1370 pro
525 1282 584 1344 tali
610 1281 808 1365 negligentia
833 1282 876 1343 ita
897 1285 1094 1346 emendetur
1113 1293 1150 1347 ut
1177 1287 1209 1346 in
1234 1286 1285 1368 ipsa

203 1373 333 1438 marcha
349 1368 488 1432 resideat
504 1386 672 1448 quousque
698 1365 760 1426 alia
784 1364 856 1426 vice
885 1367 1049 1428 exercitus
1074 1367 1155 1429 illuc
1180 1380 1285 1454 pergat,

209 1462 417 1542 inquantum
443 1449 600 1513 Dominus
615 1447 732 1530 largire
752 1446 901 1528 dignatus
925 1449 1037 1510 fuerit.

287 1538 365 1604 Vll.
405 1537 448 1596 Et
465 1543 503 1594 ut
522 1529 698 1594 certissime
722 1529 828 1596 sciatis
850 1530 926 1612 quia
960 1529 1047 1593 hauc
1070 1531 1286 1616 expeditionem
1336 1525 1337 1564 l

203 1621 388 1709 plenissime
404 1615 537 1700 explere
558 1613 726 1690 volumus,
748 1613 972 1675 constituimus
988 1621 1027 1674 ut
1039 1616 1224 1698 Episcopus,
1238 1620 1286 1678 Co·

98 1753 102 1760 ·
202 1729 287 1784 mes,
309 1714 365 1766 aut
383 1703 495 1764 Bassus
515 1705 645 1774 noster,
665 1698 693 1759 si
722 1695 756 1756 in
786 1694 970 1791 infirmitatg
1003 1696 1133 1760 incerta
1162 1700 1286 1761 detentus

202 1789 321 1865 fuerit,
342 1784 520 1868 Episcopus
543 1779 664 1863 quippe
684 1800 744 1862 per
761 1799 856 1838 suum
872 1777 1015 1856 Missum,
1028 1802 1129 1862 quem
1141 1782 1285 1843 meliorem

201 1873 319 1947 habet,
342 1871 456 1930 Comes
473 1884 549 1925 sero
572 1870 605 1923 et
621 1861 706 1922 Bassi
727 1860 827 1922 nostri
844 1881 904 1943 per
921 1883 955 1923 se
978 1862 1065 1944 ipsos
1097 1862 1230 1926 hocsnh
1247 1887 1285 1926 sa·
1336 1877 1337 1880 ’

204 1961 404 2016 crumentum
416 1949 573 2009 affirment
588 1944 675 2027 quod
686 1965 745 2024 pro
772 1943 863 2004 nulla
889 1944 1059 2006 occasione
1082 1947 1286 2008 remansissent
1336 1937 1337 1950 ¹

204 2037 266 2100 uisi
278 2035 367 2119 quod
377 2054 436 2117 pro
455 2027 628 2092 certissima
645 2025 827 2087 infirmitate
845 2025 908 2088 hoc
924 2048 1019 2110 agere
1034 2049 1101 2088 non
1120 2029 1284 2110 potuissent.

286 2115 382 2182 Vlll.
426 2115 546 2176 Omnes
565 2109 651 2171 enim
666 2109 815 2169 volumus
835 2119 872 2170 ut
890 2131 1023 2172 omnem
1042 2110 1192 2172 hostilem
1209 2135 1284 2195 appa·

202 2211 309 2264 ratum
323 2220 432 2262 secum
455 2197 619 2265 deferenti
648 2202 685 2254 ut
701 2213 776 2252 cum
799 2211 858 2252 uos
878 2187 942 2254 hoc
962 2193 1237 2275 prospexerimus,
1260 2203 1284 2256 et

204 2282 388 2346 inbreviare
401 2277 592 2354 fecerimus,
614 2296 680 2335 uon
697 2272 899 2356 negligentes
927 2285 1123 2358 appareant,
1152 2277 1206 2340 sed
1227 2299 1282 2361 gras

203 2368 281 2430 tiam
317 2363 425 2448 udque
440 2369 578 2422 nostram
596 2355 714 2418 habere
729 2362 923 2417 mereantur.

286 2387 347 2512 ll(-
388 2445 588 2510 Vestimenta
603 2449 710 2502 autem
726 2437 866 2500 habeant
883 2439 924 2500 ad
940 2459 1064 2501 annum
1089 2461 1203 2520 unum,
1227 2437 1281 2502 vics

203 2533 304 2595 tualia
324 2551 401 2594 sero
421 2544 589 2624 quousque
605 2543 726 2583 novum
743 2523 886 2584 fructum
901 2522 968 2604 ipsa
988 2523 1094 2605 patria
1109 2524 1221 2586 habere
1236 2543 1280 2604 po·

204 2617 291 2682 terit.
344 2609 490 2694 Fragsdis
517 2605 605 2668 enim
627 2604 817 2686 quicunque
838 2605 945 2666 eundo
962 2615 994 2666 et
1023 2608 1191 2669 redeundo
1211 2626 1279 2668 com·

183 2729 186 2736 ·
204 2699 381 2764 motionem
397 2692 530 2766 fecerit,
551 2687 637 2750 vitae
661 2687 806 2748 incurrat
821 2687 1013 2770 periculum.

287 2779 332 2844 X.
371 2780 414 2839 Et
428 2774 504 2856 quia
522 2769 673 2852 temporis
693 2769 904 2851 congruentia
926 2769 1075 2830 imminet
1099 2768 1280 2851 quadragesi·-

204 2865 305 2943 male,
327 2862 361 2923 in
383 2879 448 2942 quo
466 2854 625 2920 studenda
642 2860 717 2914 sunt
730 2860 899 2935 praecepta
920 2851 1002 2929 Dei,
1025 2854 1238 2916 constituimus
1256 2860 1284 2908 ut·
1335 2855 1336 2912 i

205 2950 392 3031 quicunque
407 2936 584 3002 Ecclesiam
598 2933 746 3017 fregerit,
768 2932 926 2996 adulteria
943 2943 975 2995 et
991 2934 1144 2997 incendia
1168 2933 1280 3006 fecerit,

206 3033 289 3091 vitae
312 3028 456 3088 incurrat
486 3019 676 3104 periculum.
727 3015 923 3097 Quicunque
949 3017 1136 3096 caballum,
1161 3021 1280 3087 bovem,

205 3111 385 3191 friscingas,
408 3113 529 3180 vestes,
551 3122 646 3171 arma,
667 3098 717 3159 vel
735 3099 797 3158 alia
811 3098 942 3160 mobilia
957 3100 1075 3162 tollere
1089 3123 1182 3163 ausus
1193 3099 1282 3171 fuerit,

204 3193 325 3278 triplici
340 3191 412 3272 lege
428 3189 615 3267 componat,
645 3187 677 3244 et
694 3180 832 3242 liberum
850 3182 1018 3243 armiscara
1034 3221 1043 3259 ,-
1068 3184 1101 3244 id
1120 3194 1183 3259 est,
1203 3182 1281 3252 sella,

206 3279 246 3340 ad
267 3296 361 3339 suum
383 3273 513 3334 dorsum
534 3274 607 3325 ente
636 3287 693 3325 nos
714 3265 732 3322 si
757 3263 823 3324 suis
844 3273 984 3324 semotus
1002 3264 1053 3328 his
1076 3267 1241 3348 dirigatur,
1259 3273 1282 3320 et

204 3356 362 3441 usquead
378 3345 764 3430 nostramindulgentiam
787 3346 1000 3423 sustineatur,
1029 3349 1116 3410 servi
1146 3342 1216 3412 seio
1241 3344 1282 3402 ssa·

205 3444 369 3528 gellentur
382 3447 413 3498 et
431 3434 628 3505 tunduntur,
650 3438 681 3489 et
700 3428 831 3488 illorum
848 3428 992 3503 domini,
1021 3452 1106 3513 quae
1134 3430 1189 3513 ipsi
1210 3428 1280 3487 tule-

203 3536 298 3603 runt,
320 3519 499 3583 restituant.
541 3511 673 3591 Quodsi
699 3511 818 3572 clamor
846 3513 886 3572 ad
917 3510 1070 3576 Seniores
1095 3511 1231 3584 venerit,
1257 3516 1282 3566 et

203 3611 265 3693 ipsi
291 3605 370 3667 talis
399 3623 464 3663 non
488 3592 751 3668 emendaverint,
780 3602 858 3653 tunc
879 3593 995 3654 horum
1020 3597 1169 3657 Seniores
1198 3593 1279 3674 ipsam

203 3687 467 3774 compositionem
486 3679 625 3766 iaciant,
649 3686 680 3736 et
699 3675 810 3735 eadem
832 3676 1018 3755 armiscara,
1040 3678 1182 3760 quandiu
1206 3673 1280 3734 uobis

202 3771 381 3860 placuerit,
402 3765 547 3829 sufficere
565 3759 809 3840 compellantur.

284 3854 343 3918 XI.
386 3850 430 3913 Et
444 3848 506 3907 hoc
520 3841 765 3915 constituimus,
788 3847 825 3898 ut
852 3861 892 3902 ex
911 3849 1048 3923 utraque
1069 3850 1156 3925 parte
1178 3835 1279 3900 iustitia
1334 3881 1335 3916 ,

163 3949 165 3953 ’
200 3949 367 4010 servetur,
392 3931 546 3994 videlicet
566 3926 666 3986 nostri
685 3924 769 3986 sieut
789 3922 874 3982 circa
901 3923 1013 4001 vicini,
1029 3947 1110 4006 quae
1124 3919 1279 3984 necessaris

201 4033 290 4102 suut,
314 4015 458 4080 emenda.
500 4006 610 4074 Vicini
635 4015 742 4066 autem
764 4006 949 4066 nullatenus
977 4007 1080 4068 carius
1108 4029 1198 4089 quum
1225 4000 1278 4063 suis

201 4099 420 4168 circavicinis
440 4094 582 4156 vendere
600 4096 814 4168 praesumant.
859 4167 865 4182 .

280 4185 356 4250 Xll.
398 4180 463 4258 Qui
493 4196 572 4238 vero
598 4170 774 4232 'homicidia
798 4169 969 4232 indiscrete
993 4180 1026 4233 et
1050 4167 1277 4257 praesumptiose

202 4268 336 4344 fecerit,
358 4264 440 4324 vitae
458 4261 627 4320 incurrant
640 4253 832 4340 periculum.
