<?xml version="1.0" encoding="UTF-8"?>
<!DOCTYPE html PUBLIC "-//W3C//DTD XHTML 1.0 Transitional//EN"
    "http://www.w3.org/TR/xhtml1/DTD/xhtml1-transitional.dtd">
<html xmlns="http://www.w3.org/1999/xhtml" xml:lang="en" lang="en">
 <head>
  <title>
</title>
<meta http-equiv="Content-Type" content="text/html;charset=utf-8" />
  <meta name='ocr-system' content='tesseract 3.04.00' />
  <meta name='ocr-capabilities' content='ocr_page ocr_carea ocr_par ocr_line ocrx_word'/>
</head>
<body>
  <div class='ocr_page' id='page_1' title='image "./corpusiurisgerm01visigoog_0052.png"; bbox 0 0 2786 4980; ppageno 0'>
   <div class='ocr_carea' id='block_1_1' title="bbox 261 339 1219 465">
    <p class='ocr_par' dir='ltr' id='par_1_1' title="bbox 261 339 1219 465">
     <span class='ocr_line' id='line_1_1' title="bbox 261 339 1219 465; baseline -0.005 -47"><span class='ocrx_word' id='word_1_1' title='bbox 261 363 296 420; x_wconf 79' lang='lat' dir='ltr'>n.</span> <span class='ocrx_word' id='word_1_2' title='bbox 315 361 394 418; x_wconf 80' lang='lat' dir='ltr'>nnn</span> <span class='ocrx_word' id='word_1_3' title='bbox 504 359 635 465; x_wconf 75' lang='lat' dir='ltr'>arcun</span> <span class='ocrx_word' id='word_1_4' title='bbox 652 354 872 416; x_wconf 78' lang='lat' dir='ltr'>amuconuu</span> <span class='ocrx_word' id='word_1_5' title='bbox 978 355 1039 416; x_wconf 80' lang='lat' dir='ltr'>sss.</span> <span class='ocrx_word' id='word_1_6' title='bbox 1169 339 1219 414; x_wconf 80' lang='grc'>39</span> 
     </span>
    </p>
   </div>
   <div class='ocr_carea' id='block_1_2' title="bbox 105 496 1222 1240">
    <p class='ocr_par' dir='ltr' id='par_1_2' title="bbox 105 496 1222 1240">
     <span class='ocr_line' id='line_1_2' title="bbox 109 496 1218 584; baseline 0.003 -23"><span class='ocrx_word' id='word_1_7' title='bbox 109 519 201 561; x_wconf 87' lang='lat' dir='ltr'>auno</span> <span class='ocrx_word' id='word_1_8' title='bbox 217 517 295 562; x_wconf 81' lang='lat' dir='ltr'>vero</span> <span class='ocrx_word' id='word_1_9' title='bbox 313 499 408 584; x_wconf 82' lang='lat' dir='ltr'>regni</span> <span class='ocrx_word' id='word_1_10' title='bbox 429 497 563 582; x_wconf 82' lang='lat' dir='ltr'>gloriosi</span> <span class='ocrx_word' id='word_1_11' title='bbox 587 499 718 576; x_wconf 81' lang='lat' dir='ltr'>Karoli,</span> <span class='ocrx_word' id='word_1_12' title='bbox 741 498 801 560; x_wconf 89' lang='lat' dir='ltr'>filii</span> <span class='ocrx_word' id='word_1_13' title='bbox 824 496 1024 560; x_wconf 84' lang='lat' dir='ltr'>Illudouvici</span> <span class='ocrx_word' id='word_1_14' title='bbox 1042 498 1218 583; x_wconf 81' lang='lat' dir='ltr'>religiosis-</span> 
     </span>
     <span class='ocr_line' id='line_1_3' title="bbox 106 580 1220 666; baseline 0.001 -22"><span class='ocrx_word' id='word_1_15' title='bbox 106 581 181 644; x_wconf 88' lang='lat' dir='ltr'>simi</span> <span class='ocrx_word' id='word_1_16' title='bbox 210 581 366 664; x_wconf 81' lang='lat' dir='ltr'><strong>Augusti,</strong></span> <span class='ocrx_word' id='word_1_17' title='bbox 403 581 502 642; x_wconf 91' lang='lat' dir='ltr'>tertio</span> <span class='ocrx_word' id='word_1_18' title='bbox 529 581 673 660; x_wconf 90' lang='lat' dir='ltr'>decimo,</span> <span class='ocrx_word' id='word_1_19' title='bbox 697 581 876 644; x_wconf 78' lang='lat' dir='ltr'>indictione</span> <span class='ocrx_word' id='word_1_20' title='bbox 897 580 1023 662; x_wconf 85' lang='lat' dir='ltr'>prima,</span> <span class='ocrx_word' id='word_1_21' title='bbox 1050 583 1220 666; x_wconf 86' lang='lat' dir='ltr'>Episcopis</span> 
     </span>
     <span class='ocr_line' id='line_1_4' title="bbox 105 663 1222 746; baseline 0.002 -22"><span class='ocrx_word' id='word_1_22' title='bbox 105 663 200 724; x_wconf 79' lang='lat' dir='ltr'>iuxta</span> <span class='ocrx_word' id='word_1_23' title='bbox 227 665 376 726; x_wconf 87' lang='lat' dir='ltr'>instituta</span> <span class='ocrx_word' id='word_1_24' title='bbox 399 666 571 726; x_wconf 87' lang='lat' dir='ltr'>Canouum</span> <span class='ocrx_word' id='word_1_25' title='bbox 592 663 757 746; x_wconf 81' lang='lat' dir='ltr'>Synodum</span> <span class='ocrx_word' id='word_1_26' title='bbox 773 663 936 726; x_wconf 86' lang='lat' dir='ltr'>celebrare</span> <span class='ocrx_word' id='word_1_27' title='bbox 955 663 1222 742; x_wconf 78' lang='lat' dir='ltr'>volentibus,an·</span> 
     </span>
     <span class='ocr_line' id='line_1_5' title="bbox 106 745 1220 832; baseline 0.003 -26"><span class='ocrx_word' id='word_1_28' title='bbox 106 747 183 807; x_wconf 88' lang='lat' dir='ltr'>nuit</span> <span class='ocrx_word' id='word_1_29' title='bbox 199 746 290 832; x_wconf 75' lang='lat' dir='ltr'>¹idem</span> <span class='ocrx_word' id='word_1_30' title='bbox 309 747 379 808; x_wconf 82' lang='lat' dir='ltr'>Rex</span> <span class='ocrx_word' id='word_1_31' title='bbox 394 747 554 823; x_wconf 89' lang='lat' dir='ltr'>Karolus,</span> <span class='ocrx_word' id='word_1_32' title='bbox 576 767 694 827; x_wconf 87' lang='lat' dir='ltr'>eosque</span> <span class='ocrx_word' id='word_1_33' title='bbox 715 746 800 828; x_wconf 90' lang='lat' dir='ltr'>apud</span> <span class='ocrx_word' id='word_1_34' title='bbox 818 745 930 806; x_wconf 89' lang='lat' dir='ltr'>urbem</span> <span class='ocrx_word' id='word_1_35' title='bbox 952 745 1160 808; x_wconf 77' lang='lat' dir='ltr'>Suessionum</span> <span class='ocrx_word' id='word_1_36' title='bbox 1186 749 1220 810; x_wconf 90' lang='lat' dir='ltr'>iu</span> 
     </span>
     <span class='ocr_line' id='line_1_6' title="bbox 106 827 1222 904; baseline 0.003 -16"><span class='ocrx_word' id='word_1_37' title='bbox 106 835 306 890; x_wconf 81' lang='lat' dir='ltr'>monasterio</span> <span class='ocrx_word' id='word_1_38' title='bbox 327 829 428 890; x_wconf 88' lang='lat' dir='ltr'>sancti</span> <span class='ocrx_word' id='word_1_39' title='bbox 448 828 595 890; x_wconf 85' lang='lat' dir='ltr'>Medardi</span> <span class='ocrx_word' id='word_1_40' title='bbox 618 839 650 889; x_wconf 91' lang='lat' dir='ltr'>et</span> <span class='ocrx_word' id='word_1_41' title='bbox 669 829 771 890; x_wconf 90' lang='lat' dir='ltr'>sancti</span> <span class='ocrx_word' id='word_1_42' title='bbox 787 827 983 904; x_wconf 76' lang='lat' dir='ltr'>sebastiani,</span> <span class='ocrx_word' id='word_1_43' title='bbox 1012 851 1041 894; x_wconf 84' lang='lat' dir='ltr'>x.</span> <span class='ocrx_word' id='word_1_44' title='bbox 1059 831 1222 892; x_wconf 83' lang='lat' dir='ltr'>Kalendas</span> 
     </span>
     <span class='ocr_line' id='line_1_7' title="bbox 106 909 1222 993; baseline 0 -21"><span class='ocrx_word' id='word_1_45' title='bbox 106 911 212 972; x_wconf 81' lang='lat' dir='ltr'>Maias</span> <span class='ocrx_word' id='word_1_46' title='bbox 240 910 420 972; x_wconf 88' lang='lat' dir='ltr'>convenire</span> <span class='ocrx_word' id='word_1_47' title='bbox 443 911 621 993; x_wconf 88' lang='lat' dir='ltr'>praecepit;</span> <span class='ocrx_word' id='word_1_48' title='bbox 650 912 716 988; x_wconf 91' lang='lat' dir='ltr'>ubi,</span> <span class='ocrx_word' id='word_1_49' title='bbox 742 909 928 992; x_wconf 69' lang='lat' dir='ltr'>posthabitis</span> <span class='ocrx_word' id='word_1_50' title='bbox 950 911 1148 974; x_wconf 80' lang='lat' dir='ltr'>secularibus</span> <span class='ocrx_word' id='word_1_51' title='bbox 1167 935 1222 974; x_wconf 85' lang='lat' dir='ltr'>eu·</span> 
     </span>
     <span class='ocr_line' id='line_1_8' title="bbox 109 992 1219 1076; baseline 0.002 -24"><span class='ocrx_word' id='word_1_52' title='bbox 109 992 170 1069; x_wconf 90' lang='lat' dir='ltr'>ris,</span> <span class='ocrx_word' id='word_1_53' title='bbox 193 993 264 1074; x_wconf 88' lang='lat' dir='ltr'>ipse</span> <span class='ocrx_word' id='word_1_54' title='bbox 280 1014 413 1076; x_wconf 90' lang='lat' dir='ltr'>quoque</span> <span class='ocrx_word' id='word_1_55' title='bbox 429 995 498 1054; x_wconf 80' lang='lat' dir='ltr'>Rex</span> <span class='ocrx_word' id='word_1_56' title='bbox 517 993 622 1054; x_wconf 84' lang='lat' dir='ltr'>adesse</span> <span class='ocrx_word' id='word_1_57' title='bbox 638 994 788 1076; x_wconf 79' lang='lat' dir='ltr'>dignatus</span> <span class='ocrx_word' id='word_1_58' title='bbox 810 1000 868 1068; x_wconf 90' lang='lat' dir='ltr'>est,</span> <span class='ocrx_word' id='word_1_59' title='bbox 891 1001 928 1052; x_wconf 89' lang='lat' dir='ltr'>ut</span> <span class='ocrx_word' id='word_1_60' title='bbox 949 1013 1014 1052; x_wconf 92' lang='lat' dir='ltr'>nou</span> <span class='ocrx_word' id='word_1_61' title='bbox 1039 994 1143 1054; x_wconf 88' lang='lat' dir='ltr'>solum</span> <span class='ocrx_word' id='word_1_62' title='bbox 1161 996 1219 1056; x_wconf 88' lang='lat' dir='ltr'>de-</span> 
     </span>
     <span class='ocr_line' id='line_1_9' title="bbox 112 1073 1220 1152; baseline 0.001 -17"><span class='ocrx_word' id='word_1_63' title='bbox 112 1073 255 1135; x_wconf 75' lang='lat' dir='ltr'>votione</span> <span class='ocrx_word' id='word_1_64' title='bbox 277 1075 443 1136; x_wconf 83' lang='lat' dir='ltr'>Ecclesiae</span> <span class='ocrx_word' id='word_1_65' title='bbox 469 1097 501 1136; x_wconf 92' lang='lat' dir='ltr'>se</span> <span class='ocrx_word' id='word_1_66' title='bbox 523 1075 626 1134; x_wconf 85' lang='lat' dir='ltr'>filium</span> <span class='ocrx_word' id='word_1_67' title='bbox 652 1097 720 1138; x_wconf 89' lang='lat' dir='ltr'>esse</span> <span class='ocrx_word' id='word_1_68' title='bbox 744 1075 946 1150; x_wconf 83' lang='lat' dir='ltr'>ostenderet,</span> <span class='ocrx_word' id='word_1_69' title='bbox 976 1095 1089 1136; x_wconf 84' lang='lat' dir='ltr'>verum</span> <span class='ocrx_word' id='word_1_70' title='bbox 1114 1076 1220 1152; x_wconf 85' lang='lat' dir='ltr'>etism,</span> 
     </span>
     <span class='ocr_line' id='line_1_10' title="bbox 114 1155 1221 1240; baseline 0.004 -24"><span class='ocrx_word' id='word_1_71' title='bbox 114 1155 225 1216; x_wconf 86' lang='lat' dir='ltr'>sicubi</span> <span class='ocrx_word' id='word_1_72' title='bbox 252 1177 331 1238; x_wconf 90' lang='lat' dir='ltr'>opus</span> <span class='ocrx_word' id='word_1_73' title='bbox 356 1167 447 1236; x_wconf 90' lang='lat' dir='ltr'>essct,</span> <span class='ocrx_word' id='word_1_74' title='bbox 475 1165 689 1240; x_wconf 86' lang='lat' dir='ltr'>protectorem</span> <span class='ocrx_word' id='word_1_75' title='bbox 717 1157 808 1240; x_wconf 83' lang='lat' dir='ltr'>regia</span> <span class='ocrx_word' id='word_1_76' title='bbox 838 1165 994 1240; x_wconf 85' lang='lat' dir='ltr'>potestate</span> <span class='ocrx_word' id='word_1_77' title='bbox 1020 1167 1221 1220; x_wconf 80' lang='lat' dir='ltr'>monstraret.</span> 
     </span>
    </p>
   </div>
   <div class='ocr_carea' id='block_1_3' title="bbox 114 1281 1220 1462">
    <p class='ocr_par' dir='ltr' id='par_1_3' title="bbox 114 1281 1220 1462">
     <span class='ocr_line' id='line_1_11' title="bbox 118 1281 1220 1369; baseline 0.009 -29"><span class='ocrx_word' id='word_1_78' title='bbox 118 1283 187 1355; x_wconf 86' lang='lat' dir='ltr'>(De</span> <span class='ocrx_word' id='word_1_79' title='bbox 209 1281 337 1351; x_wconf 83' lang='lat' dir='ltr'>Clerz&#39;cis</span> <span class='ocrx_word' id='word_1_80' title='bbox 360 1284 397 1344; x_wconf 83' lang='lat' dir='ltr'>ab</span> <span class='ocrx_word' id='word_1_81' title='bbox 410 1282 538 1344; x_wconf 80' lang='lat' dir='ltr'>Ebbone</span> <span class='ocrx_word' id='word_1_82' title='bbox 559 1295 633 1367; x_wconf 87' lang='lat' dir='ltr'>post</span> <span class='ocrx_word' id='word_1_83' title='bbox 658 1281 885 1368; x_wconf 84' lang='lat' dir='ltr'>depositionem</span> <span class='ocrx_word' id='word_1_84' title='bbox 905 1305 1071 1369; x_wconf 81' lang='lat' dir='ltr'>perperam</span> <span class='ocrx_word' id='word_1_85' title='bbox 1088 1283 1220 1350; x_wconf 82' lang='lat' dir='ltr'>ordina.</span> 
     </span>
     <span class='ocr_line' id='line_1_12' title="bbox 114 1364 1217 1462; baseline 0.005 -41"><span class='ocrx_word' id='word_1_86' title='bbox 114 1365 156 1422; x_wconf 85' lang='lat' dir='ltr'>tis</span> <span class='ocrx_word' id='word_1_87' title='bbox 163 1389 177 1433; x_wconf 89' lang='lat'>,·</span> <span class='ocrx_word' id='word_1_88' title='bbox 211 1377 243 1424; x_wconf 87' lang='lat' dir='ltr'>et</span> <span class='ocrx_word' id='word_1_89' title='bbox 264 1364 303 1423; x_wconf 88' lang='lat' dir='ltr'>de</span> <span class='ocrx_word' id='word_1_90' title='bbox 325 1365 463 1444; x_wconf 79' lang='lat' dir='ltr'>legitima</span> <span class='ocrx_word' id='word_1_91' title='bbox 483 1364 654 1426; x_wconf 81' lang='lat' dir='ltr'>IIinemari</span> <span class='ocrx_word' id='word_1_92' title='bbox 677 1367 864 1426; x_wconf 85' lang='lat' dir='ltr'>successoris</span> <span class='ocrx_word' id='word_1_93' title='bbox 890 1367 956 1426; x_wconf 86' lang='lat' dir='ltr'>eius</span> <span class='ocrx_word' id='word_1_94' title='bbox 981 1366 1180 1428; x_wconf 84' lang='lat' dir='ltr'>ordinatione</span> <span class='ocrx_word' id='word_1_95' title='bbox 1193 1373 1217 1462; x_wconf 65' lang='lat'>)‚</span> 
     </span>
    </p>
   </div>
   <div class='ocr_carea' id='block_1_4' title="bbox 49 1468 1221 3362">
    <p class='ocr_par' dir='ltr' id='par_1_4' title="bbox 49 1468 1221 3362">
     <span class='ocr_line' id='line_1_13' title="bbox 174 1468 1221 1550; baseline -0.001 -20"><span class='ocrx_word' id='word_1_96' title='bbox 174 1469 353 1547; x_wconf 85' lang='lat' dir='ltr'>&#39;Acr10.l.</span> <span class='ocrx_word' id='word_1_97' title='bbox 398 1469 481 1529; x_wconf 90' lang='lat' dir='ltr'>Cum</span> <span class='ocrx_word' id='word_1_98' title='bbox 518 1468 628 1550; x_wconf 89' lang='lat' dir='ltr'>itaque</span> <span class='ocrx_word' id='word_1_99' title='bbox 654 1469 823 1531; x_wconf 85' lang='lat' dir='ltr'>Praesules</span> <span class='ocrx_word' id='word_1_100' title='bbox 846 1468 1046 1532; x_wconf 72' lang='lat' dir='ltr'>diuersarum</span> <span class='ocrx_word' id='word_1_101' title='bbox 1075 1469 1221 1532; x_wconf 86' lang='lat' dir='ltr'>Ecclesi-</span> 
     </span>
     <span class='ocr_line' id='line_1_14' title="bbox 107 1549 1218 1635; baseline 0.002 -25"><span class='ocrx_word' id='word_1_102' title='bbox 107 1549 218 1628; x_wconf 84' lang='lat' dir='ltr'>arnm,</span> <span class='ocrx_word' id='word_1_103' title='bbox 241 1551 296 1633; x_wconf 94' lang='lat' dir='ltr'>pio</span> <span class='ocrx_word' id='word_1_104' title='bbox 321 1553 409 1634; x_wconf 82' lang='lat' dir='ltr'>Rege</span> <span class='ocrx_word' id='word_1_105' title='bbox 432 1550 533 1611; x_wconf 87' lang='lat' dir='ltr'>multa</span> <span class='ocrx_word' id='word_1_106' title='bbox 557 1551 727 1612; x_wconf 88' lang='lat' dir='ltr'>humiliter</span> <span class='ocrx_word' id='word_1_107' title='bbox 746 1564 780 1614; x_wconf 90' lang='lat' dir='ltr'>et</span> <span class='ocrx_word' id='word_1_108' title='bbox 800 1550 979 1633; x_wconf 88' lang='lat' dir='ltr'>prudenter</span> <span class='ocrx_word' id='word_1_109' title='bbox 1002 1562 1218 1635; x_wconf 84' lang='lat' dir='ltr'>proponente,</span> 
     </span>
     <span class='ocr_line' id='line_1_15' title="bbox 104 1633 1220 1716; baseline 0.004 -24"><span class='ocrx_word' id='word_1_110' title='bbox 104 1643 298 1695; x_wconf 81' lang='lat' dir='ltr'>tractassent</span> <span class='ocrx_word' id='word_1_111' title='bbox 326 1635 433 1716; x_wconf 91' lang='lat' dir='ltr'>potius</span> <span class='ocrx_word' id='word_1_112' title='bbox 456 1633 613 1715; x_wconf 87' lang='lat' dir='ltr'>quaedam</span> <span class='ocrx_word' id='word_1_113' title='bbox 629 1655 725 1716; x_wconf 88' lang='lat' dir='ltr'>quam</span> <span class='ocrx_word' id='word_1_114' title='bbox 745 1635 932 1695; x_wconf 78' lang='lat' dir='ltr'>definissent</span> <span class='ocrx_word' id='word_1_115' title='bbox 942 1677 951 1712; x_wconf 93' lang='lat'>,</span> <span class='ocrx_word' id='word_1_116' title='bbox 973 1657 1016 1700; x_wconf 81' lang='lat' dir='ltr'>vr.</span> <span class='ocrx_word' id='word_1_117' title='bbox 1033 1635 1105 1695; x_wconf 90' lang='lat' dir='ltr'>Kal.</span> <span class='ocrx_word' id='word_1_118' title='bbox 1122 1633 1220 1696; x_wconf 76' lang='lat' dir='ltr'>Maias</span> 
     </span>
     <span class='ocr_line' id='line_1_16' title="bbox 109 1717 1219 1798; baseline 0.001 -23"><span class='ocrx_word' id='word_1_119' title='bbox 109 1717 245 1798; x_wconf 79' lang='lat' dir='ltr'>Synodo</span> <span class='ocrx_word' id='word_1_120' title='bbox 271 1717 531 1798; x_wconf 83' lang='lat' dir='ltr'>praesidentibus</span> <span class='ocrx_word' id='word_1_121' title='bbox 553 1717 726 1778; x_wconf 88' lang='lat' dir='ltr'>Hiucmaro</span> <span class='ocrx_word' id='word_1_122' title='bbox 745 1718 936 1791; x_wconf 86' lang='lat' dir='ltr'>Remorum,</span> <span class='ocrx_word' id='word_1_123' title='bbox 959 1718 1135 1778; x_wconf 90' lang='lat' dir='ltr'>Wenilone</span> <span class='ocrx_word' id='word_1_124' title='bbox 1158 1717 1219 1776; x_wconf 90' lang='lat' dir='ltr'>Se·</span> 
     </span>
     <span class='ocr_line' id='line_1_17' title="bbox 111 1798 1220 1880; baseline 0.002 -23"><span class='ocrx_word' id='word_1_125' title='bbox 111 1819 252 1874; x_wconf 87' lang='lat' dir='ltr'>nonum,</span> <span class='ocrx_word' id='word_1_126' title='bbox 274 1798 433 1860; x_wconf 84' lang='lat' dir='ltr'>Amalrico</span> <span class='ocrx_word' id='word_1_127' title='bbox 453 1801 634 1876; x_wconf 83' lang='lat' dir='ltr'>Turonum,</span> <span class='ocrx_word' id='word_1_128' title='bbox 656 1799 910 1880; x_wconf 86' lang='lat' dir='ltr'>metropolitanis</span> <span class='ocrx_word' id='word_1_129' title='bbox 934 1798 1112 1878; x_wconf 86' lang='lat' dir='ltr'>Episcopis,</span> <span class='ocrx_word' id='word_1_130' title='bbox 1133 1798 1220 1859; x_wconf 85' lang='lat' dir='ltr'>idem</span> 
     </span>
     <span class='ocr_line' id='line_1_18' title="bbox 111 1879 1219 1964; baseline 0.003 -24"><span class='ocrx_word' id='word_1_131' title='bbox 111 1879 290 1941; x_wconf 84' lang='lat' dir='ltr'>Remorum</span> <span class='ocrx_word' id='word_1_132' title='bbox 315 1881 578 1964; x_wconf 75' lang='lat' dir='ltr'>metropolitanus</span> <span class='ocrx_word' id='word_1_133' title='bbox 601 1881 778 1964; x_wconf 86' lang='lat' dir='ltr'>Episcopus</span> <span class='ocrx_word' id='word_1_134' title='bbox 807 1880 1001 1942; x_wconf 83' lang='lat' dir='ltr'>venerabilis</span> <span class='ocrx_word' id='word_1_135' title='bbox 1030 1882 1219 1943; x_wconf 83' lang='lat' dir='ltr'>lliucmsrus</span> 
     </span>
     <span class='ocr_line' id='line_1_19' title="bbox 116 1962 1219 2046; baseline 0.002 -24"><span class='ocrx_word' id='word_1_136' title='bbox 116 1963 263 2024; x_wconf 89' lang='lat' dir='ltr'>ostendit</span> <span class='ocrx_word' id='word_1_137' title='bbox 281 1985 343 2022; x_wconf 89' lang='lat' dir='ltr'>non</span> <span class='ocrx_word' id='word_1_138' title='bbox 363 1985 482 2042; x_wconf 88' lang='lat' dir='ltr'>paucos</span> <span class='ocrx_word' id='word_1_139' title='bbox 509 1985 529 2021; x_wconf 91' lang='lat' dir='ltr'>a</span> <span class='ocrx_word' id='word_1_140' title='bbox 548 1963 716 2026; x_wconf 88' lang='lat' dir='ltr'>decessore</span> <span class='ocrx_word' id='word_1_141' title='bbox 734 1983 793 2025; x_wconf 89' lang='lat' dir='ltr'>suo</span> <span class='ocrx_word' id='word_1_142' title='bbox 819 1962 966 2040; x_wconf 91' lang='lat' dir='ltr'>Ebboue,</span> <span class='ocrx_word' id='word_1_143' title='bbox 986 1974 1154 2046; x_wconf 86' lang='lat' dir='ltr'>postquam</span> <span class='ocrx_word' id='word_1_144' title='bbox 1169 1985 1219 2024; x_wconf 83' lang='lat' dir='ltr'>cs·</span> 
     </span>
     <span class='ocr_line' id='line_1_20' title="bbox 113 2043 1219 2126; baseline 0.002 -24"><span class='ocrx_word' id='word_1_145' title='bbox 113 2043 235 2104; x_wconf 90' lang='lat' dir='ltr'>nonice</span> <span class='ocrx_word' id='word_1_146' title='bbox 263 2045 421 2126; x_wconf 89' lang='lat' dir='ltr'>depositus</span> <span class='ocrx_word' id='word_1_147' title='bbox 446 2045 567 2123; x_wconf 85' lang='lat' dir='ltr'>suerit,</span> <span class='ocrx_word' id='word_1_148' title='bbox 589 2065 649 2107; x_wconf 89' lang='lat' dir='ltr'>uec</span> <span class='ocrx_word' id='word_1_149' title='bbox 674 2065 752 2108; x_wconf 76' lang='lat' dir='ltr'>vero</span> <span class='ocrx_word' id='word_1_150' title='bbox 776 2045 931 2105; x_wconf 80' lang='lat' dir='ltr'>canonice</span> <span class='ocrx_word' id='word_1_151' title='bbox 958 2046 1142 2124; x_wconf 87' lang='lat' dir='ltr'>restitutus,</span> <span class='ocrx_word' id='word_1_152' title='bbox 1164 2045 1219 2106; x_wconf 89' lang='lat' dir='ltr'>iu-</span> 
     </span>
     <span class='ocr_line' id='line_1_21' title="bbox 108 2124 1218 2210; baseline 0.003 -24"><span class='ocrx_word' id='word_1_153' title='bbox 108 2124 347 2186; x_wconf 89' lang='lat' dir='ltr'>rationahiliter</span> <span class='ocrx_word' id='word_1_154' title='bbox 364 2127 537 2188; x_wconf 89' lang='lat' dir='ltr'>ordinatos.</span> <span class='ocrx_word' id='word_1_155' title='bbox 579 2127 645 2186; x_wconf 91' lang='lat' dir='ltr'>lam</span> <span class='ocrx_word' id='word_1_156' title='bbox 662 2129 730 2188; x_wconf 82' lang='lat' dir='ltr'>Rox</span> <span class='ocrx_word' id='word_1_157' title='bbox 744 2126 862 2208; x_wconf 90' lang='lat' dir='ltr'>absque</span> <span class='ocrx_word' id='word_1_158' title='bbox 881 2126 947 2187; x_wconf 83' lang='lat' dir='ltr'>ulla</span> <span class='ocrx_word' id='word_1_159' title='bbox 963 2127 1137 2189; x_wconf 85' lang='lat' dir='ltr'>ambitione</span> <span class='ocrx_word' id='word_1_160' title='bbox 1157 2127 1218 2210; x_wconf 68' lang='lat' dir='ltr'>sy·</span> 
     </span>
     <span class='ocr_line' id='line_1_22' title="bbox 49 2207 1216 2292; baseline 0.007 -25"><span class='ocrx_word' id='word_1_161' title='bbox 49 2269 57 2285; x_wconf 33' lang='lat'><strong>¹</strong></span> <span class='ocrx_word' id='word_1_162' title='bbox 108 2209 234 2268; x_wconf 88' lang='lat' dir='ltr'>nodum</span> <span class='ocrx_word' id='word_1_163' title='bbox 256 2209 342 2269; x_wconf 88' lang='lat' dir='ltr'>solus</span> <span class='ocrx_word' id='word_1_164' title='bbox 365 2210 527 2290; x_wconf 79' lang='lat' dir='ltr'>ingressus</span> <span class='ocrx_word' id='word_1_165' title='bbox 545 2207 734 2292; x_wconf 89' lang='lat' dir='ltr'>simpliciter</span> <span class='ocrx_word' id='word_1_166' title='bbox 763 2230 836 2270; x_wconf 90' lang='lat' dir='ltr'>cnm</span> <span class='ocrx_word' id='word_1_167' title='bbox 857 2210 1023 2292; x_wconf 85' lang='lat' dir='ltr'>Episcopis</span> <span class='ocrx_word' id='word_1_168' title='bbox 1046 2210 1216 2274; x_wconf 84' lang='lat' dir='ltr'>residebat.</span> 
     </span>
     <span class='ocr_line' id='line_1_23' title="bbox 107 2291 1216 2376; baseline 0.002 -26"><span class='ocrx_word' id='word_1_169' title='bbox 107 2291 202 2351; x_wconf 88' lang='lat' dir='ltr'>Serie</span> <span class='ocrx_word' id='word_1_170' title='bbox 229 2291 328 2372; x_wconf 81' lang='lat' dir='ltr'>igitur</span> <span class='ocrx_word' id='word_1_171' title='bbox 354 2291 565 2372; x_wconf 83' lang='lat' dir='ltr'>depositionis</span> <span class='ocrx_word' id='word_1_172' title='bbox 586 2292 750 2352; x_wconf 88' lang='lat' dir='ltr'>memorati</span> <span class='ocrx_word' id='word_1_173' title='bbox 769 2293 911 2354; x_wconf 90' lang='lat' dir='ltr'>Ebbouis</span> <span class='ocrx_word' id='word_1_174' title='bbox 933 2293 1117 2373; x_wconf 86' lang='lat' dir='ltr'>plenissime</span> <span class='ocrx_word' id='word_1_175' title='bbox 1143 2313 1216 2376; x_wconf 92' lang='lat' dir='ltr'>pro·</span> 
     </span>
     <span class='ocr_line' id='line_1_24' title="bbox 106 2373 1215 2458; baseline 0.001 -26"><span class='ocrx_word' id='word_1_176' title='bbox 106 2373 184 2449; x_wconf 87' lang='lat' dir='ltr'>lata,</span> <span class='ocrx_word' id='word_1_177' title='bbox 208 2373 317 2434; x_wconf 88' lang='lat' dir='ltr'>multis</span> <span class='ocrx_word' id='word_1_178' title='bbox 344 2373 601 2457; x_wconf 89' lang='lat' dir='ltr'>Metropolitanis</span> <span class='ocrx_word' id='word_1_179' title='bbox 618 2374 925 2457; x_wconf 82' lang='lat' dir='ltr'>pluribusqnealiis</span> <span class='ocrx_word' id='word_1_180' title='bbox 947 2374 1130 2458; x_wconf 90' lang='lat' dir='ltr'>Episcopis,</span> <span class='ocrx_word' id='word_1_181' title='bbox 1157 2373 1215 2456; x_wconf 92' lang='lat' dir='ltr'>qni</span> 
     </span>
     <span class='ocr_line' id='line_1_25' title="bbox 108 2457 1212 2534; baseline 0.005 -22"><span class='ocrx_word' id='word_1_182' title='bbox 108 2463 257 2516; x_wconf 84' lang='lat' dir='ltr'>auctores</span> <span class='ocrx_word' id='word_1_183' title='bbox 279 2457 430 2534; x_wconf 83' lang='lat' dir='ltr'>luerunt,</span> <span class='ocrx_word' id='word_1_184' title='bbox 462 2457 621 2531; x_wconf 87' lang='lat' dir='ltr'>recitatis,</span> <span class='ocrx_word' id='word_1_185' title='bbox 653 2457 867 2518; x_wconf 88' lang='lat' dir='ltr'>restitutionis</span> <span class='ocrx_word' id='word_1_186' title='bbox 890 2467 996 2518; x_wconf 87' lang='lat' dir='ltr'>autem</span> <span class='ocrx_word' id='word_1_187' title='bbox 1023 2457 1111 2517; x_wconf 88' lang='lat' dir='ltr'>illius</span> <span class='ocrx_word' id='word_1_188' title='bbox 1146 2478 1212 2518; x_wconf 90' lang='lat' dir='ltr'>nou</span> 
     </span>
     <span class='ocr_line' id='line_1_26' title="bbox 109 2527 1213 2619; baseline 0.001 -22"><span class='ocrx_word' id='word_1_189' title='bbox 109 2538 297 2614; x_wconf 79' lang='lat' dir='ltr'>canonicae,</span> <span class='ocrx_word' id='word_1_190' title='bbox 321 2538 417 2596; x_wconf 91' lang='lat' dir='ltr'>immo</span> <span class='ocrx_word' id='word_1_191' title='bbox 441 2559 501 2598; x_wconf 90' lang='lat' dir='ltr'>nec</span> <span class='ocrx_word' id='word_1_192' title='bbox 524 2538 724 2615; x_wconf 86' lang='lat' dir='ltr'>verisimilis,</span> <span class='ocrx_word' id='word_1_193' title='bbox 747 2539 857 2619; x_wconf 87' lang='lat' dir='ltr'>paucis</span> <span class='ocrx_word' id='word_1_194' title='bbox 883 2537 1053 2598; x_wconf 89' lang='lat' dir='ltr'>admodum</span> <span class='ocrx_word' id='word_1_195' title='bbox 1076 2527 1107 2598; x_wconf 68' lang='lat' dir='ltr'>it</span> <span class='ocrx_word' id='word_1_196' title='bbox 1133 2537 1213 2598; x_wconf 85' lang='lat' dir='ltr'>ulia-</span> 
     </span>
     <span class='ocr_line' id='line_1_27' title="bbox 107 2618 1215 2701; baseline 0.002 -23"><span class='ocrx_word' id='word_1_197' title='bbox 107 2641 182 2678; x_wconf 88' lang='lat' dir='ltr'>rum</span> <span class='ocrx_word' id='word_1_198' title='bbox 195 2619 365 2700; x_wconf 78' lang='lat' dir='ltr'>regionum</span> <span class='ocrx_word' id='word_1_199' title='bbox 380 2619 585 2682; x_wconf 89' lang='lat' dir='ltr'>Praesulibus</span> <span class='ocrx_word' id='word_1_200' title='bbox 599 2621 787 2682; x_wconf 86' lang='lat' dir='ltr'>nominatim</span> <span class='ocrx_word' id='word_1_201' title='bbox 805 2621 973 2701; x_wconf 80' lang='lat' dir='ltr'>expressis,</span> <span class='ocrx_word' id='word_1_202' title='bbox 990 2618 1108 2679; x_wconf 89' lang='lat' dir='ltr'>claruit</span> <span class='ocrx_word' id='word_1_203' title='bbox 1124 2640 1215 2700; x_wconf 87' lang='lat' dir='ltr'>prae·</span> 
     </span>
     <span class='ocr_line' id='line_1_28' title="bbox 109 2699 1213 2784; baseline 0 -24"><span class='ocrx_word' id='word_1_204' title='bbox 109 2701 211 2760; x_wconf 78' lang='lat' dir='ltr'>iatum</span> <span class='ocrx_word' id='word_1_205' title='bbox 228 2702 398 2762; x_wconf 87' lang='lat' dir='ltr'>Ebbouem</span> <span class='ocrx_word' id='word_1_206' title='bbox 420 2702 603 2784; x_wconf 87' lang='lat' dir='ltr'>episcopale</span> <span class='ocrx_word' id='word_1_207' title='bbox 627 2703 770 2765; x_wconf 85' lang='lat' dir='ltr'>officium</span> <span class='ocrx_word' id='word_1_208' title='bbox 790 2701 905 2762; x_wconf 90' lang='lat' dir='ltr'>illicite</span> <span class='ocrx_word' id='word_1_209' title='bbox 925 2699 1091 2783; x_wconf 84' lang='lat' dir='ltr'>repetisse,</span> <span class='ocrx_word' id='word_1_210' title='bbox 1114 2720 1213 2780; x_wconf 89' lang='lat' dir='ltr'>quos-</span> 
     </span>
     <span class='ocr_line' id='line_1_29' title="bbox 108 2781 1213 2864; baseline -0.001 -23"><span class='ocrx_word' id='word_1_211' title='bbox 108 2805 173 2863; x_wconf 88' lang='lat' dir='ltr'>que</span> <span class='ocrx_word' id='word_1_212' title='bbox 185 2785 334 2864; x_wconf 83' lang='lat' dir='ltr'>gradibus</span> <span class='ocrx_word' id='word_1_213' title='bbox 351 2784 573 2860; x_wconf 84' lang='lat' dir='ltr'>ecelesiasticis</span> <span class='ocrx_word' id='word_1_214' title='bbox 593 2787 775 2847; x_wconf 85' lang='lat' dir='ltr'>aestimatus</span> <span class='ocrx_word' id='word_1_215' title='bbox 791 2783 890 2843; x_wconf 87' lang='lat' dir='ltr'>suerit</span> <span class='ocrx_word' id='word_1_216' title='bbox 901 2781 1108 2864; x_wconf 83' lang='lat' dir='ltr'>promovisse,</span> <span class='ocrx_word' id='word_1_217' title='bbox 1128 2781 1213 2842; x_wconf 88' lang='lat' dir='ltr'>dam-</span> 
     </span>
     <span class='ocr_line' id='line_1_30' title="bbox 106 2865 1212 2945; baseline 0.001 -22"><span class='ocrx_word' id='word_1_218' title='bbox 106 2865 232 2924; x_wconf 87' lang='lat' dir='ltr'>nationi</span> <span class='ocrx_word' id='word_1_219' title='bbox 252 2867 360 2945; x_wconf 89' lang='lat' dir='ltr'>potius</span> <span class='ocrx_word' id='word_1_220' title='bbox 379 2867 534 2927; x_wconf 80' lang='lat' dir='ltr'>obnoxios</span> <span class='ocrx_word' id='word_1_221' title='bbox 554 2867 713 2929; x_wconf 88' lang='lat' dir='ltr'>effecisse:</span> <span class='ocrx_word' id='word_1_222' title='bbox 736 2866 943 2927; x_wconf 88' lang='lat' dir='ltr'>Hincmarum</span> <span class='ocrx_word' id='word_1_223' title='bbox 956 2873 1062 2926; x_wconf 88' lang='lat' dir='ltr'>autem</span> <span class='ocrx_word' id='word_1_224' title='bbox 1083 2883 1212 2924; x_wconf 88' lang='lat' dir='ltr'>succes·</span> 
     </span>
     <span class='ocr_line' id='line_1_31' title="bbox 102 2945 1210 3023; baseline -0.001 -16"><span class='ocrx_word' id='word_1_225' title='bbox 102 2969 212 3008; x_wconf 88' lang='lat' dir='ltr'>sorem</span> <span class='ocrx_word' id='word_1_226' title='bbox 237 2949 324 3023; x_wconf 88' lang='lat' dir='ltr'>eius,</span> <span class='ocrx_word' id='word_1_227' title='bbox 358 2949 521 3012; x_wconf 86' lang='lat' dir='ltr'>canonicis</span> <span class='ocrx_word' id='word_1_228' title='bbox 547 2949 768 3012; x_wconf 88' lang='lat' dir='ltr'>sanctionibus</span> <span class='ocrx_word' id='word_1_229' title='bbox 792 2957 884 3009; x_wconf 88' lang='lat' dir='ltr'>caute</span> <span class='ocrx_word' id='word_1_230' title='bbox 910 2971 946 3009; x_wconf 86' lang='lat' dir='ltr'>ac</span> <span class='ocrx_word' id='word_1_231' title='bbox 967 2945 1131 3010; x_wconf 87' lang='lat' dir='ltr'>subtiliter</span> <span class='ocrx_word' id='word_1_232' title='bbox 1152 2945 1210 3006; x_wconf 92' lang='lat' dir='ltr'>ob·</span> 
     </span>
     <span class='ocr_line' id='line_1_32' title="bbox 101 3028 1211 3114; baseline -0.004 -22"><span class='ocrx_word' id='word_1_233' title='bbox 101 3030 255 3106; x_wconf 70' lang='lat' dir='ltr'>servatis,</span> <span class='ocrx_word' id='word_1_234' title='bbox 280 3031 320 3090; x_wconf 90' lang='lat' dir='ltr'>ad</span> <span class='ocrx_word' id='word_1_235' title='bbox 346 3032 454 3090; x_wconf 85' lang='lat' dir='ltr'>sedem</span> <span class='ocrx_word' id='word_1_236' title='bbox 481 3032 667 3110; x_wconf 88' lang='lat' dir='ltr'>accessisse,</span> <span class='ocrx_word' id='word_1_237' title='bbox 692 3041 724 3092; x_wconf 90' lang='lat' dir='ltr'>et</span> <span class='ocrx_word' id='word_1_238' title='bbox 748 3040 877 3114; x_wconf 86' lang='lat' dir='ltr'>praeter</span> <span class='ocrx_word' id='word_1_239' title='bbox 898 3029 1026 3093; x_wconf 88' lang='lat' dir='ltr'>decreta</span> <span class='ocrx_word' id='word_1_240' title='bbox 1052 3028 1211 3090; x_wconf 90' lang='lat' dir='ltr'>maiorum</span> 
     </span>
     <span class='ocr_line' id='line_1_33' title="bbox 103 3110 1207 3197; baseline 0.002 -28"><span class='ocrx_word' id='word_1_241' title='bbox 103 3113 138 3170; x_wconf 90' lang='lat' dir='ltr'>in</span> <span class='ocrx_word' id='word_1_242' title='bbox 158 3111 221 3172; x_wconf 86' lang='lat' dir='ltr'>bac</span> <span class='ocrx_word' id='word_1_243' title='bbox 244 3122 332 3193; x_wconf 88' lang='lat' dir='ltr'>parte</span> <span class='ocrx_word' id='word_1_244' title='bbox 355 3110 437 3172; x_wconf 79' lang='lat' dir='ltr'>nihil</span> <span class='ocrx_word' id='word_1_245' title='bbox 465 3114 597 3175; x_wconf 86' lang='lat' dir='ltr'>omnino</span> <span class='ocrx_word' id='word_1_246' title='bbox 612 3113 745 3192; x_wconf 53' lang='lat' dir='ltr'>⁴moliri;</span> <span class='ocrx_word' id='word_1_247' title='bbox 768 3111 872 3190; x_wconf 86' lang='lat' dir='ltr'>(sicut</span> <span class='ocrx_word' id='word_1_248' title='bbox 894 3112 926 3172; x_wconf 90' lang='lat' dir='ltr'>in</span> <span class='ocrx_word' id='word_1_249' title='bbox 951 3113 1045 3197; x_wconf 80' lang='lat' dir='ltr'>gestis</span> <span class='ocrx_word' id='word_1_250' title='bbox 1068 3111 1207 3194; x_wconf 85' lang='lat' dir='ltr'>synoda-</span> 
     </span>
     <span class='ocr_line' id='line_1_34' title="bbox 99 3193 1206 3278; baseline 0.002 -26"><span class='ocrx_word' id='word_1_251' title='bbox 99 3193 190 3254; x_wconf 89' lang='lat' dir='ltr'>libus</span> <span class='ocrx_word' id='word_1_252' title='bbox 218 3194 334 3254; x_wconf 85' lang='lat' dir='ltr'>exinde</span> <span class='ocrx_word' id='word_1_253' title='bbox 360 3194 398 3254; x_wconf 89' lang='lat' dir='ltr'>ab</span> <span class='ocrx_word' id='word_1_254' title='bbox 423 3195 593 3278; x_wconf 86' lang='lat' dir='ltr'>Episcopis</span> <span class='ocrx_word' id='word_1_255' title='bbox 614 3195 758 3257; x_wconf 88' lang='lat' dir='ltr'>eiusdem</span> <span class='ocrx_word' id='word_1_256' title='bbox 776 3195 916 3258; x_wconf 89' lang='lat' dir='ltr'>Concilii</span> <span class='ocrx_word' id='word_1_257' title='bbox 940 3217 1029 3259; x_wconf 90' lang='lat' dir='ltr'>more</span> <span class='ocrx_word' id='word_1_258' title='bbox 1050 3194 1206 3256; x_wconf 86' lang='lat' dir='ltr'>canonico</span> 
     </span>
     <span class='ocr_line' id='line_1_35' title="bbox 103 3275 703 3362; baseline 0.005 -26"><span class='ocrx_word' id='word_1_259' title='bbox 103 3275 304 3362; x_wconf 85' lang='lat' dir='ltr'>confirmatis</span> <span class='ocrx_word' id='word_1_260' title='bbox 324 3276 454 3358; x_wconf 89' lang='lat' dir='ltr'>plenius</span> <span class='ocrx_word' id='word_1_261' title='bbox 478 3278 632 3340; x_wconf 88' lang='lat' dir='ltr'>edocetur</span> <span class='ocrx_word' id='word_1_262' title='bbox 653 3283 703 3355; x_wconf 85' lang='lat' dir='ltr'>a).</span> 
     </span>
    </p>
   </div>
   <div class='ocr_carea' id='block_1_5' title="bbox 104 3407 1206 3578">
    <p class='ocr_par' dir='ltr' id='par_1_5' title="bbox 104 3407 1206 3578">
     <span class='ocr_line' id='line_1_36' title="bbox 104 3407 1206 3493; baseline 0 -25"><span class='ocrx_word' id='word_1_263' title='bbox 104 3409 319 3486; x_wconf 68' lang='lat' dir='ltr'>(Herimanni</span> <span class='ocrx_word' id='word_1_264' title='bbox 345 3409 500 3493; x_wconf 82' lang='lat' dir='ltr'>Episcopi</span> <span class='ocrx_word' id='word_1_265' title='bbox 522 3411 728 3472; x_wconf 81' lang='lat' dir='ltr'>Ninernensis</span> <span class='ocrx_word' id='word_1_266' title='bbox 756 3407 917 3482; x_wconf 69' lang='lat' dir='ltr'>Ecclesia,</span> <span class='ocrx_word' id='word_1_267' title='bbox 946 3423 1085 3493; x_wconf 61' lang='lat' dir='ltr'>propter</span> <span class='ocrx_word' id='word_1_268' title='bbox 1105 3410 1206 3490; x_wconf 83' lang='lat' dir='ltr'>ipsius</span> 
     </span>
     <span class='ocr_line' id='line_1_37' title="bbox 164 3491 1142 3578; baseline -0.002 -28"><span class='ocrx_word' id='word_1_269' title='bbox 164 3491 404 3574; x_wconf 70' lang='lat' dir='ltr'>infirmitatem,</span> <span class='ocrx_word' id='word_1_270' title='bbox 438 3491 604 3554; x_wconf 84' lang='lat' dir='ltr'>Weniloni</span> <span class='ocrx_word' id='word_1_271' title='bbox 623 3493 866 3578; x_wconf 77' lang='lat' dir='ltr'>Arcisiepiseopo</span> <span class='ocrx_word' id='word_1_272' title='bbox 894 3491 1142 3567; x_wconf 84' lang='lat' dir='ltr'>commendata).</span> 
     </span>
    </p>
   </div>
   <div class='ocr_carea' id='block_1_6' title="bbox 101 3595 1205 4176">
    <p class='ocr_par' dir='ltr' id='par_1_6' title="bbox 101 3595 1205 4176">
     <span class='ocr_line' id='line_1_38' title="bbox 188 3595 1204 3662; baseline -0.002 -4"><span class='ocrx_word' id='word_1_273' title='bbox 188 3599 228 3660; x_wconf 88' lang='lat' dir='ltr'>ll.</span> <span class='ocrx_word' id='word_1_274' title='bbox 271 3600 475 3660; x_wconf 87' lang='lat' dir='ltr'>Postmodum</span> <span class='ocrx_word' id='word_1_275' title='bbox 495 3601 690 3662; x_wconf 81' lang='lat' dir='ltr'>venerabilis</span> <span class='ocrx_word' id='word_1_276' title='bbox 709 3598 893 3662; x_wconf 89' lang='lat' dir='ltr'>Wenilonis</span> <span class='ocrx_word' id='word_1_277' title='bbox 916 3595 1094 3658; x_wconf 89' lang='lat' dir='ltr'>Senonicae</span> <span class='ocrx_word' id='word_1_278' title='bbox 1116 3596 1204 3657; x_wconf 87' lang='lat' dir='ltr'>urbis</span> 
     </span>
     <span class='ocr_line' id='line_1_39' title="bbox 101 3676 1204 3764; baseline -0.004 -24"><span class='ocrx_word' id='word_1_279' title='bbox 101 3681 344 3762; x_wconf 87' lang='lat' dir='ltr'>metropolitani</span> <span class='ocrx_word' id='word_1_280' title='bbox 366 3682 517 3764; x_wconf 85' lang='lat' dir='ltr'>Episcopi</span> <span class='ocrx_word' id='word_1_281' title='bbox 547 3683 764 3764; x_wconf 78' lang='lat' dir='ltr'>suffraganeus</span> <span class='ocrx_word' id='word_1_282' title='bbox 787 3679 1002 3740; x_wconf 80' lang='lat' dir='ltr'>Nevernensis</span> <span class='ocrx_word' id='word_1_283' title='bbox 1027 3676 1204 3753; x_wconf 85' lang='lat' dir='ltr'>Ecclesiae,</span> 
     </span>
     <span class='ocr_line' id='line_1_40' title="bbox 102 3757 1205 3846; baseline -0.005 -24"><span class='ocrx_word' id='word_1_284' title='bbox 102 3762 234 3822; x_wconf 89' lang='lat' dir='ltr'>nomine</span> <span class='ocrx_word' id='word_1_285' title='bbox 257 3763 481 3840; x_wconf 87' lang='lat' dir='ltr'>Herimanuus,</span> <span class='ocrx_word' id='word_1_286' title='bbox 499 3785 557 3846; x_wconf 88' lang='lat' dir='ltr'>pro</span> <span class='ocrx_word' id='word_1_287' title='bbox 575 3765 642 3826; x_wconf 91' lang='lat' dir='ltr'>suis</span> <span class='ocrx_word' id='word_1_288' title='bbox 657 3763 848 3834; x_wconf 80' lang='lat' dir='ltr'>excessibus,</span> <span class='ocrx_word' id='word_1_289' title='bbox 866 3783 945 3842; x_wconf 87' lang='lat' dir='ltr'>qnos</span> <span class='ocrx_word' id='word_1_290' title='bbox 964 3757 1122 3838; x_wconf 87' lang='lat' dir='ltr'>corporali</span> <span class='ocrx_word' id='word_1_291' title='bbox 1139 3779 1205 3817; x_wconf 89' lang='lat' dir='ltr'>mo·</span> 
     </span>
     <span class='ocr_line' id='line_1_41' title="bbox 101 3841 1203 3924; baseline -0.005 -21"><span class='ocrx_word' id='word_1_292' title='bbox 101 3845 193 3906; x_wconf 86' lang='lat' dir='ltr'>lestia</span> <span class='ocrx_word' id='word_1_293' title='bbox 211 3867 305 3924; x_wconf 85' lang='lat' dir='ltr'>saepe</span> <span class='ocrx_word' id='word_1_294' title='bbox 325 3846 492 3906; x_wconf 88' lang='lat' dir='ltr'>dicebatur</span> <span class='ocrx_word' id='word_1_295' title='bbox 513 3846 696 3922; x_wconf 86' lang='lat' dir='ltr'>admittere,</span> <span class='ocrx_word' id='word_1_296' title='bbox 718 3869 733 3904; x_wconf 86' lang='lat' dir='ltr'>a</span> <span class='ocrx_word' id='word_1_297' title='bbox 756 3844 872 3906; x_wconf 90' lang='lat' dir='ltr'>sanctis</span> <span class='ocrx_word' id='word_1_298' title='bbox 897 3841 1103 3904; x_wconf 88' lang='lat' dir='ltr'>Praesulibus</span> <span class='ocrx_word' id='word_1_299' title='bbox 1133 3861 1203 3899; x_wconf 92' lang='lat' dir='ltr'>mo·</span> 
     </span>
     <span class='ocr_line' id='line_1_42' title="bbox 103 3927 1202 4009; baseline -0.005 -23"><span class='ocrx_word' id='word_1_300' title='bbox 103 3927 191 3988; x_wconf 78' lang='lat' dir='ltr'>deste</span> <span class='ocrx_word' id='word_1_301' title='bbox 215 3937 248 3987; x_wconf 88' lang='lat' dir='ltr'>et</span> <span class='ocrx_word' id='word_1_302' title='bbox 262 3928 378 3988; x_wconf 89' lang='lat' dir='ltr'>acriter</span> <span class='ocrx_word' id='word_1_303' title='bbox 397 3928 579 4009; x_wconf 89' lang='lat' dir='ltr'>increpatus</span> <span class='ocrx_word' id='word_1_304' title='bbox 605 3938 668 4004; x_wconf 89' lang='lat' dir='ltr'>est,</span> <span class='ocrx_word' id='word_1_305' title='bbox 697 3928 785 4009; x_wconf 91' lang='lat' dir='ltr'>quod</span> <span class='ocrx_word' id='word_1_306' title='bbox 805 3927 894 4008; x_wconf 90' lang='lat' dir='ltr'>prius</span> <span class='ocrx_word' id='word_1_307' title='bbox 917 3927 1106 4003; x_wconf 85' lang='lat' dir='ltr'>frequenter</span> <span class='ocrx_word' id='word_1_308' title='bbox 1129 3943 1202 3982; x_wconf 92' lang='lat' dir='ltr'>cor-</span> 
     </span>
     <span class='ocr_line' id='line_1_43' title="bbox 102 4001 1202 4092; baseline -0.007 -25"><span class='ocrx_word' id='word_1_309' title='bbox 102 4019 213 4090; x_wconf 89' lang='lat' dir='ltr'>reptus</span> <span class='ocrx_word' id='word_1_310' title='bbox 234 4009 350 4070; x_wconf 89' lang='lat' dir='ltr'>Ordini</span> <span class='ocrx_word' id='word_1_311' title='bbox 371 4009 580 4073; x_wconf 87' lang='lat' dir='ltr'>sacratissimo</span> <span class='ocrx_word' id='word_1_312' title='bbox 595 4009 829 4092; x_wconf 82' lang='lat' dir='ltr'>perseverantia</span> <span class='ocrx_word' id='word_1_313' title='bbox 847 4007 1015 4086; x_wconf 82' lang='lat' dir='ltr'>levitatum</span> <span class='ocrx_word' id='word_1_314' title='bbox 1031 4001 1134 4064; x_wconf 87' lang='lat' dir='ltr'>adhuc</span> <span class='ocrx_word' id='word_1_315' title='bbox 1155 4003 1202 4061; x_wconf 91' lang='lat' dir='ltr'>in-</span> 
     </span>
     <span class='ocr_line' id='line_1_44' title="bbox 102 4085 1204 4176; baseline -0.004 -27"><span class='ocrx_word' id='word_1_316' title='bbox 102 4089 216 4150; x_wconf 88' lang='lat' dir='ltr'>iuriam</span> <span class='ocrx_word' id='word_1_317' title='bbox 238 4093 368 4152; x_wconf 80' lang='lat' dir='ltr'>faceret.</span> <span class='ocrx_word' id='word_1_318' title='bbox 407 4093 449 4154; x_wconf 91' lang='lat' dir='ltr'>Et</span> <span class='ocrx_word' id='word_1_319' title='bbox 471 4090 504 4151; x_wconf 93' lang='lat' dir='ltr'>in</span> <span class='ocrx_word' id='word_1_320' title='bbox 523 4092 705 4176; x_wconf 85' lang='lat' dir='ltr'>praeseutia</span> <span class='ocrx_word' id='word_1_321' title='bbox 724 4091 884 4175; x_wconf 88' lang='lat' dir='ltr'>Principis</span> <span class='ocrx_word' id='word_1_322' title='bbox 902 4085 1120 4150; x_wconf 86' lang='lat' dir='ltr'>infirmitatem</span> <span class='ocrx_word' id='word_1_323' title='bbox 1133 4105 1204 4168; x_wconf 88' lang='lat' dir='ltr'>pas·</span> 
     </span>
    </p>
   </div>
   <div class='ocr_carea' id='block_1_7' title="bbox 158 4277 545 4344">
    <p class='ocr_par' dir='ltr' id='par_1_7' title="bbox 158 4277 545 4344">
     <span class='ocr_line' id='line_1_45' title="bbox 158 4277 545 4344; baseline 0.018 -17"><span class='ocrx_word' id='word_1_324' title='bbox 158 4279 192 4344; x_wconf 84' lang='lat' dir='ltr'>a)</span> <span class='ocrx_word' id='word_1_325' title='bbox 226 4278 339 4329; x_wconf 83' lang='lat' dir='ltr'>Desunt</span> <span class='ocrx_word' id='word_1_326' title='bbox 352 4279 382 4330; x_wconf 88' lang='lat' dir='ltr'>in</span> <span class='ocrx_word' id='word_1_327' title='bbox 402 4295 457 4330; x_wconf 90' lang='lat' dir='ltr'>uno</span> <span class='ocrx_word' id='word_1_328' title='bbox 476 4277 545 4334; x_wconf 82' lang='lat' dir='ltr'>cod.</span> 
     </span>
    </p>
   </div>
   <div class='ocr_carea' id='block_1_8' title="bbox 0 0 1398 4980">
    <p class='ocr_par' dir='ltr' id='par_1_8' title="bbox 0 0 1398 4980">
     <span class='ocr_line' id='line_1_46' title="bbox 0 0 1398 4980; baseline 0 0"><span class='ocrx_word' id='word_1_329' title='bbox 0 0 1398 4980; x_wconf 95' lang='lat' dir='ltr'> </span> 
     </span>
    </p>
   </div>
  </div>
 </body>
</html>
