2712 4992
154 289 226 360 sot
483 303 666 360 mansuum
695 305 940 360 nonnunaunn

152 451 370 509 reserventur.
399 441 502 522 Quam
522 443 792 528 praeceptionem,
809 454 847 508 ut
859 444 982 508 firmior
993 445 1159 527 habeatur,
1183 467 1257 534 pro·

151 532 222 615 pria
248 549 347 588 manu
373 527 626 610 subscripsimus.

150 665 307 746 Prologus
327 659 367 723 de
394 661 486 741 Regis
515 656 649 732 iudicio,
680 681 750 722 cum
774 659 815 802 εἷο
844 681 955 742 magua
981 681 1017 723 re
1042 657 1106 724 duo
1131 681 1258 722 causan·

619 755 672 804 tur
701 746 805 810 simu.

231 859 339 927 XXV.
381 856 443 920 Cui
470 857 629 918 Dominus
657 858 792 941 regendi
815 879 924 919 curam
943 855 1128 934 committit,
1162 878 1247 918 cunc

148 955 256 1008 torum
277 941 381 1026 iurgia
405 941 555 1022 diligenti
582 940 817 1002 examinatione
840 940 949 1001 rimari
971 949 1109 1022 oportet,
1131 947 1167 998 ut
1189 941 1258 1000 iux·

146 1039 179 1090 ta
208 1025 444 1110 propositiones
467 1025 519 1085 vel
538 1023 764 1105 responsiones
785 1023 929 1104 alloquia
956 1023 1042 1083 inter
1065 1024 1256 1082 alterutrum

147 1111 284 1176 salubris
308 1109 448 1170 donetur
474 1107 653 1176 sententia;
683 1128 749 1188 quo
777 1106 832 1166 liat
851 1114 886 1165 ut
909 1115 941 1166 et
967 1105 1067 1165 nodos
1090 1127 1256 1165 cansarum

146 1193 267 1258 vivacis
291 1191 407 1253 mentis
432 1211 566 1250 acumen
595 1196 759 1268 co'e'rceat,
788 1198 821 1250 et
846 1185 905 1248 ubi
933 1188 1100 1271 praelucet
1122 1189 1254 1265 iustitia,

147 1279 228 1338 illuc
248 1296 391 1358 gressum
408 1271 648 1334 deliberationis
668 1272 820 1354 imponat.
860 1272 947 1352 Ergo
967 1293 1041 1332 cum
1064 1293 1120 1331 nos
1136 1271 1170 1329 iu
1193 1273 1254 1331 Dei

148 1359 279 1420 nomine
305 1359 350 1419 ibi
373 1355 406 1416 in
432 1355 551 1438 palatio
578 1362 687 1416 nostro
712 1354 752 1415 ad
775 1353 1004 1414 universorum
1033 1375 1142 1414 causas
1164 1364 1254 1414 recto

147 1443 270 1503 iudicio
296 1439 510 1503 terminandas
537 1458 601 1496 una
633 1459 707 1497 cum
738 1435 872 1497 Domnis
898 1445 930 1498 et
957 1436 1101 1519 patribus
1137 1437 1253 1498 nostris

144 1523 324 1606 Episcopus,
350 1525 401 1587 vel
429 1543 503 1582 cnm
528 1519 675 1602 pluribus
697 1518 912 1602 Optimatibus
934 1519 1051 1580 nostris
1077 1519 1162 1594 illis,
1190 1521 1253 1580 Pa-

144 1608 248 1670 tribus
276 1608 353 1686 illis,
374 1602 613 1667 Referendariis
636 1601 713 1676 illis,
733 1601 925 1663 Domesticis
951 1601 1034 1679 illis,
1062 1602 1115 1662 vel
1143 1601 1253 1662 senis-

144 1691 242 1754 calcis
267 1688 344 1767 illis,
369 1685 595 1762 cubiculariis,
624 1693 656 1746 et
686 1684 743 1745 illo
773 1684 898 1746 Gemite
929 1683 1066 1768 palatii,
1095 1684 1148 1745 vel
1173 1685 1254 1744 reli-

143 1774 218 1859 quis
252 1769 498 1855 quampluribus
532 1767 647 1828 nostris
675 1767 843 1829 Fidelibus
877 1769 1089 1829 resideremus
1099 1790 1108 1839 ;
1141 1765 1254 1848 ibique
1341 1777 1342 1798 ¹

143 1856 280 1921 veniens
303 1855 361 1917 ille
383 1854 478 1914 illum
499 1849 731 1934 interpellavit,
762 1872 837 1912 cum
865 1851 996 1913 diceret.
1037 1851 1080 1910 Et
1116 1858 1253 1910 caetera.

339 1982 507 2045 Iudicqus
528 1981 784 2044 commonitorius
804 1981 850 2044 ud
867 1981 1067 2068 Episcopum.

227 2099 350 2164 xxvl.
404 2097 544 2160 Domino
580 2104 690 2159 sancto
727 2104 759 2158 et
792 2097 966 2179 apostolica
999 2097 1076 2160 sede
1112 2096 1250 2159 colendo

142 2185 270 2247 Domno
291 2190 324 2244 ct
345 2182 379 2241 in
399 2181 532 2243 Christo
555 2180 636 2263 patri
662 2180 713 2240 illi
734 2180 893 2262 Episcopo
921 2181 978 2242 ille
1008 2181 1088 2242 Rex.
1128 2181 1249 2241 Fidelis

141 2269 212 2329 Deo
237 2265 380 2348 propitio
414 2273 522 2326 noster
544 2263 601 2324 ille
635 2263 674 2322 ad
703 2265 915 2347 praesentiam
946 2270 1087 2325 nostram
1116 2264 1248 2326 veniens

140 2348 298 2432 suggessit
322 2347 413 2410 sachis
446 2368 485 2408 eo
513 2345 602 2428 quod
632 2345 710 2405 villa
742 2346 904 2427 aliquante
936 2355 1144 2427 nuncupante
1171 2347 1246 2422 illa,

139 2454 224 2514 quae
247 2430 287 2491 ad
308 2451 382 2492 eum
406 2430 446 2492 de
474 2438 564 2512 parte
586 2427 673 2489 illins
694 2428 866 2510 pervenire
895 2430 1066 2506 debuerat,
1099 2437 1170 2512 post
1193 2449 1246 2490 vos

137 2513 305 2576 retineatis
334 2513 500 2591 indebite,
530 2520 562 2572 et
588 2512 711 2572 nullam
740 2510 893 2570 iustitiam
922 2511 1160 2573 vobiscnm'ob
1187 2511 1246 2570 hoc

137 2597 238 2682 possit
258 2601 481 2678 consequere'
511 2596 685 2675 Propterea
707 2604 907 2677 praesentem
927 2594 1112 2656 ludiculum
1132 2595 1172 2656 ad
1197 2614 1245 2654 co·

137 2703 252 2742 ronam
272 2677 483 2740 beatitudinis
503 2685 626 2738 vestrae
654 2676 840 2752 direximus,
870 2685 906 2738 ut
930 2686 962 2738 et
981 2699 1039 2760 pro
1062 2677 1154 2738 nobis
1176 2697 1245 2736 ora-

136 2785 173 2826 re
194 2764 348 2840 debeatis,
371 2770 404 2823 et
420 2760 446 2823 si
465 2760 573 2820 taliter
590 2759 706 2842 agitur,
728 2761 891 2822 antedicto
913 2761 971 2821 illo
993 2760 1032 2820 de
1052 2757 1244 2843 suprascrip-

136 2853 170 2906 ta
190 2845 269 2907 villa
299 2845 425 2927 legibus
451 2841 605 2905 revestire
629 2841 764 2904 faciatis.
815 2845 911 2904 Certe
939 2842 965 2906 si
994 2842 1181 2920 nolueritis,
1212 2848 1244 2899 et

136 2928 263 3008 aliquid
278 2936 391 2988 contra
411 2927 473 2987 hoc
492 2924 669 2987 habueritis
690 2946 863 3008 opponere,
879 2924 1064 3007 vosmetipsi
1082 2923 1242 3007 perhanc

137 3009 328 3073 ludiculum
345 3007 544 3085 commoniti,
559 3017 614 3068 aut
632 3009 746 3070 Missus
768 3009 802 3068 in
827 3003 964 3091 persona
983 3016 1089 3069 vestra
1110 3008 1241 3067 iustrue-

137 3103 201 3169 tus,
224 3113 312 3152 nunc
334 3091 375 3153 ad
406 3100 546 3152 nostram
573 3091 711 3154 veniatis
737 3093 966 3175 praesentiam,
997 3090 1100 3175 ipsius
1128 3091 1176 3152 tui
1201 3087 1240 3148 ad

137 3177 200 3238 boc
223 3175 330 3236 dando
351 3195 551 3257 responsum.

220 3303 303 3365 Item
325 3301 489 3363 Iudiculus
503 3299 549 3362 ad
567 3300 757 3386 Episcopum
774 3319 835 3382 pro
849 3301 913 3363 ulio
934 3302 1162 3392 distringendu

219 3418 356 3482 XXVII.
398 3417 537 3478 Domino
560 3426 675 3479 sancto
697 3426 729 3478 et
756 3418 932 3500 apostolico
954 3421 1081 3481 Domno
1105 3429 1137 3482 et
1158 3417 1234 3502 patri

135 3503 185 3565 illi
198 3503 359 3585 Episcopo
377 3501 433 3562 ille
455 3502 533 3561 Rex.
576 3501 720 3564 Veniens
742 3499 799 3560 ille
816 3501 856 3560 ad
876 3505 1087 3583 praesentiam
1103 3515 1234 3564 nostram

134 3588 292 3670 suggessit
312 3583 402 3665 quasi
426 3583 515 3644 Abba
539 3591 663 3661 vester,
686 3589 741 3642 ant
761 3583 924 3662 Clericus,
947 3586 1001 3646 vel
1021 3586 1117 3647 homo
1135 3595 1235 3648 vester

134 3671 203 3744 ille,
226 3670 331 3728 eidem
350 3689 441 3728 servo
471 3687 529 3728 suo
554 3687 613 3747 per
633 3665 762 3726 fortiam
783 3665 919 3745 tulisset,
942 3670 996 3730 vel
1015 3677 1086 3751 post
1106 3691 1139 3730 se
1157 3666 1232 3728 reti-

134 3758 210 3813 neat
231 3751 370 3821 iniuste,
405 3760 437 3808 et
463 3749 555 3809 nulla
582 3749 702 3811 iustitia
731 3770 805 3808 cum
833 3750 946 3810 eodem
974 3773 1014 3812 ex
1039 3751 1102 3812 hoc
1124 3769 1231 3812 conse-

133 3856 234 3918 quere
256 3831 364 3916 possit,
406 3833 579 3912 Propterea
602 3841 803 3912 praesentem
825 3831 1009 3894 ludiculum
1030 3835 1070 3896 ad
1094 3832 1232 3895 sanctita·

132 3928 198 3981 tem
216 3925 353 3978 vestram
374 3914 559 3990 direximus,
582 3935 757 3994 perquem
786 3915 923 3997 petimus
944 3925 980 3977 ut
1008 3926 1040 3978 et
1059 3940 1118 4001 pro
1145 3913 1230 3976 uobis

133 4021 225 4064 orare
249 3997 399 4082 dignetis,
429 4006 461 4057 et
486 3996 511 4057 si
535 3997 643 4056 taliter
668 3997 782 4078 agitur,
812 3997 880 4079 ipso
905 3998 1025 4062 Abbate
1053 4009 1156 4062 vestro
1179 4002 1229 4056 aut

133 4083 263 4147 Clerico
292 4081 536 4164 praesentaliter
564 4079 788 4160 constringatis
823 4081 964 4162 qualiter
986 4083 1012 4144 si
1041 4083 1087 4143 ita
1120 4082 1226 4164 agitur,

130 4169 215 4228 hauc
241 4186 368 4226 causam
387 4172 497 4224 eontra
521 4161 672 4224 iamdicto
687 4161 746 4222 illo
770 4163 894 4246 legibus
915 4166 1042 4227 studeat
1055 4166 1227 4228 emendare.

132 4255 227 4314 Certe
251 4248 277 4309 si
305 4245 459 4326 notuerit,
483 4256 515 4308 et
540 4245 666 4328 aliquid
691 4255 802 4308 contra
827 4245 887 4308 hoc
905 4247 1057 4312 habuerit
1076 4249 1161 4332 quod
1178 4267 1226 4331 op·
