2712 4992
181 293 256 368 376
619 281 825 368 rouuume
858 326 864 340 ·

182 451 344 515 deberem.
402 449 488 512 Ecce
510 445 609 531 ipsam
636 447 863 522 donationem
898 449 1007 514 iubete
1040 461 1108 513 eam
1138 455 1269 523 recitari.

182 531 386 598 Venerabilis
405 531 456 593 vir
481 530 537 592 ille
560 531 709 596 defensor
732 540 765 592 ct
788 533 866 594 ordo
889 534 998 593 curiae
1023 533 1186 600 dixerunt:
1205 541 1269 600 Co·

181 617 270 679 dices
292 613 414 699 publici
442 623 473 674 te
498 615 701 695 patefaciant,
741 624 774 676 et
799 616 856 676 ille
881 617 1082 676 amanuensis
1106 617 1187 680 hanc
1213 621 1268 680 do-

182 699 344 759 nationem
371 695 506 780 accipiat
535 697 585 756 vel
618 699 782 761 recitetur.
823 697 890 773 Qui
907 696 1011 758 statim
1032 699 1199 782 accipiens,
1216 725 1269 784 per

181 781 329 842 ordinem
360 801 429 840 eum
459 779 614 840 recitavit.
674 781 740 840 lam
770 779 873 840 dictus
901 790 1102 862 prosecutori
1130 783 1171 842 Et
1197 785 1269 864 quia

180 864 356 945 petitiones
385 882 472 922 areas
499 860 700 924 laudabilitas
730 872 834 924 vestra
872 883 931 944 per
960 861 1107 924 ordinem
1143 864 1267 946 implere

180 946 310 1026 dignata
333 953 391 1020 est,
418 965 497 1026 rogo
518 953 555 1004 ut
575 941 703 1026 publica
728 953 934 1006 monumenta
955 943 1116 1026 suscipiat.
1155 947 1195 1007 Et
1214 970 1266 1028 pa-

179 1027 306 1088 tefactis
334 1026 498 1088 codicibus
510 1069 520 1104 ,
541 1037 627 1106 gesta
646 1048 720 1088 cnm
743 1026 762 1086 t
782 1025 871 1087 vobis
889 1025 989 1086 fuerit
1012 1026 1195 1106 subscripta,
1216 1029 1267 1088 mi·

180 1107 217 1169 bi
246 1107 396 1170 nobilitas
418 1117 533 1185 vestra,
555 1117 591 1167 ut
613 1129 681 1169 mos
709 1118 773 1183 est,
798 1108 880 1169 tradi
904 1107 1088 1190 praecipiat.
1129 1109 1266 1171 Venera-

178 1191 256 1254 bilis
284 1193 336 1253 vir
361 1191 418 1251 ille
441 1191 591 1252 defensor
611 1199 643 1252 et
662 1191 741 1252 ordo
764 1190 871 1252 curiae
894 1190 1061 1252 dixerunt:
1084 1191 1175 1253 Gesta
1197 1215 1267 1254 cum

180 1274 200 1335 ὲ
227 1275 320 1336 nobis
340 1271 439 1334 fuerit
459 1271 654 1355 subscripta,
686 1282 719 1333 et
748 1272 766 1334 b
800 1272 976 1334 venerabili
1009 1271 1080 1332 viro
1109 1273 1166 1333 illo
1186 1297 1265 1334 ama-

180 1377 305 1418 nuense
332 1355 433 1431 edita,
462 1354 518 1414 tibi
547 1355 691 1416 tradunr
716 1375 757 1417 ex
777 1375 876 1431 more,
906 1364 943 1414 ut
963 1355 1090 1414 facilius
1111 1357 1193 1436 quod
1214 1379 1265 1416 su-

178 1439 288 1523 perius
315 1437 469 1500 insertum
492 1445 539 1499 est
565 1437 718 1499 diuturno
741 1447 882 1520 tempore
908 1445 1035 1498 maneat
1059 1437 1247 1514 inconvulsa.

670 1563 785 1628 Cassio.

262 1681 320 1750 lV.
362 1682 493 1744 Latores
523 1681 631 1764 legum
661 1689 838 1742 sanxerunt
860 1690 896 1742 ut
918 1681 1077 1764 quicquid
1108 1683 1268 1764 uuusquis-

180 1787 247 1850 que
267 1766 359 1828 alteri
386 1763 527 1841 cesserit,
554 1762 738 1844 profiteatur
760 1783 793 1824 se
816 1773 940 1824 tantum
966 1785 1036 1826 rem
1061 1767 1198 1844 cessisse,
1218 1767 1267 1826 rel

181 1847 328 1925 concedi,
357 1857 389 1910 et
414 1849 481 1908 sola
511 1847 659 1908 voluntas
688 1845 775 1907 illius
802 1855 857 1906 aut
879 1845 1036 1927 scriptura
1063 1858 1119 1908 aut
1142 1848 1267 1908 testibus
1351 1877 1352 1886 ¹

180 1931 382 2012 comprobata
404 1951 464 2011 pro
486 1927 574 1988 omni
600 1925 746 1988 firmitate
767 1926 910 1988 sufficiat.
952 1929 1054 2010 lgitur
1069 1951 1128 2012 ego
1149 1931 1182 1989 iu
1210 1931 1268 1990 Dei

180 2013 311 2074 nomine
348 2011 405 2071 ille
435 2010 522 2070 fideli
553 2019 662 2070 nostro
692 2008 751 2068 illo
783 2009 863 2070 cedo
888 2007 946 2070 tibi
972 2013 989 2070 al
1021 2011 1075 2071 die
1106 2020 1267 2090 praesente

177 2115 366 2175 cessumque
392 2098 425 2152 in
444 2100 635 2174 perpetuum
653 2111 722 2152 esse
741 2091 824 2166 volo,
844 2089 907 2152 hoc
927 2101 984 2167 est,
1002 2091 1078 2156 villa
1101 2093 1179 2153 iuris
1200 2113 1269 2152 nos·

178 2178 222 2235 tri
245 2183 451 2256 nuncupante
476 2174 532 2236 illa
557 2174 615 2234 sita
639 2173 671 2231 in
694 2194 774 2255 pago
797 2173 867 2249 illo,
890 2173 924 2233 in
955 2175 1083 2236 condita
1105 2175 1269 2252 illa,'cum

178 2257 285 2334 terris,
309 2256 485 2334 aediliciis,
514 2256 692 2333 accolabus,
715 2253 899 2338 mancipiis,
920 2255 1060 2334 libertis,
1081 2257 1198 2331 vineis,
1218 2256 1269 2315 sil·

180 2336 240 2415 vis,
268 2337 549 2422 pratis,'pascuis,
578 2337 686 2420 aquis,
716 2357 910 2416 aquarumve
936 2337 1138 2415 decursibus,
1167 2337 1269 2398 mobi-

175 2421 264 2484 libus
288 2430 320 2481 et
340 2419 565 2495 immobilibus,
586 2441 660 2480 cum
681 2420 829 2480 omnibus
852 2417 1049 2501 appendiciis
1075 2421 1202 2502 suisque
1218 2419 1270 2478 ad-

178 2503 339 2579 iacentiis,
365 2524 439 2565 cum
465 2503 551 2562 omni
570 2501 769 2582 supraposito
791 2500 843 2562 vel
868 2501 1023 2582 quicquid
1050 2501 1083 2560 in
1107 2502 1270 2563 iamdicto

179 2586 252 2647 loco
278 2585 296 2646 t
325 2585 377 2648 die
406 2594 572 2667 praesente
596 2593 706 2646 tenere
738 2593 771 2642 et
800 2584 962 2664 possidere
993 2583 1127 2654 videor;
1166 2585 1209 2644 ita
1236 2591 1270 2643 ut

173 2668 338 2750 ,quicquid
364 2667 480 2730 exinde
501 2667 607 2726 facere
636 2664 788 2743 volueris,
812 2665 881 2724 iure
907 2665 1118 2746 proprietario
1137 2666 1271 2726 liberam

178 2759 213 2810 et
240 2749 449 2812 firmissimam
477 2745 510 2808 in
538 2746 685 2807 omnibus
714 2747 830 2808 babeas
854 2755 1057 2827 potestatem:
1089 2749 1163 2827 quia
1186 2747 1269 2806 malo

177 2830 241 2894 boc
268 2841 300 2894 te
329 2832 447 2892 habere
468 2851 564 2912 quam
587 2849 654 2906 me,
675 2829 748 2910 plus
772 2837 804 2889 te
829 2851 924 2910 quam
945 2829 1080 2890 caeteris
1101 2831 1269 2893 heredibus
1350 2883 1351 2902 ,

178 2913 266 2980 meis.
306 2914 349 2976 Et
373 2913 400 2976 si
422 2912 537 2986 fuerit,
559 2919 614 2971 aut
639 2932 698 2991 ego
727 2910 892 2993 ipse,'aut
915 2912 1002 2972 ullus
1030 2913 1071 2972 de
1093 2911 1268 2972 heredibus

177 2997 276 3068 meis,
300 2996 353 3058 vel
384 2993 537 3078 quislibet
568 3013 720 3075 persona,
748 2991 806 3073 qui
834 3001 946 3054 contra
980 2992 1064 3052 hanc
1093 2994 1267 3055 cessionem

175 3077 302 3160 aliquid
334 3079 493 3159 refragare
523 3075 576 3137 rel
605 3073 797 3135 calumniam
821 3095 974 3156 generare
1007 3075 1266 3156 praesumpserit,

175 3160 261 3222 illud
281 3161 369 3241 quod
389 3157 505 3242 repetit
525 3178 590 3218 uon
617 3157 776 3232 vindicet,
812 3166 846 3218 et
868 3156 999 3237 insuper
1025 3167 1135 3216 contra
1156 3157 1209 3216 cui
1234 3156 1268 3215 li·

174 3253 241 3305 tem
261 3241 419 3317 intulerit,
441 3262 507 3300 una
529 3261 602 3300 cnm
625 3238 711 3300 socio
743 3238 829 3316 fiseo,
858 3237 975 3298 inserat
1001 3238 1120 3299 solidos
1148 3248 1265 3314 tantus,

175 3333 208 3386 et
227 3324 307 3385 haec
332 3325 433 3386 cessio
459 3321 537 3384 meis
559 3321 611 3382 vel
641 3320 799 3380 bonorum
821 3319 987 3380 hominum
1008 3321 1153 3382 manibus
1174 3322 1265 3380 robo-

173 3415 253 3484 rata,
278 3427 352 3468 cum
375 3403 582 3488 stipulatione
605 3403 757 3481 subnixa,
793 3401 947 3463 diuturno
975 3415 1115 3488 tempore
1144 3412 1265 3465 maneat

172 3488 373 3557 inconvulsa.
414 3488 538 3551 Actum.

635 3615 794 3684 Venditis.

253 3736 294 3797 V.
335 3730 506 3816 Magnifico
535 3731 627 3793 fratri
652 3730 728 3810 illc,
759 3751 818 3813 ego
847 3729 914 3798 ille.
966 3732 1097 3792 Constat
1129 3752 1180 3790 me
1208 3731 1260 3791 tibi

169 3817 366 3891 vendidisse,
388 3826 420 3878 et
442 3816 486 3876 ita
507 3812 651 3892 vendidi,
672 3834 740 3874 rem
767 3812 971 3895 proprietatis
998 3835 1097 3891 meae,
1119 3815 1212 3874 sitam
1230 3813 1260 3872 in

167 3919 250 3984 pago
272 3900 342 3975 illo,
364 3898 398 3958 in
421 3897 550 3962 condita
571 3896 639 3974 illa,
662 3895 695 3955 in
714 3894 786 3956 loco
808 3904 1014 3977 nuncupante
1034 3895 1190 3981 illo,quni
1206 3905 1261 3956 ter·
1349 3939 1350 3968 2

167 3983 223 4059 ris,
246 3981 423 4058 aediliciis,
445 3979 632 4055 accolabus,
653 3975 836 4060 mancipiis,
858 3977 1002 4056 libertis,
1022 3977 1145 4052 vineis,
1167 3977 1258 4054 silvis,
1349 3973 1350 3990 ¹

165 4064 276 4146 pratis,
297 4062 436 4144 pascuis,
459 4061 560 4144 aquis,
582 4081 774 4141 aquarumve
795 4059 993 4130 decursibus,
1015 4059 1204 4136 mobilibus,
1233 4069 1259 4119 et

166 4144 406 4222 immobilibus,
427 4153 529 4206 totum
555 4154 588 4203 et
617 4143 657 4202 ad
678 4142 839 4222 integrum
859 4162 933 4201 curn
948 4143 1094 4202 omnibus
1114 4141 1256 4224 appendi-

166 4229 225 4292 ciis
246 4229 301 4292 rel
321 4226 508 4318 adiacentiis
530 4225 595 4288 suis
621 4224 673 4287 vel
702 4224 790 4286 omni
818 4224 1034 4310 supraposito,
1066 4225 1152 4290 sicut
1174 4225 1254 4288 ime
1349 4247 1350 4272 t
