2658 4978
180 251 249 324 176
394 267 525 318 acaia.
633 259 874 324 'erraremus
973 273 1030 330 aro.

177 430 273 470 carne
295 408 379 468 idem
395 406 617 468 llludouvicus
634 411 705 489 pius
720 409 882 487 Augustus
902 409 1055 492 originem
1082 414 1168 476 duxit
1191 442 1247 480 car·

177 492 246 570 uis,
268 503 301 552 et
317 513 334 548 a
349 488 513 569 Stephano
529 491 614 572 Papa
639 493 782 551 Romano
802 500 875 552 ante
905 502 1029 555 sanctae
1044 495 1102 561 Dei
1130 501 1247 578 genitri-

177 574 222 636 cis
244 585 276 634 et
295 590 421 652 semper
440 570 576 652 virginis
590 574 709 634 Mariae
734 572 833 634 altare
859 575 966 636 Remis
990 577 1021 636 in
1046 575 1250 659 Imperatorem

176 665 224 716 est
245 664 433 728 coronatus,
464 662 496 712 et
516 653 644 716 demum
667 656 806 718 factione
827 657 1036 738 quorumdam
1055 667 1179 722 terreno
1198 663 1249 724 im-

118 805 123 818 ,
175 739 267 819 perio
301 735 492 808 destitutus,
525 737 556 795 in
581 738 776 819 praedictam
801 739 894 820 regui
915 751 1037 820 partem
1064 741 1250 806 unanimitate

173 821 406 904 Episcoporum
426 826 457 878 et
477 817 581 881 fidelis
606 821 718 900 populi
745 829 819 881 aute
843 822 1051 902 sepulchrum
1076 826 1170 885 saneti
1188 827 1252 886 Dio-

174 902 255 986 uysii
272 901 380 963 eximii
397 901 560 983 martyris,
582 903 746 964 Ecclesiae
763 913 890 964 sanctae
912 914 960 964 est
988 905 1143 976 redditus;
1173 916 1202 968 et
1223 909 1251 968 in

173 986 233 1046 lrac
261 985 373 1058 domo,
409 993 483 1044 ante
506 983 568 1044 lroc
596 985 695 1048 altare
716 985 956 1068 protomartyris
976 987 1147 1070 Stephani,
1174 990 1251 1052 euius

176 1087 290 1128 nonacn
326 1067 589 1146 interpretatum,
610 1077 740 1128 resonat
763 1079 950 1146 coronatus,
972 1091 1032 1150 per
1061 1071 1185 1132 Domini
1205 1073 1253 1133 Sa-

174 1149 337 1225 cerdotes,
358 1147 585 1209 declamatione
608 1149 711 1210 fidelis
733 1150 860 1231 populi,
882 1150 967 1211 sicut
989 1151 1125 1213 vidimus
1141 1154 1193 1235 qui
1210 1155 1254 1214 ad·

172 1233 310 1304 suimus,
334 1253 452 1291 corona
469 1231 560 1311 regui
585 1240 634 1291 est
660 1231 859 1315 imperioque
887 1233 1063 1295 restitutus.
1088 1237 1149 1296 ..Et
1171 1236 1252 1316 quia,

176 1325 210 1375 ut
228 1314 260 1373 iu
280 1313 422 1374 historiis
444 1313 541 1373 sacris
557 1314 713 1393 legimus,
735 1316 837 1394 Reges
852 1315 982 1395 quando
1002 1321 1107 1398 regua.
1120 1317 1254 1378 obtinue-

174 1407 261 1471 runt,
283 1397 484 1478 singulorum
502 1417 675 1476 regnorum
689 1397 749 1456 silai
763 1397 940 1456 diademata
957 1397 1182 1479 imposuerunt,
1201 1397 1255 1458 noar

100 1521 104 1530 -
174 1480 389 1561 incongruum
413 1479 542 1538 ridetur
558 1477 625 1540 istis
646 1479 884 1539 venerabilibus
899 1480 1086 1562 Episcopis‚
1106 1481 1133 1542 si
1151 1491 1254 1542 restrae

175 1561 378 1621 unanimitati
395 1561 509 1643 placet,
533 1572 568 1621 ut
585 1565 616 1618 iu
636 1560 803 1620 obtentum
821 1561 926 1642 regni,
944 1563 1033 1624 unde
1051 1585 1107 1624 ros
1123 1565 1160 1624 ad
1178 1564 1256 1624 illum

171 1653 285 1726 sponte
301 1643 517 1719 convenistis,
540 1641 616 1705 etei
643 1663 699 1703 ros
717 1644 978 1722 commendastis,
998 1646 1184 1708 sacerdotali
1207 1645 1256 1704 mi-

174 1725 307 1787 nisterio
328 1736 402 1786 ante
423 1726 521 1786 altare
545 1724 606 1784 hoc
625 1735 820 1803 coronetur,
842 1734 875 1786 et
893 1748 981 1787 sacra
998 1728 1152 1788 unctione
1167 1727 1257 1788 Domi·

173 1829 216 1868 no
246 1818 464 1870 consecretur.
517 1807 614 1884 Quod
641 1807 667 1866 si
699 1807 789 1868 robis
821 1807 942 1886 placet,
977 1809 1117 1894 propriis
1145 1809 1257 1870 vocibus

172 1901 357 1951 consonate.
401 1892 442 1950 Et
462 1890 493 1947 iu
509 1889 571 1951 laec
592 1889 866 1950 conclamantibus
885 1891 1062 1970 omnibus,
1093 1891 1172 1953 dixit
1189 1892 1258 1952 idem

171 1972 366 2052 Episcopus:
388 1972 526 2054 Agamus
549 1993 625 2052 ergo
644 1972 838 2032 unanimiter
854 1975 922 2035 Deo
949 1975 1066 2056 gratias
1079 2021 1095 2053 ,.
1110 1975 1257 2037 decanam

173 2065 240 2130 les,
267 2055 297 2111 T
294 2077 309 2113 e
325 2056 425 2115 Deum
448 2053 622 2124 (traiciamus,

141 2165 146 2176 ·
253 2135 296 2196 Et
314 2150 386 2220 post
408 2140 482 2196 haec
504 2137 542 2196 ab
564 2135 729 2220 Episcopis
751 2157 821 2196 cum
849 2135 1066 2198 beraedictione
1089 2139 1256 2201 sacerdotali

172 2231 219 2279 est
240 2217 326 2281 idem
347 2219 417 2282 [lex
437 2230 613 2282 coronatur.

388 2402 1055 2499 rareaasxan

304 2575 527 2636 Pacrro
595 2574 1136 2650 Arauiscaanrusra.

167 2723 284 2798 Anno
318 2726 604 2798 Incuruatiouis
655 2725 815 2795 Domini
847 2727 966 2798 nostri
1009 2727 1099 2796 Iesu
1138 2719 1254 2794 Christi

168 2827 435 2908 DCCCLXX,
456 2826 669 2896 Indictione
700 2825 779 2905 ΙΙΙ,
803 2826 930 2916 pridie
962 2849 1086 2895 aionas
1116 2821 1252 2904 Martii,

165 2951 266 2996 anno
293 2925 458 2995 XXXII.
508 2925 646 2994 Kuroli
675 2924 835 3013 gloriosi
860 2924 996 3016 Regis,
1039 2922 1255 3016 Aquisgraua'

164 3025 314 3118 palutio
333 3025 408 3094 liae
429 3023 627 3116 pactiones
654 3023 752 3112 irater
783 3025 906 3114 ipsum
935 3035 969 3092 et
993 3022 1255 3092 Hludouvicara

364 3124 505 3215 Regem
521 3125 683 3216 fratrem
702 3122 963 3216 ipsiusjiartae
981 3131 1081 3192 sunt.

290 3277 505 3338 laeserimus
541 3277 649 3337 Coucs
681 3296 720 3336 er
753 3295 850 3336 ranae
878 3274 1005 3338 Karoia
1042 3275 1152 3341 Rrors.

166 3398 234 3518 Sie
249 3453 401 3537 promitto
417 3473 457 3512 ex
470 3447 713 3532 parteSenioris
726 3447 788 3507 mei
798 3447 1012 3528 quodSenior
1028 3469 1120 3508 meus
1134 3445 1252 3508 Karalus

168 3543 238 3602 Rex
253 3537 339 3597 l'ratri
357 3558 414 3595 suo
429 3531 634 3594 Hludouvico
644 3529 722 3612 Regi
734 3530 830 3591 talem
843 3529 1022 3612 portionem
1035 3531 1075 3591 de
1090 3527 1253 3612 regnolllo-

165 3620 259 3686 tharii
269 3620 363 3702 Regis
373 3614 534 3679 consentit
548 3613 667 3674 habere
681 3613 809 3694 qualem
821 3622 877 3672 aut
889 3612 947 3694 ipsi
963 3611 1141 3687 iustiorem,
1155 3619 1185 3672 et
1195 3609 1252 3690 plus

167 3703 398 3785 aequaliorem,
414 3708 468 3758 aut
481 3717 667 3759 communes
680 3695 791 3756 fideles
801 3716 912 3756 eornm
927 3694 1013 3755 inter
1029 3715 1062 3754 se
1079 3691 1252 3754 invenerint.

164 3789 234 3853 Nee
257 3808 331 3845 eum
354 3785 386 3843 in
409 3783 476 3863 ipsu
493 3779 664 3862 portione,
687 3777 739 3840 vel
759 3778 791 3837 in
809 3799 910 3859 reguo
928 3777 1016 3858 quod
1034 3786 1128 3836 autea
1146 3771 1251 3845 tenuit,

168 3891 227 3954 per
240 3869 379 3950 aliquam
398 3864 543 3924 fraudem
558 3862 610 3926 vel
636 3860 876 3942 subreptionem
892 3859 1031 3940 decipiet
1049 3867 1107 3918 aut
1118 3851 1252 3918 forconsi-

165 3952 268 4030 liabit,
290 3951 316 4013 si
336 3953 435 4011 frater
452 3967 528 4006 suus
541 3942 762 4004 Hludourieus
779 3943 912 4003 eandem
929 3941 1120 4018 firmitatem,
1142 3948 1171 4001 et
1188 3935 1254 3995 lide«

168 4037 313 4110 litatem,
348 4051 443 4115 quam
464 4049 504 4089 ex
526 4035 615 4109 parte
637 4025 780 4086 senioris
797 4024 860 4084 mei
878 4024 927 4084 illi
943 4023 1045 4085 habeo
1067 4020 1252 4105 promissam,

167 4121 226 4181 iste
249 4119 349 4180 frater
376 4133 451 4174 suus
478 4107 702 4170 Hludouaieus
733 4104 859 4169 Seniori
891 4128 961 4168 mco
996 4127 1037 4169 ex
1067 4115 1155 4190 parte
1194 4121 1251 4176 aaa,

170 4197 315 4284 qnandiu
335 4193 469 4272 vixerit,
486 4189 718 4257 inviolabiliter
733 4189 922 4266 servaverit,
