2658 4978
202 334 239 395 s.
259 327 345 390 car.
448 325 585 388 arcusa
619 321 861 391 ,mancosos
964 323 1028 390 roo.
1086 309 1155 386 111

80 482 151 543 incr
166 495 223 538 nos
240 483 275 537 et
292 469 378 558 apud
393 491 451 534 nos
465 469 530 548 liat,
544 477 575 534 et
594 469 742 536 bnostris
756 465 909 534 cordibus
921 469 1051 556 penitus
1067 471 1159 536 avel-

79 565 149 626 latur
161 579 236 622 cum
256 556 345 620 omni
361 555 483 616 malitia
504 563 536 614 et
554 573 706 632 rancore,
726 561 766 616 ut
783 572 845 616 nec
865 553 900 616 in
917 553 1104 620 memoriam
1117 554 1159 617 ad

75 641 307 706 retribuendum
323 639 477 700 duntaxat
488 635 565 696 mali
580 637 635 701 rel
651 635 904 715 contrarietatis,
925 644 1021 719 atque
1040 656 1161 724 expro-

73 723 198 788 bationis
218 745 278 785 seu
294 718 501 805 improperii,
523 719 564 782 de
586 728 712 782 caetero
737 717 855 780 exinde
870 717 1024 802 quiddam
1039 717 1160 783 veniat.

142 806 185 873 ll.
227 807 273 866 Ut
289 812 378 864 tauta
399 805 580 879 internos,
599 800 739 863 Domino
755 809 971 882 cooperante,
992 822 1088 865 verae
1108 821 1161 863 ca·

72 888 163 954 ritatis
177 887 362 970 benignitas
381 884 498 946 abhinc
516 883 626 944 inante
646 903 772 966 semper
784 890 912 944 maneat
924 883 972 945 de¹
983 883 1080 947 corde
1100 901 1161 968 pu·
1221 883 1226 896 '

72 996 104 1034 ro
118 981 148 1033 et
161 968 361 1032 conscientia
375 968 477 1042 bona,
499 974 532 1026 et
550 964 613 1026 fide
632 986 698 1027 non
723 965 814 1042 ficta',
833 965 904 1027 sine
923 965 999 1029 dolo
1015 975 1049 1028 et
1061 965 1159 1028 simu·

73 1054 203 1128 latione,
226 1061 266 1112 ut
282 1071 375 1112 nemo
391 1070 453 1111 suo
463 1046 532 1129 pari
547 1069 642 1109 suum
660 1067 799 1130 regnum
812 1055 868 1108 aut
881 1067 954 1110 snos
971 1048 1092 1126 fideles,
1102 1047 1160 1113 rel

60 1129 151 1218 'quod
166 1132 357 1194 adsalutem
373 1131 439 1194 sive
451 1129 693 1216 prosperitatem
711 1151 748 1192 ac
770 1129 929 1191 honorem
945 1131 1071 1214 regium
1087 1139 1161 1214 p'er·

72 1222 155 1293 tinet,
176 1215 339 1297 discupiat
351 1222 406 1273 aut
416 1210 641 1288 forconsiliet,
662 1219 789 1295 autper
808 1211 951 1275 occultos
969 1232 1160 1277 susurrone·

73 1299 202 1360 libenter
220 1295 396 1379 composita
413 1291 579 1366 mendacia
603 1313 662 1354 seu
677 1292 890 1357 detractiones
908 1303 1062 1378 acceptet.

143 1379 206 1443 lll.
248 1381 295 1440 Ut
311 1377 532 1459 unusquisque
552 1374 691 1437 fideliter
710 1397 803 1437 suum
823 1397 950 1460 parem,
972 1377 1160 1460 ubicunque

75 1462 232 1526 necessitas
252 1460 304 1520 illi
320 1460 436 1537 fuerit,
460 1468 492 1518 et
512 1457 579 1540 ipse
606 1459 774 1541 potuerit,
803 1467 858 1520 ant
885 1481 945 1544 per
964 1481 998 1523 se
1022 1468 1077 1520 aut
1101 1481 1161 1544 per

75 1548 188 1622 filium,
209 1552 268 1603 aut
290 1562 349 1624 per
367 1541 478 1602 fideles
495 1560 587 1616 suos,
610 1549 643 1600 et
658 1539 795 1603 consilio
812 1550 844 1601 et
865 1541 988 1603 anxilio
1010 1541 1160 1619 adiuvet,

74 1639 106 1690 ut
119 1647 273 1710 regnum,
296 1623 426 1700 fideles,
452 1620 714 1705 prosperitatem,
743 1632 839 1704 atque
861 1623 1017 1686 honorem
1035 1625 1162 1709 regium

76 1710 169 1772 debite
189 1706 298 1770 valeat
316 1706 471 1770 obtinere.
510 1704 553 1766 Et
569 1703 726 1766 veraciter
743 1704 901 1786 unusquis
924 1727 965 1768 ue
988 1727 1061 1790 erga
1084 1707 1162 1772 alte·

75 1815 137 1854 ram
151 1788 298 1852 certatim
317 1789 512 1849 demonstret
537 1785 615 1868 quia
638 1785 672 1846 iu
694 1785 779 1867 paris
809 1787 859 1847 sui
890 1727 1101 1868 adversitate,
1132 1789 1160 1853 si

76 1872 234 1948 creuerit,
256 1873 402 1932 fraterno
419 1868 513 1929 modo
530 1866 755 1944 contristetur,
777 1876 810 1929 et
834 1869 869 1928 in
888 1871 1097 1954 prosperitate
1123 1873 1162 1934 il·

77 1958 131 2018 lius
144 1957 291 2016 laetetur.
332 1955 374 2015 Et
389 1953 487 2013 talem
507 1949 602 2010 fidem
623 1949 708 2012 sicut
729 1949 815 2011 inter
839 1971 899 2012 nos
923 1952 1017 2014 modo
1042 1955 1161 2018 abhinc

77 2040 105 2096 in
121 2047 190 2098 ante
206 2044 453 2096 conservaturos
471 2032 694 2094 confirmatum
714 2030 885 2110 habemus,
917 2033 964 2096 sic
989 2038 1161 2119 unusquis·

77 2141 132 2200 que
147 2119 325 2179 infantibus
341 2117 446 2179 fratris
459 2114 527 2193 sui,
557 2114 584 2176 si
612 2112 745 2194 obierit,
781 2113 839 2178 ille
877 2116 934 2199 qui
965 2120 1163 2202 superfuerit

78 2201 278 2266 conservabit.
462 2247 465 2254 ι

150 2282 208 2351 Ν,
249 2285 294 2344 Et
308 2283 385 2366 quia
398 2302 457 2365 per
474 2303 569 2366 vagos
590 2287 622 2345 et
639 2281 803 2367 tyrannica
820 2282 1054 2348 consuetudine
1074 2283 1164 2359 inre-r

81 2376 215 2428 verentes
237 2365 386 2426 homines
400 2387 461 2448 pax
480 2375 512 2426 et
524 2367 745 2447 tranquillitas¹
757 2367 848 2448 regni
865 2368 1045 2449 perturbari
1066 2369 1158 2447 solet,

80 2448 214 2510 volumus
231 2457 268 2508 ut
293 2447 331 2507 ad
349 2469 573 2530 quemcunque
590 2458 731 2510 nostrum
744 2451 817 2511 talis
830 2450 974 2528 venerit,
996 2460 1033 2513 ut
1056 2451 1095 2514 de
1110 2451 1161 2513 his

81 2551 151 2610 quae
172 2530 238 2611 egit
260 2529 419 2590 rationem
441 2539 473 2590 et
498 2529 651 2590 iustitiam
675 2530 895 2612 subterfugere
922 2534 1034 2612 possit,
1066 2553 1161 2594 nemo

80 2633 114 2670 cx
133 2612 221 2674 uobis
239 2612 334 2672 illum
346 2611 386 2672 ad
403 2612 494 2674 aliud
510 2612 644 2694 recipiat
662 2613 714 2674 vel
732 2613 879 2689 retineat,
901 2614 962 2675 nisi
980 2626 1018 2677 ut
1037 2614 1076 2676 ad
1094 2637 1162 2677 rer·

80 2694 310 2755 temtationem
332 2702 366 2756 et
392 2694 530 2756 debitam
554 2693 809 2756 emendationem
828 2695 1032 2775 perducatur.
1072 2697 1114 2758 Et
1133 2696 1162 2759 si

80 2776 224 2837 rationem
235 2785 359 2838 rectam
370 2777 615 2859 subterfugerit,
638 2777 802 2850 omnesjn
819 2798 1013 2854 commuue,
1045 2776 1080 2839 in
1102 2800 1161 2841 cu·
1258 2793 1261 2800 '

81 2855 123 2918 ius
137 2877 274 2940 regnum
289 2858 431 2936 venerit,
454 2858 546 2919 illum
560 2879 805 2940 persequamur,
827 2859 931 2923 donec
947 2862 988 2924 ad
1002 2860 1161 2925 rationem

81 2939 281 3019 perducatur,
304 2949 359 3001 aut
374 2940 414 3001 de
433 2961 534 3021 regno
559 2940 713 3002 deleatur.

151 3021 191 3082 V.
233 3023 391 3084 Similiter
406 3031 438 3082 et
455 3023 495 3083 de
510 3044 549 3084 eo
565 3023 723 3103 agendum
741 3033 788 3084 est
808 3027 862 3107 qui
892 3046 952 3111 pro
980 3027 1090 3111 aliquo
1112 3049 1162 3091 ca·

82 3102 160 3182 pitali
185 3113 217 3165 et
240 3105 373 3188 publico
392 3103 526 3165 crimine
542 3106 560 3164 d
575 3104 723 3185 quolibet
735 3103 894 3193 Episcopo
917 3110 1089 3196 corripitur
1106 3115 1160 3174 vel

82 3187 387 3262 excommunicatur,
409 3195 463 3245 aut
481 3187 520 3246 de
538 3187 867 3255 excommunicatione
886 3193 1005 3254 crimen
1027 3195 1161 3276 faciens,

81 3284 204 3347 regnum
218 3278 251 3330 et
270 3268 364 3350 Regis
381 3268 524 3349 regimen
553 3277 676 3345 mutat,
698 3291 744 3344 ne
772 3272 909 3335 debitam
929 3275 1162 3358 poenitentiam

81 3349 236 3430 suscipiat,
260 3358 314 3409 aut
328 3358 504 3432 susceptam
519 3348 659 3431 legitime
685 3363 823 3434 peragat.
873 3357 1040 3418 Interdum
1064 3361 1162 3424 etiam

81 3427 222 3491 incestam
237 3431 451 3514 propinquam
473 3451 582 3510 suam,
604 3439 658 3492 aut
677 3434 976 3518 sanctimonialem,
1006 3440 1061 3501 vel
1084 3463 1162 3523 rap·

82 3517 156 3589 tam,
176 3513 243 3575 sive
262 3512 453 3592 adulteram,
476 3535 572 3595 quam
595 3514 665 3575 illic
681 3516 710 3575 ei
728 3536 792 3576 non
807 3518 924 3581 licebat
943 3521 1079 3601 hahere,
1103 3525 1162 3587 ⁴su-

83 3592 162 3672 gieus
177 3617 286 3657 secum
306 3595 405 3660 ducit.
446 3596 506 3656 Hic
526 3595 616 3675 talis,
639 3619 712 3657 cum
734 3597 911 3682 Episcopus
934 3604 974 3665 ad
994 3604 1087 3668 cuius
1106 3627 1162 3671 cu·

84 3693 141 3734 ram
153 3677 329 3758 pertinebit
344 3677 434 3738 nobis
447 3687 559 3738 notum
578 3679 710 3756 fecerit,
742 3680 916 3762 diligenter
934 3688 1161 3770 perquiratur,

84 3757 273 3820 remorandi
296 3759 348 3819 vel
366 3759 487 3820 latendi
501 3761 609 3821 locum
627 3763 659 3821 in
678 3783 778 3843 regno
795 3763 932 3827 alicuius
950 3778 1094 3831 nostrum
1113 3772 1162 3833 in·

84 3839 196 3920 veniat,
218 3851 253 3901 et
264 3839 325 3900 Dei
342 3862 378 3902 ac
401 3851 525 3902 nostros
545 3844 657 3906 fideles
680 3866 739 3905 suo
762 3846 873 3908 morbo
901 3847 1039 3926 inficiat;
1067 3856 1162 3917 sedit

86 3921 161 3985 nobis
179 3923 232 3987 vel
248 3921 401 3984 ministris
427 3923 622 4005 reipublicae
649 3925 910 4009 constringatur,
940 3943 972 3995 et
1000 3945 1037 3997 ut
1064 3929 1161 3999 sinuit

85 4005 146 4065 curn'
169 4005 328 4068 diabolica
353 4005 489 4088 praeda,
510 4028 607 4089 quam
632 4030 741 4070 secum
763 4008 870 4088 duxit,
898 4014 938 4075 ad
963 4015 1161 4112 Episcopum

84 4103 163 4148 suum
179 4089 308 4163 redeat,
330 4096 361 4148 et
376 4087 416 4148 de
430 4108 626 4172 quocunque
639 4089 773 4152 crimine
789 4093 920 4172 publico
935 4095 1075 4170 debitam
1086 4123 1163 4184 poe·

83 4165 237 4312 niiiniiam
260 4167 430 4255 suscipiat,
462 4182 517 4236 aut
539 4183 716 4260 susceptam
744 4173 886 4258 legitime
912 4193 1053 4265 peragat,
1079 4206 1162 4245 com·

85 4269 116 4328 pe
137 4271 156 4325 ,a
168 4273 214 4316 ur.
233 4323 235 4327 ,
1022 4277 1025 4282 ’
