2712 4992
512 327 763 383 sinuounrcss
1132 307 1205 384 375

92 472 160 534 bus
173 469 238 535 suis
257 466 411 546 additum,
427 461 615 546 adtractum,
637 464 868 545 emelioratnm,
889 475 1118 552 repertumque
1136 471 1206 532 fue·

92 555 155 633 rit,
178 561 210 614 et
234 551 383 616 transitus
401 569 490 610 mens
508 548 628 610 ibidem
644 549 864 630 dereliquerit,
886 570 960 610 cnm
979 553 1068 613 omni
1090 572 1203 636 supra-

120 635 218 712 nsito‚
239 643 379 696 rectores
401 632 499 714 ipsius
521 630 684 694 Ecclesiae
703 641 894 714 agentesque
912 631 999 694 illius
1020 634 1139 715 absque
1156 633 1207 696 ul·

92 660 163 782 iius
185 725 351 800 expectata
375 713 559 790 traditione,
580 713 633 775 vel
651 713 806 774 iudicum·
817 713 1057 796 consignatione
1074 716 1108 776 in
1128 737 1205 778 nos·

90 810 150 860 tra
177 799 377 880 eleemosyna
408 796 461 859 vel
495 793 671 858 substantia
693 795 925 857 Monacborum
954 795 1074 859 ibidem
1108 798 1206 860 vitam

92 880 298 964 degentium,
320 878 448 940 Christo
463 888 663 960 protegente,
684 876 878 959 ta-nqnamsi
904 877 944 938 ad
964 900 1115 960 praesens
1132 881 1206 942 abs-

92 983 166 1046 que
197 983 257 1023 usu
281 970 389 1024 nostro
416 981 528 1022 eornm
546 958 659 1022 fnisset
679 959 829 1020 obsecuta
848 961 1018 1055 possessio,
1039 960 1074 1022 in
1093 983 1207 1026 eorum

92 1043 221 1108 faciant
240 1064 390 1105 revocare
414 1050 604 1126 potestatem
625 1041 677 1102 vel
704 1041 969 1113 dominationem
992 1041 1036 1104 ita
1058 1052 1095 1106 ut
1116 1045 1208 1125 quic·

92 1127 181 1225 quid
208 1125 325 1186 exinde
355 1147 414 1209 pro
439 1122 677 1207 opportunitate
706 1123 892 1185 Monasterii
919 1125 1026 1187 facere
1054 1125 1206 1190 deereve-

93 1218 178 1285 rant,
199 1207 333 1268 liberam
350 1218 383 1269 et
398 1205 609 1268 firmissimam
631 1205 664 1264 in
685 1205 832 1268 omnibus
849 1204 989 1268 babeant
1006 1216 1205 1290 potestatem.

93 1289 192 1353 Etsi
217 1290 318 1350 fuerit
343 1290 411 1350 ulla
435 1287 588 1372 quislibet
605 1308 743 1370 persona
769 1287 825 1369 qni
850 1297 978 1370 practer
999 1289 1108 1363 istum,
1128 1292 1207 1352 alte·

93 1393 173 1436 rum
193 1379 408 1434 strumentum
430 1370 548 1432 exinde
568 1371 830 1452 praesentaverit,
852 1378 908 1429 ant
932 1371 1130 1434 anteriorem
1151 1383 1207 1435 ant

93 1454 320 1538 posteriorem,
342 1455 430 1536 qnod
459 1473 517 1513 nos
544 1473 604 1513 nec
626 1451 764 1512 fecimus
791 1472 852 1513 nec
878 1452 985 1513 facere
1010 1455 1204 1537 rogavimus,

96 1535 230 1597 nullum
246 1537 397 1597 sortiatur
411 1534 570 1611 effectum,
592 1533 654 1594 nisi
674 1555 810 1593 vacuum
834 1542 867 1594 et
883 1532 980 1594 inane
1003 1548 1203 1618 permaneam

95 1625 264 1679 auctorem
286 1640 362 1679 vcro
380 1616 524 1680 criminis
544 1615 598 1677 vel
614 1614 777 1676 falsarium
798 1615 964 1676 iudiciaria
979 1626 1116 1697 potestas
1130 1639 1206 1680 con·

94 1701 239 1761 demnet
279 1700 322 1761 Et
341 1700 367 1761 si
391 1699 501 1776 fuerit,
526 1707 580 1757 aut
603 1717 661 1780 ego
684 1696 762 1778 ipse,
783 1707 838 1758 ant
860 1697 947 1759 ullus
968 1699 1008 1760 de
1031 1697 1204 1764 heredibus

59 1845 61 1852 ,
94 1783 196 1859 meis,
226 1783 279 1843 vel
303 1782 458 1863 quislibet
479 1800 633 1862 persona,
666 1779 724 1874 qui
749 1779 968 1841 contrahens
997 1780 1205 1846 donationem

94 1863 223 1946 aliquid
246 1865 431 1946 refrangere
459 1862 512 1924 vel
543 1861 736 1923 calumniam
763 1882 916 1944 generare
942 1865 1204 1946 praesumpserit,

95 1947 184 2007 illud
205 1946 294 2026 quod
318 1946 437 2030 repetit
457 1964 522 2004 non
544 1943 709 2019 vindicet,
731 1953 764 2005 et
790 1944 922 2025 insuper
943 1953 1054 2006 contra
1079 1946 1134 2008 cui
1161 1947 1205 2009 li-

97 2037 166 2088 tem
189 2027 338 2089 intulerit
363 2027 483 2088 solidos
511 2025 704 2106 quingentos
731 2032 917 2108 componat,
945 2035 978 2089 et
999 2027 1080 2088 haec
1100 2029 1205 2090 dona·

68 2181 72 2187 q
96 2110 146 2169 tio
166 2131 240 2169 cum
259 2109 466 2194 stipulatione
486 2107 623 2169 subnixa
649 2105 783 2168 inlibata
802 2117 995 2191 permaneat.
1036 2109 1151 2173 Actum
1168 2112 1202 2176 in

99 2191 159 2254 illo
188 2192 269 2253 loco.

555 2321 752 2384 Mandatum.

182 2437 227 2499 Il.
268 2437 440 2522 Magnifice
463 2437 553 2504 fratri
571 2437 641 2513 illo,
669 2459 729 2519 ego
750 2437 819 2516 ille,
842 2435 1051 2501 filius‘illius.
1100 2439 1202 2522 Rogo,

99 2521 266 2602 supplico,
300 2531 396 2602 atque
422 2529 495 2582 tuae
519 2521 643 2581 caritati
669 2520 804 2602 iniungo
831 2529 868 2579 ut
895 2520 935 2581 ad
969 2522 1074 2582 vicem
1099 2543 1202 2583 meam

100 2603 262 2664 civitatem
287 2601 376 2663 illam
394 2603 499 2680 adeas,
526 2609 558 2663 et
578 2601 783 2663 donationem
806 2601 905 2676 illam,
927 2623 1022 2682 quam
1043 2624 1102 2688 ego
1127 2624 1204 2685 par-

102 2685 188 2745 tibus
214 2685 303 2745 illius
326 2685 366 2744 de
396 2685 476 2746 locis
498 2683 614 2744 nostris
634 2683 894 2764 nuncupantibus
914 2683 989 2760 illis,
1011 2684 1078 2746 sitis
1098 2683 1132 2742 in
1149 2707 1203 2766 pa·

100 2788 141 2849 go
170 2767 239 2836 illo,
265 2787 324 2848 per
347 2787 416 2826 mea
435 2765 576 2847 legitima
602 2775 778 2827 strumenta
802 2765 999 2841 confirmavi,
1021 2765 1115 2849 gestis
1134 2787 1203 2825 mu-

102 2847 296 2930 nicipalibus
319 2869 393 2908 cum
420 2848 510 2909 curia
537 2847 666 2930 publica
689 2856 721 2908 et
746 2847 917 2909 defensore
945 2848 1042 2908 facias
1068 2847 1201 2930 alligare

101 2931 155 2991 vel
180 2951 388 3012 prosequere,
413 2929 503 3012 etde
524 2929 591 3012 ipsa
609 2929 833 3012 prosecutione
855 2929 934 2989 mihi
955 2930 1068 2991 reddas
1088 2929 1203 2992 certio-

101 3032 180 3076 rem.
219 3011 262 3072 Et
285 3009 444 3092 quicquid
463 3009 583 3072 exinde
617 3011 720 3094 egeris
748 3013 944 3094 gesserisve,
973 3022 1079 3072 ratum
1104 3014 1122 3072 ai
1149 3033 1201 3074 me

103 3093 137 3153 in
165 3093 313 3154 omnibus
342 3113 410 3153 esse
438 3113 619 3175 cognoscas.
661 3095 757 3170 Quod
777 3094 986 3168 mandatum,
1016 3103 1051 3153 ut
1078 3093 1202 3177 plenio-

103 3196 170 3235 rem
191 3175 333 3236 obtineat
351 3174 514 3256 vigorem,
548 3196 647 3236 manu
665 3175 794 3257 propria
815 3177 924 3238 subter
949 3175 1070 3237 firmavi
1097 3185 1130 3240 et
1146 3174 1207 3239 bc·-

104 3249 219 3318 norani
243 3259 387 3320 virorum
410 3254 645 3342 subscriptione
664 3257 882 3320 roborandum
902 3258 1040 3320 decrevi.

590 3383 695 3452 Gesta.

184 3499 241 3558 111.
282 3499 379 3560 Anno
398 3498 468 3576 illo,
491 3509 645 3580 regnante
668 3499 754 3582 Rege
776 3499 845 3579 illo,
866 3499 928 3564 'snb
950 3503 1003 3566 die
1025 3503 1102 3583 illo,
1124 3527 1199 3569 eum

105 3588 299 3641 conventum
328 3582 478 3642 Turonas
511 3580 639 3644 civitate
677 3581 853 3661 adfuisset,
884 3587 1027 3648 adstante
1063 3609 1201 3650 venera-

104 3661 163 3722 bili
182 3662 252 3725 viro
285 3662 343 3726 illo
374 3663 560 3739 defensore,
582 3683 661 3723 una
684 3684 758 3726 cum
779 3665 944 3729 honoratis
967 3667 1200 3751 principalibus

105 3743 185 3820 suis,
213 3744 406 3805 venerabilis
434 3744 485 3806 vir
510 3744 566 3806 ille
596 3745 695 3809 dixit:
724 3747 818 3828 Rogo·
842 3757 893 3827 te,
929 3752 1122 3816 uenerabilis
1148 3753 1200 3815 vir

105 3823 159 3886 ille
181 3823 353 3902 defensor,
395 3835 433 3891 ¹nt
459 3825 539 3886 mibi
575 3827 700 3889 codices
724 3829 871 3910 publicos
895 3842 1004 3915 patere
1036 3833 1199 3910 iubentis,

105 3906 179 3988 quia
204 3906 341 3968 inluster
370 3907 421 3970 vir
451 3908 508 3969 ille
530 3909 589 3991 pe‘r
609 3908 671 3971 hoe
696 3911 879 3972 mandatum
907 3914 947 3976 ud
978 3935 1028 3975 me
1060 3917 1202 3996 speravit

105 3999 139 4050 ut
174 3987 379 4049 donationem
404 3989 518 4067 illam,
555 4012 650 4073 quam
683 3992 723 4053 de
750 3993 845 4055 rebus
871 3996 1122 4080 suispropriis,
1156 3999 1201 4060 de²

106 4069 181 4132 locis
209 4070 468 4150 nuncupantibus
497 4070 583 4149 illis,
615 4073 683 4136 sitis
712 4073 744 4152 in
770 4096 851 4157 pago
883 4077 961 4155 illo,
988 4079 1131 4161 partibus
1161 4078 1201 4140 il·

106 4151 166 4214 lius
192 4171 251 4234 per
278 4153 419 4232 legitima
447 4162 622 4214 strumenta
652 4157 871 4236 confirmavit,
910 4161 1004 4242 gestis
1025 4157 1202 4244 municipa-

107 4233 186 4298 libus
205 4255 278 4298 cum
299 4233 387 4296 curia
409 4233 539 4321 publlca
562 4246 594 4299 et
613 4237 781 4302 defensore
804 4263 999 4327 prosequere
1023 4253 1054 4308 et
1070 4243 1205 4330 alligare
1264 4253 1271 4260 '
