2658 4978
120 395 123 402 ,
198 301 269 376 lul
407 323 535 377 terra.
642 279 880 379 asanaa
983 325 1043 385 ast.

194 486 287 543 rum,
318 483 354 524 ac
379 461 586 538 vestimenta,
616 483 672 523 seu
700 463 800 524 libros
826 459 1000 546 diligenter
1024 463 1213 542 inbrevient,
1242 472 1267 526 st

193 551 308 612 breves
328 544 420 606 nohis
436 553 609 627 reportent
644 545 832 608 lubrevient
856 547 952 607 etiam
970 545 1051 630 quid
1068 548 1267 630 unusquisque

193 628 411 696 Ecclesiarum
437 626 613 704 Praelatus,
633 628 765 709 quando
784 626 1015 710 praelationem
1033 629 1190 691 Ecclesiae
1210 652 1269 690 sus·

194 713 297 795 cepit,
327 709 372 770 ibi
399 708 579 785 invenerit,
603 717 635 770 et
660 711 739 791 quid
767 710 861 770 modo
888 711 1006 773 exinde
1035 711 1081 774 ibi
1107 711 1206 773 minas
1225 711 1268 784 sit,

194 797 246 859 vel
267 792 348 890 'qpid
370 800 402 852 et
424 801 578 873 quantum
604 792 645 852 sit
672 792 922 874 superadditum.
964 793 1172 872 Quidetiam·
1188 794 1269 855 Nort-

194 897 321 940 manms
376 893 413 934 er
442 884 582 936 nostram
613 873 945 953 commendationem,
985 877 1054 938 sire
1085 877 1152 937 sine
1180 884 1270 934 nostra

195 896 482 1032 commendatione,
505 956 613 1016 datum
631 957 682 1034 sit,
705 957 822 1040 quidve
841 958 1001 1035 relictum,
1018 959 1071 1020 rel
1088 958 1165 1040 quid
1181 977 1270 1038 aquo-

193 1064 290 1129 qnam
314 1038 347 1098 in
371 1039 571 1122 eleemosyna
590 1039 708 1104 datum.
747 1039 922 1101 Numerum
937 1041 1033 1104 etiam
1056 1041 1271 1101 canonicorum

194 1139 227 1192 et
252 1120 483 1186 Monacborum
517 1119 584 1181 sive
612 1120 912 1182 sanctimonialium
945 1123 1195 1204 uniuscuiusque
1220 1120 1270 1182 loci

193 1205 397 1280 describant,
419 1211 453 1264 et
481 1202 573 1264 nobis
597 1205 755 1274 referant,;
779 1213 815 1264 ut
837 1206 1018 1266 secundum
1050 1205 1225 1290 qualitatem
1246 1211 1271 1264 et

193 1289 407 1377 quantitatem
427 1285 501 1363 loci,
518 1306 591 1345 cum
615 1284 752 1346 consilio
768 1284 1045 1371 Episcoporumet
1065 1287 1204 1349 fidelium
1216 1305 1272 1346 nos·

192 1388 332 1450 trorum,
354 1368 410 1428 ubi
435 1367 542 1428 minor
566 1388 718 1428 numerus
744 1368 861 1445 fuerit,
893 1369 1204 1432 nostraauctoritate
1226 1368 1271 1427 ad-

195 1461 325 1532 damus,
347 1450 402 1512 ubi
424 1470 502 1512 aero
522 1449 752 1512 indiscretione
779 1449 998 1513 Praelatorum
1022 1451 1223 1537 superfuerit,
1241 1447 1271 1508 ad

194 1556 375 1605 mensuram
393 1532 583 1615 redigamus.
626 1532 796 1614 Inquirant
816 1553 947 1618 quoque
971 1546 1053 1618 quot
1078 1529 1271 1616 temporarii

194 1620 296 1689 nostri
320 1615 432 1679 Karoli
467 1621 500 1677 et
531 1615 649 1675 Domni
682 1613 834 1696 genitoris
851 1615 964 1678 'nostri
991 1616 1187 1680 Hludouvici
1211 1636 1273 1674 uno·

196 1723 326 1790 quoque
351 1700 384 1759 in
406 1698 477 1758 loco
506 1695 640 1774 fuerint,
662 1706 696 1756 ct
715 1706 795 1778 quot
818 1698 913 1759 modo
937 1699 1019 1771 sint;
1051 1710 1084 1762 et
1105 1699 1159 1759 ubi
1178 1698 1272 1758 loeaa

193 1780 398 1854 Nortmannis
413 1781 481 1843 sive
497 1802 513 1839 a
529 1777 727 1861 quibuslibet
747 1777 818 1840 aliis
833 1781 993 1843 destructa
1016 1793 1095 1844 sunt
1112 1792 1145 1844 et
1166 1779 1272 1864 penitus

195 1868 371 1950 adnullata,
397 1871 476 1944 quot
502 1861 547 1922 ibi
573 1883 661 1922 nune
685 1871 817 1942 propter
840 1865 1034 1946 paucitatem
1060 1884 1167 1927 rerum
1191 1860 1273 1924 etde-

195 1948 406 2018 vastationem
433 1944 620 2006 eorumdem
651 1943 805 2004 constitui
837 1946 890 2007 rel
915 1935 1060 2008 ordinari
1090 1945 1223 2030 possint;
1247 1951 1273 2000 ut

196 2035 274 2099 inde
298 2051 371 2091 eum
398 2048 557 2088 consensu
582 2027 724 2087 fidelium
751 2035 933 2088 nostrorum
954 2031 1141 2090 ordinemus
1158 2025 1227 2110 quid
1243 2025 1270 2084 de

198 2125 325 2181 caetero
349 2109 508 2191 agendum
533 2109 582 2175 sit.
622 2109 665 2170 Et
685 2109 825 2190 qualiter
850 2109 1059 2174 Abbatiarum
1080 2110 1226 2186 Praelati,
1248 2115 1271 2166 et

197 2203 231 2264 in
254 2195 334 2259 locis
355 2192 451 2255 saeris
475 2190 701 2266 inhabitantes,
724 2191 763 2251 de
783 2190 833 2252 his
854 2214 936 2274 quae
966 2195 1056 2257 Missi
1082 2194 1179 2258 nostri
1198 2212 1272 2274 prae·

198 2283 355 2365 ceperunt
374 2273 566 2354 obedierint,
595 2273 687 2336 nobis
709 2272 953 2357 diligentissime
974 2277 1218 2365 etycapitulatim
1235 2289 1271 2334 re·

198 2370 315 2430 ferant.
1070 2375 1074 2384 ‘

279 2442 342 2506 ΙΙΙ.
383 2442 427 2503 Ut
444 2438 532 2503 Missi
559 2441 660 2502 nostri
678 2439 850 2524 diligenter
863 2440 1064 2526 investigent
1083 2436 1272 2526 persingulas

196 2526 375 2617 parochias,
400 2523 495 2585 simul
513 2537 587 2584 cum
607 2521 785 2605 Episcopo,
815 2524 854 2586 de
878 2526 1083 2588 monasteriis
1097 2541 1176 2608 quae
1189 2525 1272 2583 Deum

198 2616 349 2676 timentes
371 2605 405 2666 in
431 2606 496 2668 suis
520 2605 772 2687 proprietatibus¹
791 2605 1055 2685 aedificaverunt,
1078 2620 1110 2672 et
1132 2629 1169 2668 ne
1184 2605 1216 2664 ab
1229 2603 1272 2660 he·

199 2695 332 2762 redibas
351 2711 463 2751 eorum
484 2687 718 2766 dividerentur,
739 2689 925 2770 parentibus
939 2701 979 2768 ‚et
1001 2685 1272 2773 praedecessoribus

200 2776 318 2842 nostris
343 2771 403 2834 sub
429 2770 638 2830 immunitatis
665 2771 854 2832 defensioue
884 2773 1110 2850 tradiderunt,
1140 2783 1169 2834 et
1190 2779 1271 2852 postea

202 2863 238 2925 in
260 2856 386 2919 alodem
408 2861 483 2915 sunt
501 2854 588 2913 data:
616 2861 649 2911 et
671 2849 853 2914 describant
870 2875 952 2938 quae
978 2854 1055 2934 sint,
1078 2865 1144 2917 eta
1166 2873 1221 2935 quo
1236 2847 1272 2910 rel

202 2943 320 3028 quibus
349 2938 382 2996 in
411 2935 643 3018 proprietatem
658 2934 730 2996 data
752 2945 838 3012 snut,
860 2945 894 2998 et
913 2939 1004 2999 nohis
1029 2940 1210 3000 renuntiare
1221 2949 1272 3020 pro
1316 2959 1317 3010 ι

174 3091 179 3102 ,
204 3030 335 3090 curent;
359 3028 396 3078 ut
418 3039 491 3079 cum
510 3017 678 3112 Episcopis
704 3025 738 3078 et
761 3017 895 3080 caeteris
916 3019 1069 3082 fidelibus
1087 3019 1196 3082 nostris
1215 3032 1273 3074 con·
1316 3011 1317 3054 t

204 3108 380 3177 sideramus
400 3100 480 3183 quid
503 3109 536 3160 et
554 3099 695 3180 qualiter
711 3098 800 3178 inde,
822 3103 1000 3163 secundum
1019 3105 1084 3165 Dei
1105 3105 1273 3167 voluntatem
1316 3091 1317 3112 ¹

207 3200 240 3255 et
259 3194 399 3248 nostram
422 3182 566 3257 salutem,
587 3201 679 3260 agere
704 3180 886 3244 debeamus.

291 3266 355 3332 ΙΙΙ.
396 3267 439 3325 Ut
461 3263 549 3326 Missi
577 3263 677 3322 nostri
696 3283 756 3345 per
783 3263 925 3346 singulas
948 3261 1117 3350 parochias
1141 3289 1200 3328 ana
1221 3277 1275 3321 eum

206 3351 367 3438 Episcopo
391 3345 562 3430 parochiae
589 3343 686 3422 ipsius
700 3347 868 3428 requirant
889 3349 929 3410 de
950 3351 1091 3432 Capellis
1108 3361 1139 3411 et
1153 3333 1275 3410 Abbatio-

207 3437 248 3502 lis
276 3455 317 3496 ex
341 3431 420 3494 casis
444 3428 506 3491 Dei
537 3431 569 3488 in
599 3425 794 3488 beneficium
825 3428 920 3507 datis,
950 3432 1055 3515 qualis
1086 3453 1193 3494 census
1219 3421 1274 3484 inde

206 3525 325 3593 exeat,
347 3524 382 3575 ut
404 3509 549 3574 Ecclesia
581 3511 621 3572 de
651 3531 715 3593 qua
736 3522 812 3572 sunt
837 3511 956 3574 exinde
977 3510 1164 3575 vestituram
1184 3507 1274 3572 babere

207 3597 319 3686 possit,
342 3606 374 3659 et
395 3593 486 3654 nobis
502 3590 715 3661 renuntient;
743 3603 779 3653 ut
803 3593 865 3654 hoc
886 3605 993 3656 nostra
1017 3597 1198 3658 auctoritate
1214 3605 1275 3650 com·

207 3681 381 3744 mandetur
395 3687 500 3757 ¹atquc
526 3673 681 3750 firmetur,
701 3682 733 3732 et
757 3674 934 3737 secundum
951 3673 1136 3760 qualitatem
1156 3685 1274 3756 etquan-

209 3766 334 3838 titatem
356 3759 420 3820 loci
443 3755 587 3819 Clericos
615 3765 649 3818 et
668 3755 838 3819 luminaria
855 3757 900 3818 ibi
921 3761 1086 3840 ordinent,
1106 3772 1138 3822 et
1163 3761 1222 3822 loca
1237 3771 1275 3814 re·

211 3843 348 3912 staurari
367 3840 497 3902 faciant.

293 3927 352 3992 lv.
393 3919 660 3987 Denuntiandum
686 3929 734 3985 est
750 3919 922 4004 omnibus,
952 3933 985 3986 et
1013 3947 1031 3986 a
1057 3920 1159 3988 Missis
1188 3911 1275 3983 nornis

211 4008 441 4082 ordinandum,
454 4014 496 4066 'ut
515 4025 625 4067 omues
648 4004 812 4068 Ecclesiae
829 4017 862 4069 et
876 4007 1059 4104 Presbyteri
1086 4007 1143 4068 sub
1161 3993 1276 4065 immani·

211 4106 276 4157 tate
301 4113 338 4162 ae
354 4087 538 4173 privilegio,
561 4097 593 4150 et
614 4087 817 4150 ordinatione
836 4100 931 4172 atque
953 4089 1158 4172 dispositione
1176 4084 1276 4170 Epiros

212 4177 329 4262 porum
349 4171 548 4256 singularum
560 4169 784 4255 parochiarum
806 4170 838 4232 in
854 4171 972 4256 quibus
987 4171 1174 4248 consistunt,
1192 4179 1276 4230 secun·

215 4259 293 4326 dum
317 4252 539 4320 auctoritatem
564 4252 755 4318 eanonicam
780 4263 814 4319 et
840 4254 1037 4341 capitularia
1059 4251 1172 4320 Domni
1191 4239 1274 4315 nauli
