2658 4978
168 399 325 462 nerlu·
415 398 551 456 neuun
594 396 829 456 ennnconun
944 398 1006 472 sor,
1063 379 1136 449 too

43 541 233 627 Imperatoris
256 538 308 602 uvi
331 538 442 614 nostri,
464 547 497 600 et
516 535 562 620 pii
586 536 721 620 Augusti
742 537 937 604 Hludonvici
960 541 1077 601 Domni
1102 549 1135 600 et·

43 623 184 710 genitoris
206 620 318 697 nostri,
337 628 554 718 permaneant.

112 707 151 772 V.
193 705 238 766 Ut
261 703 349 766 Miser
371 699 472 765 nostri
497 699 672 782 diligenter
695 701 811 765 investi
836 715 892 767 ent
911 727 984 768 eum
1005 704 1134 788 Episco-

42 813 77 875 po
97 797 129 854 et
149 785 307 854 Praelatis
333 782 615 861 monasteriorem,
650 793 682 845 et
708 806 768 867 per
789 725 900 849 fideles
929 796 961 849 et
988 796 1134 848 strenuos

42 874 118 950 viros·
145 870 180 930 in
209 887 404 950 unaquaque
429 863 598 948 parochia,
637 864 676 928 de
701 867 811 929 rebus,
830 867 1055 930 ecelesiasticis
1082 869 1133 946 (iu

43 955 143 1018 eadem
158 953 189 1029 l]
211 950 309 1022 datis;
331 959 364 1012 et
377 948 461 1013 sicut
480 947 685 1010 evidentibus
703 956 737 1009 et
754 950 838 1013 veris
857 949 986 1013 indicite
1010 971 1047 1012 ac
1065 972 1138 1012 auo·

44 1034 216 1098 toritatibus
241 1029 476 1116 compererint,
505 1027 679 1112 diligenter
703 1052 721 1090 a
746 1052 811 1115 quo
837 1043 871 1095 et
900 1032 1018 1115 quibus
1045 1031 1137 1094 datae

45 1119 109 1195 sint,
129 1116 182 1178 vel
204 1124 363 1198 quantum
378 1111 496 1174 exinde
516 1111 558 1172 sit
572 1111 772 1192 describant,
793 1123 825 1176 et
838 1115 928 1178 nobis
941 1114 1140 1181 renuntient.

117 1198 175 1264 vl.
229 1199 272 1258 Ut
293 1195 381 1258 Missi
404 1194 505 1256 nostri
526 1215 675 1276 expresso
698 1203 731 1257 et
752 1217 825 1257 eum
847 1197 937 1258 omni
957 1196 1140 1278 diligentia,

46 1305 110 1344 eum
128 1279 291 1364 Episcopo
313 1288 346 1341 et
366 1275 519 1354 Praelatio
540 1275 821 1356 monasteriorum,
842 1301 902 1362 per
922 1279 1064 1364 singulas
1084 1300 1142 1362 pa·

46 1362 161 1428 roeliias
175 1361 346 1445 requirant
359 1361 399 1422 de
412 1358 508 1420 rebus
529 1357 753 1423 ecclesiasticis
774 1361 861 1423 uude
883 1382 987 1423 nonae
1008 1367 1041 1424 et
1053 1359 1144 1423 deci·

47 1468 107 1518 mae
121 1445 212 1506 solvi
234 1444 354 1504 debent
375 1452 407 1504 et
428 1463 502 1502 non‘
515 1442 708 1518 solvuntur,
727 1451 776 1505 'et
796 1444 937 1525 persolvi
958 1443 997 1504 ab
1018 1442 1144 1504 easdem

47 1549 92 1590 ves
111 1526 330 1591 retinentibus
352 1522 480 1589 faciant.
528 1523 571 1585 Et
600 1523 628 1584 si
658 1523 767 1607 aliqua
797 1525 1029 1600 contradictio,
1061 1546 1144 1607 quae

49 1608 243 1674 rationabilis
261 1607 427 1682 videatur,
449 1606 561 1666 obortu
581 1603 700 1683 fuerit,
723 1606 939 1679 describerem
961 1616 994 1669 et
1014 1609 1147 1670 Praela-

50 1704 92 1770 ωε
112 1693 214 1772 ipsius
236 1687 409 1768 casaeDei
431 1688 517 1749 unde
538 1707 590 1748 res
611 1707 679 1748 esse
701 1700 895 1766 noscuntur,
932 1699 964 1751 et
1000 1689 1057 1751 ille
1089 1690 1150 1771 qui

51 1798 96 1852 eas
113 1775 261 1850 detinet,
284 1781 316 1833 et
334 1791 452 1831 nonam
465 1791 501 1831 ae
522 1767 678 1830 decimam
694 1771 820 1834 solvere
844 1772 1022 1850 detrectat,
1051 1771 1150 1834 simul

52 1879 117 1920 eum
138 1854 248 1918 Missis
268 1851 385 1916 nostris
408 1851 448 1913 ad
471 1860 612 1914 nostram
630 1849 778 1915 iubeatur
796 1853 909 1917 venire
926 1854 1147 1937 praesentiam,

53 1949 84 2001 ut
103 1950 180 2000 tunc
198 1935 336 2000 veritate
354 1937 536 2017 comperta,
560 1943 592 1996 et
610 1931 802 1998 diffinitione
826 1936 972 2013 decreta,
994 1935 1086 2017 quod
1102 1959 1138 1998 ra

53 2019 248 2090 tinnabiliter
267 2015 495 2093 invenerimus,
516 2014 593 2079 inde
613 2017 854 2100 praecipiamus.
875 2021 1036 2083 Volumus
1055 2020 1151 2081 etiam

54 2114 86 2165 ut
103 2100 302 2183 investigent
321 2099 410 2161 Missi
430 2097 529 2160 nostri
549 2099 690 2181 qualiter
710 2099 762 2160 illi
785 2100 841 2183 qui
861 2101 987 2164 easdem
1015 2122 1065 2162 res
1095 2125 1151 2164 ec-

56 2181 262 2260 clesiasticas,
283 2181 371 2244 unde
396 2180 538 2244 decimae
568 2181 686 2242 dantur
713 2182 779 2246 sive
809 2203 874 2243 non
908 2185 1042 2259 dantur,
1079 2185 1151 2246 illos
1179 2197 1183 2205 “

58 2269 148 2333 salvas
168 2265 331 2343 habeant,
361 2263 446 2326 etin
469 2262 626 2340 casticiis,
648 2272 682 2325 et
709 2264 744 2323 iu
764 2265 861 2349 sylvis
884 2264 1067 2344 custoditis,
1097 2268 1151 2327 vel

59 2352 82 2414 si
105 2360 212 2411 terrae
244 2358 300 2408 aut
325 2345 485 2425 mancipia
513 2345 588 2406 inde
610 2347 736 2427 perdita
755 2358 847 2424 sunt,
879 2348 932 2411 vel
947 2347 1070 2429 aliquid
1085 2349 1150 2408 ltu·

60 2431 208 2507 iusmodi,
231 2438 286 2490 aut
303 2429 328 2491 si
350 2428 473 2490 familia
498 2447 647 2508 oppressa
674 2429 714 2492 sit
738 2440 850 2493 contra
872 2430 996 2512 legem,
1027 2442 1059 2492 et
1080 2453 1150 2492 omn
1218 2499 1227 2512 v

62 2516 109 2578 nia
122 2513 310 2596 perbreves
327 2510 419 2573 nobis
440 2511 639 2574 renuntient.
770 2511 772 2516 ’
1212 2521 1223 2533 ·’

136 2594 210 2661 Vll,
253 2595 296 2654 Ut
319 2594 407 2656 Missi
434 2591 535 2652 nostri
559 2612 617 2675 per
646 2595 787 2678 singulos
819 2593 983 2679 parochias
1020 2598 1155 2658 Comiti-

61 2679 114 2742 bus
133 2688 164 2740 et
183 2676 384 2760 reipublicae
401 2673 552 2735 ministris
574 2677 614 2735 ex
632 2674 740 2739 banno
767 2689 875 2739 nostro
896 2676 1096 2761 praecipiant
1114 2703 1154 2740 ne

62 2761 150 2821 malla
166 2761 223 2824 vel
239 2759 356 2842 placita
374 2759 408 2818 in
425 2755 563 2819 exitibus
581 2767 613 2818 et
627 2758 714 2821 atriis
733 2761 947 2826 Ecclesiarum
964 2769 996 2820 et
1018 2765 1157 2847 Presby-

63 2852 199 2909 terornm
221 2840 458 2917 mansionibus,
481 2839 632 2917 usquein
651 2840 822 2904 dominicis
854 2847 905 2905 vel
936 2844 1058 2907 festivis
1084 2846 1155 2908 die·

63 2925 134 3002 bus,
154 2935 270 2986 tenere
296 2929 508 3004 praesumant.
550 2921 614 2982 Sed
641 2924 755 2986 Comes
778 2926 1028 2990 convenientem
1049 2929 1156 2990 locum
1231 2919 1233 2924 ¹

65 3007 245 3082 consideret
270 3014 302 3068 et
321 3003 463 3066 inveniat
485 3002 539 3064 ubi
555 3003 724 3067 stationem
751 3007 790 3067 ad
821 3009 953 3070 mallum
979 3014 1157 3074 tenendum

66 3090 253 3160 constituat;
275 3087 352 3168 quia
376 3087 465 3155 nefas
492 3095 539 3147 est
557 3085 600 3144 ibi
615 3108 687 3150 reos
705 3089 813 3171 puniri
830 3092 884 3151 ubi
900 3105 1048 3176 respectu
1073 3095 1158 3155 divi·

66 3194 120 3232 nne
134 3171 339 3234 reverentiae
357 3167 626 3244 misericordiam,
649 3191 807 3233 consensu
824 3174 964 3234 fidelium
979 3187 1160 3238 nostrorum
1209 3178 1240 3246 „d

68 3265 96 3315 et
112 3254 243 3315 decreto
255 3251 534 3337 praedeeessorum
554 3261 751 3330 nostrorum,
775 3271 1044 3336 consequuntur.-

142 3334 235 3402 Vlll,
278 3337 327 3404 ‚Ut
344 3334 430 3394 Missi
454 3332 553 3393 nostri
572 3334 749 3397 Comitibus
774 3345 806 3396 et
830 3338 977 3402 omnibus
1001 3341 1159 3424 reipubli-
1228 3343 1238 3416 j'

69 3439 119 3479 cae
152 3417 312 3480 Ministris
338 3414 472 3476 tirmiter
497 3435 536 3476 ex
564 3417 665 3482 verbo
695 3428 803 3479 nostro
838 3420 1032 3482 denuntient
1055 3412 1159 3503 atilae
1225 3463 1236 3478 ..

13 3569 14 3572 Ἴ
70 3501 266 3583 praecipiant
299 3508 335 3560 ut
369 3520 387 3558 a
422 3506 534 3580 quarta
566 3497 646 3559 feria
681 3509 754 3560 ante
791 3500 919 3562 initium
952 3505 1163 3584 Quavlrngesi-

72 3604 156 3660 mae,
178 3582 290 3644 necin
306 3581 372 3664 ipsa
388 3589 500 3662 quarta
516 3581 614 3658 feria,
636 3604 737 3666 usque
762 3593 834 3665 post
854 3595 977 3646 octavas
1002 3588 1162 3664 Paschae,

72 3666 199 3726 mallum
221 3665 272 3726 vel
286 3664 458 3748 placitum,
481 3661 542 3724 nisi
563 3663 603 3724 de
624 3666 796 3726 eoncordia
812 3676 844 3727 et
858 3667 1078 3748 pacificatione
1098 3668 1165 3728 dis-

74 3748 290 3826 cordantium,
312 3757 423 3808 tenere
440 3757 653 3827 praesumant.
702 3747 859 3812 Similiter
885 3750 980 3809 etiam
1006 3772 1022 3808 a
1052 3762 1165 3832 quartu

75 3830 148 3888 leria
166 3839 242 3892 ante
268 3829 464 3890 nativitatem
488 3829 620 3888 Domini
644 3852 746 3912 usque
773 3841 845 3912 post
874 3843 1073 3894 consecratos
1098 3833 1166 3896 dics

77 3911 251 3974 observent.
292 3913 426 3973 Necnon
453 3919 485 3972 et
512 3909 545 3969 in
581 3911 712 3972 ieiuniis
736 3923 874 3994 quatuor
900 3924 1101 3996 temporum,
1132 3929 1165 3980 et

77 3994 106 4051 in
125 3993 362 4076 rogationibus,
381 3993 476 4056 simili
495 3994 715 4056 observatione
736 3996 864 4057 cosdem
881 3997 1010 4060 feriatos
1024 3998 1092 4061 dies
1112 4019 1168 4058 ve·

78 4079 174 4138 ncrari
194 4076 385 4138 omnimodis
404 4078 562 4140 studeant.
889 4118 891 4124 -
966 4111 992 4116 ω

151 4162 209 4221 ΙΧ.
253 4162 292 4221 Ut
312 4159 398 4221 Missi
418 4160 517 4226 nostri
539 4159 684 4242 omnibus
700 4180 757 4246 per
773 4161 913 4244 singulas
935 4162 1100 4248 parochias
1117 4162 1171 4230 de.

81 4276 375 4296 Ἢ

110 4332 135 4399 l)
151 4333 275 4402 Legend-
287 4335 317 4385 in
335 4330 451 4389 alodem.
