2658 4978
201 269 235 326 n
260 262 338 324 cna
445 260 573 321 aeson
604 261 833 322 trancosum
951 261 1012 324 esc.
1087 247 1156 319 itt

82 432 133 474 non
148 428 254 492 agere,
275 405 430 487 quoniam
449 403 614 466 Remensis
639 410 673 467 et
694 401 906 466 Treverensis
931 400 1097 466 Ecclesiae
1122 408 1156 466 in

80 491 264 574 hacregione
277 487 406 569 Belgica
426 508 499 547 curn
517 485 578 546 sibi
602 486 778 548 commissis
804 484 958 547 Ecclesiis
978 507 1104 550 sorores
1127 497 1159 548 ct
1205 519 1208 526 ·

81 571 344 658 comprovinciales
374 569 552 646 habentur,
573 568 656 630 sicut
681 568 853 630 auctoritas
883 567 1098 630 ecclesiastica
1127 580 1160 632 ct

78 646 278 738 antiquissima
293 653 488 714 demonstrat
510 652 722 713 consuetudo.
764 650 812 712 Ac
845 671 904 734 per
927 650 988 713 hoc
1013 652 1158 714 unanimi

77 758 215 801 consensu
247 745 281 798 et
305 733 471 818 synodalia
493 732 612 795 iudicia
639 753 810 808 exercerc,
839 743 871 801 et
895 755 978 815 quae
1002 735 1018 794 ai
1040 736 1159 802 carnotis

75 820 202 884 Patribus
223 819 398 880 constituta
416 823 508 893 sunt,
530 815 649 878 debent
671 814 876 877 concorditer
895 815 1076 888 custodir05
1098 817 1158 878 bno

74 901 218 984 privileg-ii
232 899 420 962 conditione
449 908 571 960 servata
581 945 590 977 ,
613 907 649 959 ut
676 899 733 980 qui
761 897 851 980 prior
878 885 1093 962 dc'llemcnsi
1125 911 1158 962 et

73 985 244 1049 Trevercnsi
262 980 423 1066 E'piscopo
441 980 540 1040 fuerit
558 979 741 1057 ordinntus,
763 979 854 1061 prior
873 979 970 1042 etiam
995 979 1158 1049 habeatur.

138 1065 181 1132 ll.
221 1067 264 1128 Et
279 1065 334 1126 lex
350 1063 507 1126 divinitus
522 1062 675 1146 inspirata
694 1061 852 1144 praecipit
865 1061 995 1125 dicens=
1017 1062 1055 1123 Si
1070 1075 1155 1124 tran·

73 1151 150 1211 sieris
186 1167 220 1209 er
244 1167 375 1208 messem
392 1146 487 1206 aorici
501 1147 548 1205 tui
568 1145 718 1224 colligens
739 1146 862 1227 spicas,
883 1149 982 1206 mans
998 1143 1159 1227 confrica-

72 1234 112 1294 bis
194 1227 469 1300 manducandum,
485 1225 607 1308 falcem
627 1239 729 1287 autem
760 1246 824 1288 non
843 1227 969 1300 mittas,
994 1227 1045 1288 vel
1067 1227 1158 1308 falce

71 1335 122 1376 roa
138 1324 243 1373 metas.
287 1309 399 1372 Messis
421 1317 468 1370 cst
485 1309 640 1392 populus,
663 1319 699 1368 ut
714 1307 871 1371 Dominus
889 1318 1042 1371 monstrat
1059 1308 1091 1369 in
1113 1309 1159 1372 E·

70 1395 201 1476 rangclio
219 1392 351 1454 dicens:
380 1391 496 1452 Messis
526 1391 654 1473 qra'dem
678 1404 725 1452 est
744 1391 862 1469 metita,
888 1393 1030 1476 operarii
1055 1404 1161 1452 aretem

67 1478 156 1562 pauci.
196 1477 317 1556 Regale
331 1473 623 1536 dominnmmessis
641 1487 682 1532 'ut
703 1475 845 1536 nrittatc
868 1475 990 1536 orarios
1012 1474 1047 1534 in
1075 1494 1158 1533 mes·

70 1580 122 1619 sem
137 1578 221 1618 suam
232 1583 245 1627 ,·
267 1555 345 1639 quia
368 1577 425 1618 vos
443 1576 502 1637 pro
522 1554 614 1616 nohis
635 1554 803 1636 Episcopis
858 1555 957 1618 ebetis
978 1575 1092 1631 orare,
1123 1565 1159 1618 ut

69 1639 145 1701 robis
158 1640 254 1722 digna
274 1637 429 1721 possimus
444 1637 545 1718 loqui.
587 1637 698 1699 Messis
714 1645 821 1698 autem
836 1636 929 1699 amici
954 1647 1002 1700 est
1017 1633 1160 1720 populus

69 1722 96 1782 in
111 1722 276 1804 provincia
292 1720 386 1781 alteri
403 1718 652 1801 Metropolitano
669 1719 845 1783 commissa.
887 1720 982 1782 Unde
1006 1741 1062 1781 ros
1086 1717 1162 1781 hor·

70 1805 170 1882 tando,
192 1803 289 1886 quasi
306 1824 404 1862 manu
424 1804 530 1885 operis
548 1802 782 1878 confricando,
805 1801 845 1864 ad
873 1802 935 1865 Dei
957 1801 1158 1864 voluntatem

70 1897 95 1948 et
113 1895 245 1948 vestram
264 1886 399 1946 salutem
416 1885 450 1944 in
472 1905 587 1966 corpus
615 1883 747 1950 unitatis
769 1885 934 1947 Ecclesiae
962 1885 1104 1947 valemus
1126 1894 1161 1946 et

68 1969 211 2030 debemus>
225 1968 376 2029 traicere.
417 1968 454 2027 ln
469 1967 681 2048 parochianos
699 1975 804 2027 antem
819 1966 1057 2050 provinciarum
1086 1967 1160 2028 aliis

69 2049 314 2134 metropolitanis
344 2049 581 2112 commissarum
602 2050 717 2110 falcem
747 2049 861 2110 iudicii
890 2070 955 2110 uon
980 2049 1159 2129 mittimus,

67 2133 131 2214 quia
145 2151 204 2196 nec
228 2142 278 2194 est
297 2133 401 2207 unde,
426 2151 485 2193 nec
504 2142 648 2193 nostrum
668 2153 734 2192 esse
758 2132 1007 2192 consideramus.

132 2215 196 2278 lll.
237 2217 299 2277 Est
320 2221 352 2275 et
369 2215 432 2275 alia
446 2234 557 2291 causa,
579 2215 655 2294 quia
677 2213 727 2278 isti
746 2214 947 2275 venerabiles
968 2214 1100 2276 Domini
1125 2225 1159 2277 et

66 2298 228 2360 confratres
256 2297 356 2358 nostri
377 2296 560 2378 provinciae
587 2297 676 2358 istius
703 2296 877 2378 Episcopi,
901 2317 967 2356 non
1002 2296 1157 2359 habentes

65 2383 338 2462 metropolitanum
353 2380 558 2461 Episcopum,
577 2378 783 2460 exiguitatem
801 2390 940 2440 nostram
961 2378 1057 2441 sicin
1079 2380 1156 2454 suis,

64 2458 135 2522 sicut
155 2472 186 2524 et
203 2466 236 2523 in
265 2462 458 2544 specialibus
483 2460 600 2521 nostris
616 2461 737 2536 causis,
768 2481 825 2523 nos
854 2461 995 2521 fraterna
1024 2461 1157 2524 caritate

65 2542 165 2605 iubent
188 2555 221 2607 ct
249 2553 455 2606 commonent
476 2565 580 2624 agere,
621 2544 679 2604 Est
699 2545 760 2623 ita,
782 2543 913 2606 Domini
932 2544 1073 2607 fratres?
1113 2545 1157 2607 Et

63 2628 292 2708 responderunt
313 2627 374 2710 ipsi
389 2625 559 2708 Episcopi:
606 2626 650 2687 lta
669 2636 725 2691 cst.

135 2707 192 2772 lV.
235 2712 371 2772 Praeter
387 2729 423 2769 ea
445 2729 526 2790 quae
545 2707 875 2790 DomnusEpisccpns
890 2715 921 2769 et
933 2706 1033 2770 frater
1048 2717 1158 2770 noster

63 2790 334 2853 Adrc‘ntiusvobis
350 2813 389 2851 ex
403 2812 476 2866 sua,
502 2799 535 2850 et
551 2801 750 2850 caeterorum
772 2811 903 2852 sucrum
918 2813 955 2851 ac
974 2800 1158 2853 nostrorum

62 2874 185 2933 fratrum
197 2884 230 2935 et
248 2872 484 2934 venerabilium
494 2872 724 2956 Episcopornm
735 2891 824 2951 voce,
835 2872 927 2950 dixit,
943 2876 974 2935 in
989 2873 1051 2936 hoc
1062 2875 1158 2935 etiarn

61 2955 307 3018 animadvertere
325 2955 457 3037 potestis
475 2955 673 3016 voluntatem
687 2955 747 3016 Dei
765 2977 833 3016 esse
849 2964 884 3015 ut
900 2978 1049 3037 praesens
1064 2959 1159 3019 Dom-

62 3047 159 3098 auset
174 3038 247 3100 Rea
265 3047 384 3114 noster,
403 3038 459 3117 qui
478 3037 511 3096 in
526 3047 616 3118 parte
630 3037 720 3117 regni
737 3059 834 3120 quam
850 3037 1007 3100 hactenus
1025 3050 1113 3101 tenet
1127 3049 1159 3101 et

60 3119 173 3198 tenuit,
199 3129 234 3180 et
253 3119 345 3180 nobis
360 3141 397 3181 ac
412 3119 567 3181 Ecclesiis
588 3121 703 3180 nostris
722 3131 754 3182 et
775 3120 897 3203 populo
914 3121 972 3182 sibi
991 3121 1159 3184 commisso

61 3200 175 3262 utiliter
186 3211 313 3285 praeest
326 3224 362 3263 ac
377 3200 528 3284 praefuit,
538 3211 569 3260 et
581 3201 755 3262 salubriter
768 3204 898 3283 prodest
917 3215 950 3264 et
962 3206 1096 3286 profuit,
1112 3207 1160 3265 in·

59 3282 94 3342 de
113 3284 151 3344 ad
168 3283 259 3345 hunc
273 3284 378 3344 locum
388 3284 528 3344 Domino
542 3283 681 3346 ducente
695 3285 892 3367 pervenerit,
906 3291 981 3366 (quo
997 3287 1093 3348 ctiam
1105 3310 1160 3350 ros

59 3363 121 3424 eins
136 3365 349 3448 inspiratione
362 3365 572 3443 confluxistis,
584 3375 617 3427 ct
629 3367 689 3449 ipsi
704 3389 760 3428 vos
773 3377 886 3448 sponte
902 3371 1160 3446 commendastis,
1207 3423 1218 3442 ,

59 3446 142 3509 cuius
165 3446 326 3510 instinctu
343 3449 514 3508 animantia
536 3448 643 3509 omnia
662 3450 694 3509 in
710 3471 814 3510 arcam
825 3450 906 3528 llice,
926 3451 1161 3531 significantem

58 3526 221 3592 Ecclesiae
252 3529 434 3608 unitatem,
457 3530 549 3590 nullo
570 3541 705 3612 cogente
727 3535 1161 3616 convenerunrrqntosanc·

60 3619 103 3670 tae
125 3613 298 3675 memoriae
323 3622 413 3696 pater
435 3634 511 3673 suus
540 3613 697 3675 Domitius
726 3613 968 3692 Hludouricus,
997 3615 1069 3698 pius
1097 3618 1160 3676 lm·
1230 3630 1232 3636 ’

60 3705 181 3772 perator
208 3696 393 3779 Augustus,
427 3716 467 3755 ex
494 3696 650 3776 progenie
680 3697 875 3759 Hludonrici
904 3696 999 3779 Regis
1021 3699 1161 3762 Franco·

59 3794 124 3835 rum
140 3776 274 3860 inclyti,
297 3777 454 3861 perbeati
477 3776 617 3858 Remigii
640 3779 839 3840 Francorum
860 3779 1007 3864 Apostoli
1044 3781 1160 3841 Catho-

60 3855 147 3919 licam
172 3859 445 3940 praedicationem
462 3881 536 3921 cnm
559 3857 686 3940 integra
709 3873 804 3944 genta
830 3860 995 3940 conversi,
1026 3873 1059 3924 et
1086 3884 1160 3924 cnm

61 3940 156 4003 tribus
171 3945 374 4009 Francorum
399 3942 561 4016 millibus,
584 3942 728 4026 exceptis
751 3946 892 4026 parvulis
917 3945 1159 4020 etmulicribus,

61 4021 165 4105 vigilia
188 4026 290 4088 sancti
316 4025 457 4088 Paschae
486 4025 519 4084 in
548 4025 697 4086 Remensi
725 4029 911 4110 metropoli.
929 4027 1097 4111 baptizati,
1128 4037 1160 4088 et

61 4105 188 4169 coelitus
204 4117 331 4192 sumpto
348 4107 539 4185 chrismate,
562 4108 648 4169 unde
673 4107 779 4170 adhuc
805 4109 976 4187 hahemus,
1010 4109 1159 4194 peruncti

61 4191 91 4247 'a
103 4186 136 4250 in
155 4211 265 4275 regem
281 4190 414 4269 merati,
436 4199 568 4254 exortus
584 4209 643 4278 per
660 4189 789 4272 beatum
812 4193 1003 4271 arnulfum,
1031 4214 1048 4254 a
1067 4193 1159 4258 cuius
