<?xml version="1.0" encoding="UTF-8"?>
<!DOCTYPE html PUBLIC "-//W3C//DTD XHTML 1.0 Transitional//EN"
    "http://www.w3.org/TR/xhtml1/DTD/xhtml1-transitional.dtd">
<html xmlns="http://www.w3.org/1999/xhtml" xml:lang="en" lang="en">
 <head>
  <title>
</title>
<meta http-equiv="Content-Type" content="text/html;charset=utf-8" />
  <meta name='ocr-system' content='tesseract 3.04.00' />
  <meta name='ocr-capabilities' content='ocr_page ocr_carea ocr_par ocr_line ocrx_word'/>
</head>
<body>
  <div class='ocr_page' id='page_1' title='image "./corpusiurisgerm01visigoog_0376.png"; bbox 0 0 2712 4992; ppageno 0'>
   <div class='ocr_carea' id='block_1_1' title="bbox 546 249 1190 393">
    <p class='ocr_par' dir='ltr' id='par_1_1' title="bbox 546 249 1190 393">
     <span class='ocr_line' id='line_1_1' title="bbox 546 249 1190 393; baseline -0.003 -14"><span class='ocrx_word' id='word_1_1' title='bbox 546 321 729 379; x_wconf 71' lang='lat' dir='ltr'>mucram</span> <span class='ocrx_word' id='word_1_2' title='bbox 863 249 869 258; x_wconf 32' lang='grc' dir='ltr'>Ι</span> <span class='ocrx_word' id='word_1_3' title='bbox 1114 305 1190 393; x_wconf 68' lang='grc'>365</span> 
     </span>
    </p>
   </div>
   <div class='ocr_carea' id='block_1_2' title="bbox 74 457 1187 2200">
    <p class='ocr_par' dir='ltr' id='par_1_2' title="bbox 74 457 1187 2200">
     <span class='ocr_line' id='line_1_2' title="bbox 77 457 1184 560; baseline -0.011 -22"><span class='ocrx_word' id='word_1_4' title='bbox 77 479 128 538; x_wconf 85' lang='lat' dir='ltr'>in</span> <span class='ocrx_word' id='word_1_5' title='bbox 142 495 231 560; x_wconf 81' lang='lat' dir='ltr'>pago.</span> <span class='ocrx_word' id='word_1_6' title='bbox 246 471 326 548; x_wconf 93' lang='lat' dir='ltr'>illo,</span> <span class='ocrx_word' id='word_1_7' title='bbox 349 468 381 530; x_wconf 90' lang='lat' dir='ltr'>in</span> <span class='ocrx_word' id='word_1_8' title='bbox 402 469 474 530; x_wconf 89' lang='lat' dir='ltr'>loco</span> <span class='ocrx_word' id='word_1_9' title='bbox 490 464 546 547; x_wconf 89' lang='lat' dir='ltr'>qui</span> <span class='ocrx_word' id='word_1_10' title='bbox 567 463 685 526; x_wconf 88' lang='lat' dir='ltr'>dieitur</span> <span class='ocrx_word' id='word_1_11' title='bbox 701 462 781 540; x_wconf 86' lang='lat' dir='ltr'>ille,</span> <span class='ocrx_word' id='word_1_12' title='bbox 803 461 836 520; x_wconf 91' lang='lat' dir='ltr'>iu</span> <span class='ocrx_word' id='word_1_13' title='bbox 858 457 982 522; x_wconf 87' lang='lat' dir='ltr'>bonore</span> <span class='ocrx_word' id='word_1_14' title='bbox 1007 461 1115 542; x_wconf 87' lang='lat' dir='ltr'>Sancti</span> <span class='ocrx_word' id='word_1_15' title='bbox 1142 464 1184 526; x_wconf 91' lang='lat' dir='ltr'>il-</span> 
     </span>
     <span class='ocr_line' id='line_1_3' title="bbox 76 541 1184 629; baseline -0.014 -8"><span class='ocrx_word' id='word_1_16' title='bbox 76 561 156 621; x_wconf 85' lang='lat' dir='ltr'>h‘us</span> <span class='ocrx_word' id='word_1_17' title='bbox 172 561 375 629; x_wconf 89' lang='lat' dir='ltr'>constructo,</span> <span class='ocrx_word' id='word_1_18' title='bbox 398 571 460 611; x_wconf 89' lang='lat' dir='ltr'>uua</span> <span class='ocrx_word' id='word_1_19' title='bbox 477 567 550 610; x_wconf 87' lang='lat' dir='ltr'>cum</span> <span class='ocrx_word' id='word_1_20' title='bbox 566 543 731 606; x_wconf 84' lang='lat' dir='ltr'>Monicbas</span> <span class='ocrx_word' id='word_1_21' title='bbox 747 543 799 606; x_wconf 83' lang='lat' dir='ltr'>vel</span> <span class='ocrx_word' id='word_1_22' title='bbox 819 541 881 602; x_wconf 91' lang='lat' dir='ltr'>Dei</span> <span class='ocrx_word' id='word_1_23' title='bbox 897 543 1029 606; x_wconf 83' lang='lat' dir='ltr'><strong>ancillas</strong></span> <span class='ocrx_word' id='word_1_24' title='bbox 1055 548 1096 607; x_wconf 90' lang='lat' dir='ltr'>ad</span> <span class='ocrx_word' id='word_1_25' title='bbox 1112 546 1184 606; x_wconf 80' lang='lat' dir='ltr'>lau-</span> 
     </span>
     <span class='ocr_line' id='line_1_4' title="bbox 76 625 1184 708; baseline -0.014 -6"><span class='ocrx_word' id='word_1_26' title='bbox 76 643 166 702; x_wconf 89' lang='lat' dir='ltr'>dem</span> <span class='ocrx_word' id='word_1_27' title='bbox 185 636 306 700; x_wconf 82' lang='lat' dir='ltr'><strong>Christi</strong></span> <span class='ocrx_word' id='word_1_28' title='bbox 322 631 502 695; x_wconf 89' lang='lat' dir='ltr'>canendum</span> <span class='ocrx_word' id='word_1_29' title='bbox 517 629 578 690; x_wconf 90' lang='lat' dir='ltr'>sub</span> <span class='ocrx_word' id='word_1_30' title='bbox 603 625 770 708; x_wconf 84' lang='lat' dir='ltr'>religionis</span> <span class='ocrx_word' id='word_1_31' title='bbox 798 644 909 684; x_wconf 87' lang='lat' dir='ltr'>norma</span> <span class='ocrx_word' id='word_1_32' title='bbox 932 629 1112 688; x_wconf 85' lang='lat' dir='ltr'>conversari</span> <span class='ocrx_word' id='word_1_33' title='bbox 1134 627 1184 690; x_wconf 83' lang='lat' dir='ltr'>vi-</span> 
     </span>
     <span class='ocr_line' id='line_1_5' title="bbox 74 705 1187 796; baseline -0.012 -13"><span class='ocrx_word' id='word_1_34' title='bbox 74 724 221 795; x_wconf 85' lang='lat' dir='ltr'>dentur,</span> <span class='ocrx_word' id='word_1_35' title='bbox 242 715 411 796; x_wconf 84' lang='lat' dir='ltr'>clementia</span> <span class='ocrx_word' id='word_1_36' title='bbox 430 711 521 794; x_wconf 88' lang='lat' dir='ltr'>regui</span> <span class='ocrx_word' id='word_1_37' title='bbox 542 709 641 771; x_wconf 87' lang='lat' dir='ltr'>nostri</span> <span class='ocrx_word' id='word_1_38' title='bbox 659 707 892 791; x_wconf 82' lang='lat' dir='ltr'>suggestionem</span> <span class='ocrx_word' id='word_1_39' title='bbox 907 705 1019 768; x_wconf 88' lang='lat' dir='ltr'>intulit</span> <span class='ocrx_word' id='word_1_40' title='bbox 1037 730 1075 770; x_wconf 90' lang='lat' dir='ltr'>eo</span> <span class='ocrx_word' id='word_1_41' title='bbox 1095 705 1187 792; x_wconf 90' lang='lat' dir='ltr'>quod</span> 
     </span>
     <span class='ocr_line' id='line_1_6' title="bbox 74 788 1184 888; baseline -0.015 -23"><span class='ocrx_word' id='word_1_42' title='bbox 74 803 248 888; x_wconf 81' lang='lat' dir='ltr'>gloriosus</span> <span class='ocrx_word' id='word_1_43' title='bbox 264 805 407 862; x_wconf 90' lang='lat' dir='ltr'>Domnus</span> <span class='ocrx_word' id='word_1_44' title='bbox 429 804 461 855; x_wconf 88' lang='lat' dir='ltr'>et</span> <span class='ocrx_word' id='word_1_45' title='bbox 476 793 610 854; x_wconf 83' lang='lat' dir='ltr'>Genitor</span> <span class='ocrx_word' id='word_1_46' title='bbox 631 800 738 851; x_wconf 87' lang='lat' dir='ltr'>noster</span> <span class='ocrx_word' id='word_1_47' title='bbox 758 789 815 849; x_wconf 89' lang='lat' dir='ltr'>ille</span> <span class='ocrx_word' id='word_1_48' title='bbox 839 788 1001 868; x_wconf 89' lang='lat' dir='ltr'>quondam</span> <span class='ocrx_word' id='word_1_49' title='bbox 1029 791 1098 852; x_wconf 85' lang='lat' dir='ltr'>Rex</span> <span class='ocrx_word' id='word_1_50' title='bbox 1123 813 1184 874; x_wconf 86' lang='lat' dir='ltr'>per</span> 
     </span>
     <span class='ocr_line' id='line_1_7' title="bbox 76 870 1183 968; baseline -0.013 -20"><span class='ocrx_word' id='word_1_51' title='bbox 76 909 146 948; x_wconf 86' lang='lat' dir='ltr'>sua</span> <span class='ocrx_word' id='word_1_52' title='bbox 164 883 390 968; x_wconf 81' lang='lat' dir='ltr'>praeceptione</span> <span class='ocrx_word' id='word_1_53' title='bbox 413 899 468 938; x_wconf 90' lang='lat' dir='ltr'>sua</span> <span class='ocrx_word' id='word_1_54' title='bbox 482 897 578 934; x_wconf 87' lang='lat' dir='ltr'>manu</span> <span class='ocrx_word' id='word_1_55' title='bbox 602 873 748 934; x_wconf 83' lang='lat' dir='ltr'>roborata</span> <span class='ocrx_word' id='word_1_56' title='bbox 771 871 867 931; x_wconf 85' lang='lat' dir='ltr'>talem</span> <span class='ocrx_word' id='word_1_57' title='bbox 887 870 1119 935; x_wconf 86' lang='lat' dir='ltr'>immunitatem</span> <span class='ocrx_word' id='word_1_58' title='bbox 1141 873 1183 934; x_wconf 87' lang='lat' dir='ltr'>ad</span> 
     </span>
     <span class='ocr_line' id='line_1_8' title="bbox 78 952 1183 1052; baseline -0.014 -23"><span class='ocrx_word' id='word_1_59' title='bbox 78 971 158 1052; x_wconf 86' lang='lat' dir='ltr'>ipsa</span> <span class='ocrx_word' id='word_1_60' title='bbox 174 987 246 1027; x_wconf 83' lang='lat' dir='ltr'>casa</span> <span class='ocrx_word' id='word_1_61' title='bbox 261 964 341 1039; x_wconf 90' lang='lat' dir='ltr'>Dei,</span> <span class='ocrx_word' id='word_1_62' title='bbox 364 963 479 1022; x_wconf 90' lang='lat' dir='ltr'>Sancto</span> <span class='ocrx_word' id='word_1_63' title='bbox 498 957 574 1035; x_wconf 91' lang='lat' dir='ltr'>illo,</span> <span class='ocrx_word' id='word_1_64' title='bbox 596 955 647 1016; x_wconf 82' lang='lat' dir='ltr'>vel</span> <span class='ocrx_word' id='word_1_65' title='bbox 666 977 724 1016; x_wconf 90' lang='lat' dir='ltr'>seu</span> <span class='ocrx_word' id='word_1_66' title='bbox 741 952 934 1015; x_wconf 87' lang='lat' dir='ltr'>Mouasterio</span> <span class='ocrx_word' id='word_1_67' title='bbox 948 952 1025 1030; x_wconf 90' lang='lat' dir='ltr'>illo,</span> <span class='ocrx_word' id='word_1_68' title='bbox 1047 955 1099 1016; x_wconf 86' lang='lat' dir='ltr'>vel</span> <span class='ocrx_word' id='word_1_69' title='bbox 1115 955 1183 1038; x_wconf 87' lang='lat' dir='ltr'>ipsa</span> 
     </span>
     <span class='ocr_line' id='line_1_9' title="bbox 82 1034 1182 1118; baseline -0.015 -5"><span class='ocrx_word' id='word_1_70' title='bbox 82 1049 256 1113; x_wconf 78' lang='lat' dir='ltr'>Abbatissa</span> <span class='ocrx_word' id='word_1_71' title='bbox 274 1044 437 1106; x_wconf 84' lang='lat' dir='ltr'>habuisset</span> <span class='ocrx_word' id='word_1_72' title='bbox 463 1059 649 1100; x_wconf 88' lang='lat' dir='ltr'>concessum</span> <span class='ocrx_word' id='word_1_73' title='bbox 673 1046 767 1118; x_wconf 90' lang='lat' dir='ltr'>atque</span> <span class='ocrx_word' id='word_1_74' title='bbox 784 1034 945 1095; x_wconf 90' lang='lat' dir='ltr'>indultum</span> <span class='ocrx_word' id='word_1_75' title='bbox 964 1046 999 1095; x_wconf 90' lang='lat' dir='ltr'>nt</span> <span class='ocrx_word' id='word_1_76' title='bbox 1012 1037 1121 1098; x_wconf 89' lang='lat' dir='ltr'>nullus</span> <span class='ocrx_word' id='word_1_77' title='bbox 1136 1037 1182 1098; x_wconf 80' lang='lat' dir='ltr'>E-</span> 
     </span>
     <span class='ocr_line' id='line_1_10' title="bbox 85 1116 1185 1216; baseline -0.015 -21"><span class='ocrx_word' id='word_1_78' title='bbox 85 1133 243 1216; x_wconf 78' lang='lat' dir='ltr'>piscopos</span> <span class='ocrx_word' id='word_1_79' title='bbox 277 1137 331 1188; x_wconf 92' lang='lat' dir='ltr'>aut</span> <span class='ocrx_word' id='word_1_80' title='bbox 355 1122 606 1186; x_wconf 87' lang='lat' dir='ltr'>Archidiaconus</span> <span class='ocrx_word' id='word_1_81' title='bbox 631 1119 692 1179; x_wconf 93' lang='lat' dir='ltr'>loci</span> <span class='ocrx_word' id='word_1_82' title='bbox 721 1117 808 1178; x_wconf 91' lang='lat' dir='ltr'>illius</span> <span class='ocrx_word' id='word_1_83' title='bbox 840 1116 901 1178; x_wconf 90' lang='lat' dir='ltr'>nisi</span> <span class='ocrx_word' id='word_1_84' title='bbox 927 1116 1103 1180; x_wconf 89' lang='lat' dir='ltr'>orationem</span> <span class='ocrx_word' id='word_1_85' title='bbox 1128 1127 1185 1178; x_wconf 88' lang='lat' dir='ltr'>ant</span> 
     </span>
     <span class='ocr_line' id='line_1_11' title="bbox 85 1198 1183 1298; baseline -0.015 -23"><span class='ocrx_word' id='word_1_86' title='bbox 85 1210 364 1298; x_wconf 84' lang='lat' dir='ltr'>praedicationem</span> <span class='ocrx_word' id='word_1_87' title='bbox 395 1204 548 1267; x_wconf 88' lang='lat' dir='ltr'>lucranda</span> <span class='ocrx_word' id='word_1_88' title='bbox 571 1202 684 1284; x_wconf 88' lang='lat' dir='ltr'>gratia,</span> <span class='ocrx_word' id='word_1_89' title='bbox 718 1209 754 1260; x_wconf 89' lang='lat' dir='ltr'>ut</span> <span class='ocrx_word' id='word_1_90' title='bbox 777 1198 886 1259; x_wconf 89' lang='lat' dir='ltr'>nullus</span> <span class='ocrx_word' id='word_1_91' title='bbox 913 1199 1012 1259; x_wconf 82' lang='lat' dir='ltr'>ludex</span> <span class='ocrx_word' id='word_1_92' title='bbox 1036 1201 1183 1282; x_wconf 87' lang='lat' dir='ltr'>publicus</span> 
     </span>
     <span class='ocr_line' id='line_1_12' title="bbox 88 1281 1183 1378; baseline -0.012 -21"><span class='ocrx_word' id='word_1_93' title='bbox 88 1295 246 1378; x_wconf 80' lang='lat' dir='ltr'>quislibet</span> <span class='ocrx_word' id='word_1_94' title='bbox 279 1288 445 1352; x_wconf 88' lang='lat' dir='ltr'>iudiciaria</span> <span class='ocrx_word' id='word_1_95' title='bbox 466 1294 619 1368; x_wconf 83' lang='lat' dir='ltr'>potestate</span> <span class='ocrx_word' id='word_1_96' title='bbox 650 1283 811 1343; x_wconf 89' lang='lat' dir='ltr'>accinctus</span> <span class='ocrx_word' id='word_1_97' title='bbox 839 1281 943 1344; x_wconf 89' lang='lat' dir='ltr'>in....</span> <span class='ocrx_word' id='word_1_98' title='bbox 968 1281 1055 1342; x_wconf 83' lang='lat' dir='ltr'>villis</span> <span class='ocrx_word' id='word_1_99' title='bbox 1084 1283 1183 1365; x_wconf 90' lang='lat' dir='ltr'>ipsius</span> 
     </span>
     <span class='ocr_line' id='line_1_13' title="bbox 88 1362 1183 1464; baseline -0.018 -23"><span class='ocrx_word' id='word_1_100' title='bbox 88 1374 281 1464; x_wconf 67' lang='lat' dir='ltr'>Monasterii</span> <span class='ocrx_word' id='word_1_101' title='bbox 299 1373 425 1434; x_wconf 90' lang='lat' dir='ltr'>nullum</span> <span class='ocrx_word' id='word_1_102' title='bbox 443 1367 603 1430; x_wconf 80' lang='lat' dir='ltr'>debuisset</span> <span class='ocrx_word' id='word_1_103' title='bbox 627 1364 744 1425; x_wconf 85' lang='lat' dir='ltr'>habere</span> <span class='ocrx_word' id='word_1_104' title='bbox 766 1362 949 1439; x_wconf 89' lang='lat' dir='ltr'>introitum,</span> <span class='ocrx_word' id='word_1_105' title='bbox 985 1383 1045 1424; x_wconf 90' lang='lat' dir='ltr'>nec</span> <span class='ocrx_word' id='word_1_106' title='bbox 1075 1387 1183 1427; x_wconf 83' lang='lat' dir='ltr'>causae</span> 
     </span>
     <span class='ocr_line' id='line_1_14' title="bbox 85 1445 1182 1533; baseline -0.012 -13"><span class='ocrx_word' id='word_1_107' title='bbox 85 1459 284 1533; x_wconf 88' lang='lat' dir='ltr'>audiendas,</span> <span class='ocrx_word' id='word_1_108' title='bbox 307 1477 367 1516; x_wconf 89' lang='lat' dir='ltr'>nec</span> <span class='ocrx_word' id='word_1_109' title='bbox 384 1452 474 1514; x_wconf 90' lang='lat' dir='ltr'>freda</span> <span class='ocrx_word' id='word_1_110' title='bbox 495 1448 667 1529; x_wconf 84' lang='lat' dir='ltr'>exigenda,</span> <span class='ocrx_word' id='word_1_111' title='bbox 691 1468 750 1507; x_wconf 91' lang='lat' dir='ltr'>nec</span> <span class='ocrx_word' id='word_1_112' title='bbox 781 1445 980 1505; x_wconf 86' lang='lat' dir='ltr'>fideiussores</span> <span class='ocrx_word' id='word_1_113' title='bbox 998 1447 1182 1524; x_wconf 88' lang='lat' dir='ltr'>tollendos,</span> 
     </span>
     <span class='ocr_line' id='line_1_15' title="bbox 84 1526 1184 1615; baseline -0.015 -12"><span class='ocrx_word' id='word_1_114' title='bbox 84 1562 151 1603; x_wconf 87' lang='lat' dir='ltr'>nec</span> <span class='ocrx_word' id='word_1_115' title='bbox 167 1541 346 1600; x_wconf 85' lang='lat' dir='ltr'>mansiones</span> <span class='ocrx_word' id='word_1_116' title='bbox 362 1535 416 1598; x_wconf 77' lang='lat' dir='ltr'>adt</span> <span class='ocrx_word' id='word_1_117' title='bbox 436 1540 558 1615; x_wconf 87' lang='lat' dir='ltr'>paratas</span> <span class='ocrx_word' id='word_1_118' title='bbox 575 1529 800 1610; x_wconf 83' lang='lat' dir='ltr'>requirendas,</span> <span class='ocrx_word' id='word_1_119' title='bbox 832 1547 892 1587; x_wconf 92' lang='lat' dir='ltr'>nec</span> <span class='ocrx_word' id='word_1_120' title='bbox 917 1526 1021 1588; x_wconf 87' lang='lat' dir='ltr'>nullas</span> <span class='ocrx_word' id='word_1_121' title='bbox 1043 1529 1184 1590; x_wconf 87' lang='lat' dir='ltr'>retribu-</span> 
     </span>
     <span class='ocr_line' id='line_1_16' title="bbox 83 1609 1183 1694; baseline -0.012 -10"><span class='ocrx_word' id='word_1_122' title='bbox 83 1626 196 1688; x_wconf 79' lang='lat' dir='ltr'>tiones</span> <span class='ocrx_word' id='word_1_123' title='bbox 211 1619 423 1694; x_wconf 71' lang='lat' dir='ltr'>exactandas,</span> <span class='ocrx_word' id='word_1_124' title='bbox 445 1623 476 1674; x_wconf 90' lang='lat' dir='ltr'>et</span> <span class='ocrx_word' id='word_1_125' title='bbox 491 1612 577 1694; x_wconf 89' lang='lat' dir='ltr'>quod</span> <span class='ocrx_word' id='word_1_126' title='bbox 598 1611 692 1672; x_wconf 83' lang='lat' dir='ltr'>fiscus</span> <span class='ocrx_word' id='word_1_127' title='bbox 707 1620 814 1670; x_wconf 88' lang='lat' dir='ltr'>noster</span> <span class='ocrx_word' id='word_1_128' title='bbox 828 1609 946 1670; x_wconf 83' lang='lat' dir='ltr'>exinde</span> <span class='ocrx_word' id='word_1_129' title='bbox 970 1610 1098 1690; x_wconf 78' lang='lat' dir='ltr'>exigere</span> <span class='ocrx_word' id='word_1_130' title='bbox 1123 1633 1183 1693; x_wconf 93' lang='lat' dir='ltr'>po·</span> 
     </span>
     <span class='ocr_line' id='line_1_17' title="bbox 78 1691 1184 1781; baseline -0.017 -12"><span class='ocrx_word' id='word_1_131' title='bbox 78 1707 184 1781; x_wconf 84' lang='lat' dir='ltr'>terit,</span> <span class='ocrx_word' id='word_1_132' title='bbox 207 1701 392 1774; x_wconf 85' lang='lat' dir='ltr'>nullatenus</span> <span class='ocrx_word' id='word_1_133' title='bbox 406 1705 570 1758; x_wconf 77' lang='lat' dir='ltr'>exactetur</span> <span class='ocrx_word' id='word_1_134' title='bbox 588 1715 648 1768; x_wconf 86' lang='lat' dir='ltr'>nec</span> <span class='ocrx_word' id='word_1_135' title='bbox 667 1692 858 1774; x_wconf 89' lang='lat' dir='ltr'>requiratur.</span> <span class='ocrx_word' id='word_1_136' title='bbox 901 1691 992 1752; x_wconf 90' lang='lat' dir='ltr'>Unde</span> <span class='ocrx_word' id='word_1_137' title='bbox 1012 1701 1045 1752; x_wconf 89' lang='lat' dir='ltr'>et</span> <span class='ocrx_word' id='word_1_138' title='bbox 1065 1693 1184 1753; x_wconf 88' lang='lat' dir='ltr'>confir-</span> 
     </span>
     <span class='ocr_line' id='line_1_18' title="bbox 83 1775 1183 1858; baseline -0.012 -10"><span class='ocrx_word' id='word_1_139' title='bbox 83 1787 246 1848; x_wconf 90' lang='lat' dir='ltr'>mationes</span> <span class='ocrx_word' id='word_1_140' title='bbox 267 1783 463 1845; x_wconf 86' lang='lat' dir='ltr'>anteriorum</span> <span class='ocrx_word' id='word_1_141' title='bbox 488 1778 611 1856; x_wconf 81' lang='lat' dir='ltr'>Regum</span> <span class='ocrx_word' id='word_1_142' title='bbox 634 1783 865 1858; x_wconf 89' lang='lat' dir='ltr'>parentumque</span> <span class='ocrx_word' id='word_1_143' title='bbox 888 1781 1069 1832; x_wconf 89' lang='lat' dir='ltr'>nostrorum</span> <span class='ocrx_word' id='word_1_144' title='bbox 1091 1775 1183 1836; x_wconf 89' lang='lat' dir='ltr'>nobis</span> 
     </span>
     <span class='ocr_line' id='line_1_19' title="bbox 84 1854 1183 1952; baseline -0.014 -22"><span class='ocrx_word' id='word_1_145' title='bbox 84 1872 123 1930; x_wconf 90' lang='lat' dir='ltr'>in</span> <span class='ocrx_word' id='word_1_146' title='bbox 142 1876 310 1952; x_wconf 85' lang='lat' dir='ltr'>praesente</span> <span class='ocrx_word' id='word_1_147' title='bbox 327 1862 467 1947; x_wconf 87' lang='lat' dir='ltr'>protulit</span> <span class='ocrx_word' id='word_1_148' title='bbox 484 1857 687 1938; x_wconf 79' lang='lat' dir='ltr'>relegendas,</span> <span class='ocrx_word' id='word_1_149' title='bbox 711 1866 742 1916; x_wconf 90' lang='lat' dir='ltr'>et</span> <span class='ocrx_word' id='word_1_150' title='bbox 754 1855 847 1937; x_wconf 90' lang='lat' dir='ltr'>petiit</span> <span class='ocrx_word' id='word_1_151' title='bbox 867 1854 1058 1916; x_wconf 86' lang='lat' dir='ltr'>celsitudine</span> <span class='ocrx_word' id='word_1_152' title='bbox 1076 1867 1183 1917; x_wconf 89' lang='lat' dir='ltr'>nostra</span> 
     </span>
     <span class='ocr_line' id='line_1_20' title="bbox 86 1937 1183 2032; baseline -0.012 -20"><span class='ocrx_word' id='word_1_153' title='bbox 86 1962 125 2012; x_wconf 90' lang='lat' dir='ltr'>ut</span> <span class='ocrx_word' id='word_1_154' title='bbox 146 1950 232 2014; x_wconf 88' lang='lat' dir='ltr'>circa</span> <span class='ocrx_word' id='word_1_155' title='bbox 252 1950 319 2032; x_wconf 92' lang='lat' dir='ltr'>ipso</span> <span class='ocrx_word' id='word_1_156' title='bbox 340 1939 532 2008; x_wconf 87' lang='lat' dir='ltr'>Monasterio</span> <span class='ocrx_word' id='word_1_157' title='bbox 548 1951 654 2000; x_wconf 87' lang='lat' dir='ltr'>nostro</span> <span class='ocrx_word' id='word_1_158' title='bbox 671 1940 732 1998; x_wconf 90' lang='lat' dir='ltr'>hoc</span> <span class='ocrx_word' id='word_1_159' title='bbox 753 1937 884 2000; x_wconf 87' lang='lat' dir='ltr'>deberet</span> <span class='ocrx_word' id='word_1_160' title='bbox 899 1938 1066 1999; x_wconf 87' lang='lat' dir='ltr'>auctoritas</span> <span class='ocrx_word' id='word_1_161' title='bbox 1089 1960 1183 2020; x_wconf 90' lang='lat' dir='ltr'>gene·</span> 
     </span>
     <span class='ocr_line' id='line_1_21' title="bbox 84 2020 1182 2100; baseline -0.014 -5"><span class='ocrx_word' id='word_1_162' title='bbox 84 2035 204 2096; x_wconf 83' lang='lat' dir='ltr'>r&#39;aliter</span> <span class='ocrx_word' id='word_1_163' title='bbox 222 2031 418 2092; x_wconf 87' lang='lat' dir='ltr'>confirmare.</span> <span class='ocrx_word' id='word_1_164' title='bbox 461 2022 520 2086; x_wconf 92' lang='lat' dir='ltr'>Cui</span> <span class='ocrx_word' id='word_1_165' title='bbox 540 2041 596 2082; x_wconf 90' lang='lat' dir='ltr'>nos</span> <span class='ocrx_word' id='word_1_166' title='bbox 611 2021 699 2082; x_wconf 88' lang='lat' dir='ltr'>hunc</span> <span class='ocrx_word' id='word_1_167' title='bbox 711 2020 903 2081; x_wconf 88' lang='lat' dir='ltr'>beneficium</span> <span class='ocrx_word' id='word_1_168' title='bbox 918 2028 1060 2100; x_wconf 77' lang='lat' dir='ltr'>gratante</span> <span class='ocrx_word' id='word_1_169' title='bbox 1075 2021 1182 2080; x_wconf 90' lang='lat' dir='ltr'>animo</span> 
     </span>
     <span class='ocr_line' id='line_1_22' title="bbox 84 2101 1182 2200; baseline -0.012 -23"><span class='ocrx_word' id='word_1_170' title='bbox 84 2138 150 2200; x_wconf 88' lang='lat' dir='ltr'>pro</span> <span class='ocrx_word' id='word_1_171' title='bbox 166 2113 322 2176; x_wconf 85' lang='lat' dir='ltr'>mercedis</span> <span class='ocrx_word' id='word_1_172' title='bbox 334 2117 468 2170; x_wconf 87' lang='lat' dir='ltr'>nostrae</span> <span class='ocrx_word' id='word_1_173' title='bbox 481 2112 684 2185; x_wconf 85' lang='lat' dir='ltr'>augmentum</span> <span class='ocrx_word' id='word_1_174' title='bbox 701 2124 765 2161; x_wconf 91' lang='lat' dir='ltr'>non</span> <span class='ocrx_word' id='word_1_175' title='bbox 782 2102 885 2163; x_wconf 86' lang='lat' dir='ltr'>solum</span> <span class='ocrx_word' id='word_1_176' title='bbox 905 2101 1115 2179; x_wconf 88' lang='lat' dir='ltr'>confirmasse,</span> <span class='ocrx_word' id='word_1_177' title='bbox 1124 2103 1182 2164; x_wconf 89' lang='lat' dir='ltr'>sed</span> 
     </span>
    </p>
   </div>
   <div class='ocr_carea' id='block_1_3' title="bbox 86 2183 1198 2260">
    <p class='ocr_par' dir='ltr' id='par_1_3' title="bbox 86 2183 1198 2260">
     <span class='ocr_line' id='line_1_23' title="bbox 86 2183 1198 2260; baseline -0.013 0"><span class='ocrx_word' id='word_1_178' title='bbox 86 2199 188 2260; x_wconf 90' lang='lat' dir='ltr'>etiam</span> <span class='ocrx_word' id='word_1_179' title='bbox 205 2197 238 2256; x_wconf 88' lang='lat' dir='ltr'>iu</span> <span class='ocrx_word' id='word_1_180' title='bbox 258 2214 343 2256; x_wconf 86' lang='lat' dir='ltr'>novo</span> <span class='ocrx_word' id='word_1_181' title='bbox 359 2191 417 2252; x_wconf 91' lang='lat' dir='ltr'>sub</span> <span class='ocrx_word' id='word_1_182' title='bbox 438 2185 644 2247; x_wconf 88' lang='lat' dir='ltr'>immunitatis</span> <span class='ocrx_word' id='word_1_183' title='bbox 660 2185 789 2245; x_wconf 88' lang='lat' dir='ltr'>nomine</span> <span class='ocrx_word' id='word_1_184' title='bbox 813 2183 1016 2249; x_wconf 84' lang='lat' dir='ltr'>concessisse.</span> <span class='ocrx_word' id='word_1_185' title='bbox 1062 2186 1198 2246; x_wconf 83' lang='lat' dir='ltr'>Denuo</span> 
     </span>
    </p>
   </div>
   <div class='ocr_carea' id='block_1_4' title="bbox 83 2265 1178 2363">
    <p class='ocr_par' dir='ltr' id='par_1_4' title="bbox 83 2265 1178 2363">
     <span class='ocr_line' id='line_1_24' title="bbox 83 2265 1178 2363; baseline -0.013 -22"><span class='ocrx_word' id='word_1_186' title='bbox 83 2301 150 2363; x_wconf 91' lang='lat' dir='ltr'>per</span> <span class='ocrx_word' id='word_1_187' title='bbox 165 2278 254 2338; x_wconf 83' lang='lat' dir='ltr'>hunc</span> <span class='ocrx_word' id='word_1_188' title='bbox 270 2278 480 2356; x_wconf 84' lang='lat' dir='ltr'>Praeceptum</span> <span class='ocrx_word' id='word_1_189' title='bbox 498 2267 669 2350; x_wconf 80' lang='lat' dir='ltr'>specialius¹</span> <span class='ocrx_word' id='word_1_190' title='bbox 691 2266 891 2327; x_wconf 85' lang='lat' dir='ltr'>decernimus</span> <span class='ocrx_word' id='word_1_191' title='bbox 911 2265 1108 2345; x_wconf 84' lang='lat' dir='ltr'>ordinand0,</span> <span class='ocrx_word' id='word_1_192' title='bbox 1130 2277 1178 2328; x_wconf 88' lang='lat' dir='ltr'>at-</span> 
     </span>
    </p>
   </div>
   <div class='ocr_carea' id='block_1_5' title="bbox 87 2347 1180 2517">
    <p class='ocr_par' dir='ltr' id='par_1_5' title="bbox 87 2347 1180 2517">
     <span class='ocr_line' id='line_1_25' title="bbox 87 2347 1180 2444; baseline -0.012 -22"><span class='ocrx_word' id='word_1_193' title='bbox 87 2382 155 2444; x_wconf 89' lang='lat' dir='ltr'>que</span> <span class='ocrx_word' id='word_1_194' title='bbox 176 2359 308 2430; x_wconf 87' lang='lat' dir='ltr'>omnino</span> <span class='ocrx_word' id='word_1_195' title='bbox 323 2357 485 2429; x_wconf 88' lang='lat' dir='ltr'>iubemus,</span> <span class='ocrx_word' id='word_1_196' title='bbox 507 2349 594 2430; x_wconf 91' lang='lat' dir='ltr'>quod</span> <span class='ocrx_word' id='word_1_197' title='bbox 617 2348 649 2408; x_wconf 91' lang='lat' dir='ltr'>in</span> <span class='ocrx_word' id='word_1_198' title='bbox 674 2357 862 2430; x_wconf 88' lang='lat' dir='ltr'>perpetuum</span> <span class='ocrx_word' id='word_1_199' title='bbox 883 2347 1000 2426; x_wconf 86' lang='lat' dir='ltr'>absque</span> <span class='ocrx_word' id='word_1_200' title='bbox 1023 2348 1099 2410; x_wconf 89' lang='lat' dir='ltr'>ullis</span> <span class='ocrx_word' id='word_1_201' title='bbox 1125 2351 1180 2409; x_wconf 88' lang='lat' dir='ltr'>ob-</span> 
     </span>
     <span class='ocr_line' id='line_1_26' title="bbox 89 2431 1178 2517; baseline -0.016 -11"><span class='ocrx_word' id='word_1_202' title='bbox 89 2443 221 2506; x_wconf 89' lang='lat' dir='ltr'>staculis</span> <span class='ocrx_word' id='word_1_203' title='bbox 238 2451 269 2502; x_wconf 89' lang='lat' dir='ltr'>et</span> <span class='ocrx_word' id='word_1_204' title='bbox 285 2433 549 2517; x_wconf 83' lang='lat' dir='ltr'>refragationibus</span> <span class='ocrx_word' id='word_1_205' title='bbox 565 2431 711 2491; x_wconf 80' lang='lat' dir='ltr'>volumus</span> <span class='ocrx_word' id='word_1_206' title='bbox 740 2451 805 2490; x_wconf 88' lang='lat' dir='ltr'>esse</span> <span class='ocrx_word' id='word_1_207' title='bbox 833 2451 1017 2490; x_wconf 91' lang='lat' dir='ltr'>mansurum</span> <span class='ocrx_word' id='word_1_208' title='bbox 1043 2452 1178 2510; x_wconf 82' lang='lat' dir='ltr'>cognos-</span> 
     </span>
    </p>
   </div>
   <div class='ocr_carea' id='block_1_6' title="bbox 90 2510 1216 2606">
    <p class='ocr_par' dir='ltr' id='par_1_6' title="bbox 90 2510 1216 2606">
     <span class='ocr_line' id='line_1_27' title="bbox 90 2510 1216 2606; baseline -0.013 -20"><span class='ocrx_word' id='word_1_209' title='bbox 90 2527 173 2604; x_wconf 90' lang='lat' dir='ltr'>cite,</span> <span class='ocrx_word' id='word_1_210' title='bbox 201 2521 433 2606; x_wconf 89' lang='lat' dir='ltr'>praecipientes</span> <span class='ocrx_word' id='word_1_211' title='bbox 468 2523 504 2574; x_wconf 86' lang='lat' dir='ltr'>ut</span> <span class='ocrx_word' id='word_1_212' title='bbox 530 2513 612 2573; x_wconf 88' lang='lat' dir='ltr'>sicut</span> <span class='ocrx_word' id='word_1_213' title='bbox 632 2520 755 2572; x_wconf 89' lang='lat' dir='ltr'>constat</span> <span class='ocrx_word' id='word_1_214' title='bbox 785 2511 817 2570; x_wconf 89' lang='lat' dir='ltr'>in</span> <span class='ocrx_word' id='word_1_215' title='bbox 855 2511 1042 2591; x_wconf 88' lang='lat' dir='ltr'>supradictis</span> <span class='ocrx_word' id='word_1_216' title='bbox 1074 2510 1177 2572; x_wconf 89' lang='lat' dir='ltr'>titulis</span> <span class='ocrx_word' id='word_1_217' title='bbox 1214 2584 1216 2595; x_wconf 34' lang='lat'>¹</span> 
     </span>
    </p>
   </div>
   <div class='ocr_carea' id='block_1_7' title="bbox 85 2593 1180 3087">
    <p class='ocr_par' dir='ltr' id='par_1_7' title="bbox 85 2593 1180 3087">
     <span class='ocr_line' id='line_1_28' title="bbox 89 2593 1178 2688; baseline -0.017 -18"><span class='ocrx_word' id='word_1_218' title='bbox 89 2607 245 2688; x_wconf 89' lang='lat' dir='ltr'>scriptum</span> <span class='ocrx_word' id='word_1_219' title='bbox 270 2624 335 2664; x_wconf 88' lang='lat' dir='ltr'>esse</span> <span class='ocrx_word' id='word_1_220' title='bbox 363 2598 502 2661; x_wconf 87' lang='lat' dir='ltr'>utillud</span> <span class='ocrx_word' id='word_1_221' title='bbox 528 2595 756 2656; x_wconf 85' lang='lat' dir='ltr'>blonasterium</span> <span class='ocrx_word' id='word_1_222' title='bbox 784 2603 911 2653; x_wconf 86' lang='lat' dir='ltr'>maneat</span> <span class='ocrx_word' id='word_1_223' title='bbox 931 2593 1046 2672; x_wconf 78' lang='lat' dir='ltr'>absque</span> <span class='ocrx_word' id='word_1_224' title='bbox 1074 2594 1178 2658; x_wconf 88' lang='lat' dir='ltr'>ullum</span> 
     </span>
     <span class='ocr_line' id='line_1_29' title="bbox 89 2673 1180 2766; baseline -0.012 -16"><span class='ocrx_word' id='word_1_225' title='bbox 89 2689 259 2753; x_wconf 86' lang='lat' dir='ltr'>introitum</span> <span class='ocrx_word' id='word_1_226' title='bbox 283 2683 433 2766; x_wconf 89' lang='lat' dir='ltr'>Episcopi</span> <span class='ocrx_word' id='word_1_227' title='bbox 461 2689 515 2739; x_wconf 88' lang='lat' dir='ltr'>aut</span> <span class='ocrx_word' id='word_1_228' title='bbox 541 2673 784 2752; x_wconf 87' lang='lat' dir='ltr'>Archidiaconi,</span> <span class='ocrx_word' id='word_1_229' title='bbox 817 2674 878 2735; x_wconf 90' lang='lat' dir='ltr'>nisi</span> <span class='ocrx_word' id='word_1_230' title='bbox 918 2674 1093 2735; x_wconf 87' lang='lat' dir='ltr'>orationem</span> <span class='ocrx_word' id='word_1_231' title='bbox 1124 2685 1180 2737; x_wconf 91' lang='lat' dir='ltr'>aut</span> 
     </span>
     <span class='ocr_line' id='line_1_30' title="bbox 87 2756 1178 2854; baseline -0.014 -21"><span class='ocrx_word' id='word_1_232' title='bbox 87 2769 361 2854; x_wconf 87' lang='lat' dir='ltr'>praedicationem</span> <span class='ocrx_word' id='word_1_233' title='bbox 373 2762 540 2837; x_wconf 86' lang='lat' dir='ltr'>lucrand0,</span> <span class='ocrx_word' id='word_1_234' title='bbox 562 2767 597 2818; x_wconf 90' lang='lat' dir='ltr'>ut</span> <span class='ocrx_word' id='word_1_235' title='bbox 617 2759 724 2818; x_wconf 91' lang='lat' dir='ltr'>nullus</span> <span class='ocrx_word' id='word_1_236' title='bbox 742 2757 842 2817; x_wconf 78' lang='lat' dir='ltr'>ludex</span> <span class='ocrx_word' id='word_1_237' title='bbox 856 2756 1004 2837; x_wconf 88' lang='lat' dir='ltr'>publicus</span> <span class='ocrx_word' id='word_1_238' title='bbox 1021 2757 1054 2816; x_wconf 91' lang='lat' dir='ltr'>in</span> <span class='ocrx_word' id='word_1_239' title='bbox 1073 2768 1178 2818; x_wconf 86' lang='lat' dir='ltr'>curtes</span> 
     </span>
     <span class='ocr_line' id='line_1_31' title="bbox 89 2837 1178 2932; baseline -0.017 -17"><span class='ocrx_word' id='word_1_240' title='bbox 89 2853 145 2915; x_wconf 87' lang='lat' dir='ltr'>vel</span> <span class='ocrx_word' id='word_1_241' title='bbox 164 2853 258 2913; x_wconf 85' lang='lat' dir='ltr'>villas</span> <span class='ocrx_word' id='word_1_242' title='bbox 278 2850 376 2932; x_wconf 87' lang='lat' dir='ltr'>ipsius</span> <span class='ocrx_word' id='word_1_243' title='bbox 395 2841 606 2907; x_wconf 77' lang='lat' dir='ltr'>Mo&#39;uasteriae</span> <span class='ocrx_word' id='word_1_244' title='bbox 629 2841 756 2900; x_wconf 90' lang='lat' dir='ltr'>nullum</span> <span class='ocrx_word' id='word_1_245' title='bbox 786 2839 900 2899; x_wconf 90' lang='lat' dir='ltr'>debeat</span> <span class='ocrx_word' id='word_1_246' title='bbox 921 2837 1038 2900; x_wconf 86' lang='lat' dir='ltr'>habere</span> <span class='ocrx_word' id='word_1_247' title='bbox 1061 2838 1178 2900; x_wconf 86' lang='lat' dir='ltr'>introi·</span> 
     </span>
     <span class='ocr_line' id='line_1_32' title="bbox 86 2921 1178 3012; baseline -0.016 -16"><span class='ocrx_word' id='word_1_248' title='bbox 86 2947 174 3012; x_wconf 90' lang='lat' dir='ltr'>tum,</span> <span class='ocrx_word' id='word_1_249' title='bbox 197 2955 257 2994; x_wconf 88' lang='lat' dir='ltr'>nec</span> <span class='ocrx_word' id='word_1_250' title='bbox 278 2950 385 2993; x_wconf 88' lang='lat' dir='ltr'>causas</span> <span class='ocrx_word' id='word_1_251' title='bbox 406 2924 597 2998; x_wconf 87' lang='lat' dir='ltr'>audiendas,</span> <span class='ocrx_word' id='word_1_252' title='bbox 620 2943 679 2981; x_wconf 90' lang='lat' dir='ltr'>uec</span> <span class='ocrx_word' id='word_1_253' title='bbox 693 2921 783 2982; x_wconf 85' lang='lat' dir='ltr'>freda</span> <span class='ocrx_word' id='word_1_254' title='bbox 805 2921 981 3002; x_wconf 78' lang='lat' dir='ltr'>exigenda,</span> <span class='ocrx_word' id='word_1_255' title='bbox 1010 2942 1069 2980; x_wconf 90' lang='lat' dir='ltr'>uec</span> <span class='ocrx_word' id='word_1_256' title='bbox 1097 2921 1178 2984; x_wconf 88' lang='lat' dir='ltr'>fide-</span> 
     </span>
     <span class='ocr_line' id='line_1_33' title="bbox 85 3002 1176 3087; baseline -0.013 -9"><span class='ocrx_word' id='word_1_257' title='bbox 85 3017 228 3078; x_wconf 89' lang='lat' dir='ltr'>iussores</span> <span class='ocrx_word' id='word_1_258' title='bbox 244 3013 423 3087; x_wconf 90' lang='lat' dir='ltr'>tollendos,</span> <span class='ocrx_word' id='word_1_259' title='bbox 447 3029 506 3068; x_wconf 90' lang='lat' dir='ltr'>nec</span> <span class='ocrx_word' id='word_1_260' title='bbox 528 3002 707 3064; x_wconf 87' lang='lat' dir='ltr'>mansiones</span> <span class='ocrx_word' id='word_1_261' title='bbox 725 3012 779 3062; x_wconf 88' lang='lat' dir='ltr'>aut</span> <span class='ocrx_word' id='word_1_262' title='bbox 793 3014 914 3084; x_wconf 87' lang='lat' dir='ltr'>paratas</span> <span class='ocrx_word' id='word_1_263' title='bbox 941 3003 1176 3084; x_wconf 75' lang='lat' dir='ltr'>requirendae,</span> 
     </span>
    </p>
   </div>
   <div class='ocr_carea' id='block_1_8' title="bbox 87 3085 1227 3166">
    <p class='ocr_par' dir='ltr' id='par_1_8' title="bbox 87 3085 1227 3166">
     <span class='ocr_line' id='line_1_34' title="bbox 87 3085 1227 3166; baseline -0.012 -6"><span class='ocrx_word' id='word_1_264' title='bbox 87 3121 151 3160; x_wconf 92' lang='lat' dir='ltr'>nec</span> <span class='ocrx_word' id='word_1_265' title='bbox 168 3098 273 3158; x_wconf 91' lang='lat' dir='ltr'>nullas</span> <span class='ocrx_word' id='word_1_266' title='bbox 291 3092 521 3157; x_wconf 86' lang='lat' dir='ltr'>retributiones</span> <span class='ocrx_word' id='word_1_267' title='bbox 544 3086 752 3162; x_wconf 76' lang='lat' dir='ltr'>exactandas,</span> <span class='ocrx_word' id='word_1_268' title='bbox 783 3094 815 3144; x_wconf 90' lang='lat' dir='ltr'>et</span> <span class='ocrx_word' id='word_1_269' title='bbox 835 3085 923 3166; x_wconf 90' lang='lat' dir='ltr'>quod</span> <span class='ocrx_word' id='word_1_270' title='bbox 954 3086 1046 3146; x_wconf 88' lang='lat' dir='ltr'>fiscus</span> <span class='ocrx_word' id='word_1_271' title='bbox 1069 3095 1178 3147; x_wconf 89' lang='lat' dir='ltr'>noster</span> <span class='ocrx_word' id='word_1_272' title='bbox 1225 3131 1227 3135; x_wconf 66' lang='lat'>,</span> 
     </span>
    </p>
   </div>
   <div class='ocr_carea' id='block_1_9' title="bbox 81 3167 1177 3907">
    <p class='ocr_par' dir='ltr' id='par_1_9' title="bbox 81 3167 1177 3907">
     <span class='ocr_line' id='line_1_35' title="bbox 86 3167 1176 3259; baseline -0.015 -17"><span class='ocrx_word' id='word_1_273' title='bbox 86 3179 208 3243; x_wconf 64' lang='lat' dir='ltr'>exinde</span> <span class='ocrx_word' id='word_1_274' title='bbox 228 3178 355 3259; x_wconf 79' lang='lat' dir='ltr'>exigere</span> <span class='ocrx_word' id='word_1_275' title='bbox 375 3173 508 3258; x_wconf 86' lang='lat' dir='ltr'>poterit,</span> <span class='ocrx_word' id='word_1_276' title='bbox 538 3168 722 3228; x_wconf 88' lang='lat' dir='ltr'>nullatenus</span> <span class='ocrx_word' id='word_1_277' title='bbox 752 3177 916 3228; x_wconf 71' lang='lat' dir='ltr'>exactetur</span> <span class='ocrx_word' id='word_1_278' title='bbox 939 3188 998 3256; x_wconf 75' lang='lat' dir='ltr'>uec</span> <span class='ocrx_word' id='word_1_279' title='bbox 1029 3167 1176 3248; x_wconf 89' lang='lat' dir='ltr'>requira-</span> 
     </span>
     <span class='ocr_line' id='line_1_36' title="bbox 85 3249 1176 3394; baseline -0.014 -71"><span class='ocrx_word' id='word_1_280' title='bbox 85 3274 165 3338; x_wconf 91' lang='lat' dir='ltr'>tur,</span> <span class='ocrx_word' id='word_1_281' title='bbox 188 3261 270 3338; x_wconf 89' lang='lat' dir='ltr'>nisi,</span> <span class='ocrx_word' id='word_1_282' title='bbox 293 3268 327 3318; x_wconf 92' lang='lat' dir='ltr'>ut</span> <span class='ocrx_word' id='word_1_283' title='bbox 360 3257 519 3394; x_wconf 72' lang='lat' dir='ltr'>diximqp,</span> <span class='ocrx_word' id='word_1_284' title='bbox 547 3270 605 3331; x_wconf 86' lang='lat' dir='ltr'>pro</span> <span class='ocrx_word' id='word_1_285' title='bbox 626 3249 780 3309; x_wconf 88' lang='lat' dir='ltr'>mercedis</span> <span class='ocrx_word' id='word_1_286' title='bbox 804 3258 928 3310; x_wconf 89' lang='lat' dir='ltr'>nostrae</span> <span class='ocrx_word' id='word_1_287' title='bbox 953 3259 1176 3329; x_wconf 85' lang='lat' dir='ltr'>augmentum,</span> 
     </span>
     <span class='ocr_line' id='line_1_37' title="bbox 85 3333 1177 3415; baseline -0.015 -8"><span class='ocrx_word' id='word_1_288' title='bbox 85 3344 171 3407; x_wconf 89' lang='lat' dir='ltr'>sicut</span> <span class='ocrx_word' id='word_1_289' title='bbox 186 3343 224 3402; x_wconf 90' lang='lat' dir='ltr'>ab</span> <span class='ocrx_word' id='word_1_290' title='bbox 239 3353 452 3402; x_wconf 88' lang='lat' dir='ltr'>antecessores</span> <span class='ocrx_word' id='word_1_291' title='bbox 498 3355 569 3415; x_wconf 81' lang='lat' dir='ltr'>eges</span> <span class='ocrx_word' id='word_1_292' title='bbox 586 3341 731 3412; x_wconf 88' lang='lat' dir='ltr'>parentes</span> <span class='ocrx_word' id='word_1_293' title='bbox 745 3340 868 3392; x_wconf 87' lang='lat' dir='ltr'>nostros</span> <span class='ocrx_word' id='word_1_294' title='bbox 883 3338 985 3394; x_wconf 86' lang='lat' dir='ltr'>senet</span> <span class='ocrx_word' id='word_1_295' title='bbox 1001 3333 1125 3390; x_wconf 91' lang='lat' dir='ltr'>Domno</span> <span class='ocrx_word' id='word_1_296' title='bbox 1145 3340 1177 3391; x_wconf 87' lang='lat' dir='ltr'>et</span> 
     </span>
     <span class='ocr_line' id='line_1_38' title="bbox 83 3413 1175 3508; baseline -0.013 -22"><span class='ocrx_word' id='word_1_297' title='bbox 83 3423 224 3508; x_wconf 81' lang='lat' dir='ltr'>glorioso</span> <span class='ocrx_word' id='word_1_298' title='bbox 243 3423 385 3506; x_wconf 84' lang='lat' dir='ltr'>genitore</span> <span class='ocrx_word' id='word_1_299' title='bbox 401 3427 508 3480; x_wconf 86' lang='lat' dir='ltr'>nostro</span> <span class='ocrx_word' id='word_1_300' title='bbox 524 3415 582 3475; x_wconf 91' lang='lat' dir='ltr'>illo</span> <span class='ocrx_word' id='word_1_301' title='bbox 594 3413 753 3494; x_wconf 88' lang='lat' dir='ltr'>quondam</span> <span class='ocrx_word' id='word_1_302' title='bbox 766 3414 850 3494; x_wconf 84' lang='lat' dir='ltr'>Rege</span> <span class='ocrx_word' id='word_1_303' title='bbox 867 3414 1020 3473; x_wconf 89' lang='lat' dir='ltr'>moderno</span> <span class='ocrx_word' id='word_1_304' title='bbox 1034 3423 1175 3495; x_wconf 91' lang='lat' dir='ltr'>tempore</span> 
     </span>
     <span class='ocr_line' id='line_1_39' title="bbox 82 3493 1176 3584; baseline -0.013 -14"><span class='ocrx_word' id='word_1_305' title='bbox 82 3509 150 3570; x_wconf 87' lang='lat' dir='ltr'>fnit</span> <span class='ocrx_word' id='word_1_306' title='bbox 165 3521 350 3581; x_wconf 81' lang='lat' dir='ltr'>concessum</span> <span class='ocrx_word' id='word_1_307' title='bbox 371 3514 463 3584; x_wconf 89' lang='lat' dir='ltr'>atque</span> <span class='ocrx_word' id='word_1_308' title='bbox 488 3497 667 3570; x_wconf 87' lang='lat' dir='ltr'>indultum,</span> <span class='ocrx_word' id='word_1_309' title='bbox 689 3494 731 3553; x_wconf 87' lang='lat' dir='ltr'>ita</span> <span class='ocrx_word' id='word_1_310' title='bbox 746 3515 805 3576; x_wconf 91' lang='lat' dir='ltr'>per</span> <span class='ocrx_word' id='word_1_311' title='bbox 821 3495 936 3556; x_wconf 91' lang='lat' dir='ltr'>nostris</span> <span class='ocrx_word' id='word_1_312' title='bbox 953 3494 1090 3556; x_wconf 89' lang='lat' dir='ltr'>oraculis</span> <span class='ocrx_word' id='word_1_313' title='bbox 1109 3493 1176 3577; x_wconf 87' lang='lat' dir='ltr'>ple·</span> 
     </span>
     <span class='ocr_line' id='line_1_40' title="bbox 84 3577 1173 3664; baseline -0.015 -13"><span class='ocrx_word' id='word_1_314' title='bbox 84 3589 421 3661; x_wconf 83' lang='lat' dir='ltr'>niuscoufirmamus,</span> <span class='ocrx_word' id='word_1_315' title='bbox 443 3581 529 3664; x_wconf 92' lang='lat' dir='ltr'>quod</span> <span class='ocrx_word' id='word_1_316' title='bbox 548 3579 581 3637; x_wconf 92' lang='lat' dir='ltr'>in</span> <span class='ocrx_word' id='word_1_317' title='bbox 602 3577 966 3660; x_wconf 57' lang='lat' dir='ltr'>perpetuumyolumus</span> <span class='ocrx_word' id='word_1_318' title='bbox 995 3597 1060 3638; x_wconf 90' lang='lat' dir='ltr'>esse</span> <span class='ocrx_word' id='word_1_319' title='bbox 1084 3598 1173 3640; x_wconf 86' lang='lat' dir='ltr'>man·</span> 
     </span>
     <span class='ocr_line' id='line_1_41' title="bbox 83 3657 1175 3746; baseline -0.014 -12"><span class='ocrx_word' id='word_1_320' title='bbox 83 3693 202 3735; x_wconf 89' lang='lat' dir='ltr'>surum.</span> <span class='ocrx_word' id='word_1_321' title='bbox 243 3673 340 3730; x_wconf 84' lang='lat' dir='ltr'>Etnt</span> <span class='ocrx_word' id='word_1_322' title='bbox 359 3667 438 3727; x_wconf 89' lang='lat' dir='ltr'>haec</span> <span class='ocrx_word' id='word_1_323' title='bbox 457 3661 639 3746; x_wconf 88' lang='lat' dir='ltr'>praeceptio</span> <span class='ocrx_word' id='word_1_324' title='bbox 664 3659 784 3717; x_wconf 87' lang='lat' dir='ltr'>firmior</span> <span class='ocrx_word' id='word_1_325' title='bbox 803 3657 957 3718; x_wconf 88' lang='lat' dir='ltr'>habeatur</span> <span class='ocrx_word' id='word_1_326' title='bbox 969 3667 1001 3718; x_wconf 88' lang='lat' dir='ltr'>et</span> <span class='ocrx_word' id='word_1_327' title='bbox 1015 3679 1074 3740; x_wconf 89' lang='lat' dir='ltr'>per</span> <span class='ocrx_word' id='word_1_328' title='bbox 1092 3669 1175 3720; x_wconf 89' lang='lat' dir='ltr'>tem-</span> 
     </span>
     <span class='ocr_line' id='line_1_42' title="bbox 81 3740 1173 3838; baseline -0.015 -22"><span class='ocrx_word' id='word_1_329' title='bbox 81 3777 160 3838; x_wconf 89' lang='lat' dir='ltr'>pora</span> <span class='ocrx_word' id='word_1_330' title='bbox 177 3753 291 3812; x_wconf 90' lang='lat' dir='ltr'>melius</span> <span class='ocrx_word' id='word_1_331' title='bbox 307 3757 530 3821; x_wconf 86' lang='lat' dir='ltr'>conservetur,</span> <span class='ocrx_word' id='word_1_332' title='bbox 552 3764 647 3802; x_wconf 89' lang='lat' dir='ltr'>manu</span> <span class='ocrx_word' id='word_1_333' title='bbox 682 3750 787 3800; x_wconf 90' lang='lat' dir='ltr'>nostra</span> <span class='ocrx_word' id='word_1_334' title='bbox 816 3740 986 3823; x_wconf 81' lang='lat' dir='ltr'>signaculis</span> <span class='ocrx_word' id='word_1_335' title='bbox 1007 3741 1114 3800; x_wconf 89' lang='lat' dir='ltr'>subter</span> <span class='ocrx_word' id='word_1_336' title='bbox 1137 3762 1173 3801; x_wconf 89' lang='lat' dir='ltr'>ea</span> 
     </span>
     <span class='ocr_line' id='line_1_43' title="bbox 82 3823 1172 3907; baseline -0.012 -7"><span class='ocrx_word' id='word_1_337' title='bbox 82 3835 281 3902; x_wconf 87' lang='lat' dir='ltr'>decrevimus</span> <span class='ocrx_word' id='word_1_338' title='bbox 297 3833 458 3907; x_wconf 88' lang='lat' dir='ltr'>roborare,</span> <span class='ocrx_word' id='word_1_339' title='bbox 481 3837 512 3888; x_wconf 91' lang='lat' dir='ltr'>et</span> <span class='ocrx_word' id='word_1_340' title='bbox 532 3827 571 3887; x_wconf 91' lang='lat' dir='ltr'>de</span> <span class='ocrx_word' id='word_1_341' title='bbox 588 3823 682 3883; x_wconf 91' lang='lat' dir='ltr'>anolo</span> <span class='ocrx_word' id='word_1_342' title='bbox 703 3831 810 3883; x_wconf 88' lang='lat' dir='ltr'>nostro</span> <span class='ocrx_word' id='word_1_343' title='bbox 832 3823 940 3884; x_wconf 85' lang='lat' dir='ltr'>subter</span> <span class='ocrx_word' id='word_1_344' title='bbox 953 3823 1172 3904; x_wconf 81' lang='lat' dir='ltr'>segelavimus.</span> 
     </span>
    </p>
   </div>
   <div class='ocr_carea' id='block_1_10' title="bbox 471 3953 843 4041">
    <p class='ocr_par' dir='ltr' id='par_1_10' title="bbox 471 3953 843 4041">
     <span class='ocr_line' id='line_1_44' title="bbox 471 3953 843 4041; baseline -0.027 -23"><span class='ocrx_word' id='word_1_345' title='bbox 471 3955 649 4018; x_wconf 83' lang='lat' dir='ltr'>Indiculu&#39;m</span> <span class='ocrx_word' id='word_1_346' title='bbox 670 3953 782 4031; x_wconf 81' lang='lat' dir='ltr'>regale.</span> <span class='ocrx_word' id='word_1_347' title='bbox 840 4035 843 4041; x_wconf 19' lang='lat' dir='ltr'><em>r</em></span> 
     </span>
    </p>
   </div>
   <div class='ocr_carea' id='block_1_11' title="bbox 83 4063 1177 4326">
    <p class='ocr_par' dir='ltr' id='par_1_11' title="bbox 83 4063 1177 4326">
     <span class='ocr_line' id='line_1_45' title="bbox 161 4063 1169 4154; baseline -0.018 -14"><span class='ocrx_word' id='word_1_348' title='bbox 161 4077 264 4143; x_wconf 86' lang='lat' dir='ltr'>XLV.</span> <span class='ocrx_word' id='word_1_349' title='bbox 291 4063 442 4152; x_wconf 40' lang='lat' dir='ltr'>&#39;Karalus</span> <span class='ocrx_word' id='word_1_350' title='bbox 455 4070 474 4150; x_wconf 52' lang='lat'>,&#39;</span> <span class='ocrx_word' id='word_1_351' title='bbox 487 4071 584 4154; x_wconf 84' lang='lat' dir='ltr'>gralia</span> <span class='ocrx_word' id='word_1_352' title='bbox 600 4068 660 4130; x_wconf 92' lang='lat' dir='ltr'>Dei</span> <span class='ocrx_word' id='word_1_353' title='bbox 679 4069 747 4128; x_wconf 82' lang='lat' dir='ltr'>Rex</span> <span class='ocrx_word' id='word_1_354' title='bbox 762 4069 975 4143; x_wconf 87' lang='lat' dir='ltr'>Francorum,</span> <span class='ocrx_word' id='word_1_355' title='bbox 996 4078 1060 4128; x_wconf 85' lang='lat' dir='ltr'>tam</span> <span class='ocrx_word' id='word_1_356' title='bbox 1080 4093 1169 4152; x_wconf 75' lang='lat' dir='ltr'>prae.</span> 
     </span>
     <span class='ocr_line' id='line_1_46' title="bbox 83 4149 1169 4238; baseline -0.01 -16"><span class='ocrx_word' id='word_1_357' title='bbox 83 4161 223 4226; x_wconf 78' lang='lat' dir='ltr'>sentibus</span> <span class='ocrx_word' id='word_1_358' title='bbox 245 4181 340 4238; x_wconf 89' lang='lat' dir='ltr'>qnam</span> <span class='ocrx_word' id='word_1_359' title='bbox 357 4168 388 4236; x_wconf 80' lang='lat' dir='ltr'>et</span> <span class='ocrx_word' id='word_1_360' title='bbox 404 4155 519 4215; x_wconf 88' lang='lat' dir='ltr'>futuris</span> <span class='ocrx_word' id='word_1_361' title='bbox 544 4150 677 4213; x_wconf 87' lang='lat' dir='ltr'>Domnis</span> <span class='ocrx_word' id='word_1_362' title='bbox 699 4149 814 4210; x_wconf 87' lang='lat' dir='ltr'>sanctis</span> <span class='ocrx_word' id='word_1_363' title='bbox 838 4150 1104 4230; x_wconf 85' lang='lat' dir='ltr'>et-Apostolicis,</span> <span class='ocrx_word' id='word_1_364' title='bbox 1133 4178 1169 4218; x_wconf 83' lang='lat' dir='ltr'>ac</span> 
     </span>
     <span class='ocr_line' id='line_1_47' title="bbox 83 4231 1177 4326; baseline -0.02 -16"><span class='ocrx_word' id='word_1_365' title='bbox 83 4242 316 4325; x_wconf 82' lang='lat' dir='ltr'>venerabilibus</span> <span class='ocrx_word' id='word_1_366' title='bbox 328 4241 361 4302; x_wconf 91' lang='lat' dir='ltr'>iu</span> <span class='ocrx_word' id='word_1_367' title='bbox 378 4237 504 4302; x_wconf 87' lang='lat' dir='ltr'>Christo</span> <span class='ocrx_word' id='word_1_368' title='bbox 523 4233 686 4310; x_wconf 81' lang='lat' dir='ltr'>Patribus,</span> <span class='ocrx_word' id='word_1_369' title='bbox 706 4231 866 4326; x_wconf 84' lang='lat' dir='ltr'>Ducibus,</span> <span class='ocrx_word' id='word_1_370' title='bbox 890 4231 1087 4316; x_wconf 81' lang='lat' dir='ltr'>Comitibus,</span> <span class='ocrx_word' id='word_1_371' title='bbox 1107 4239 1177 4300; x_wconf 69' lang='lat' dir='ltr'>Do.</span> 
     </span>
    </p>
   </div>
   <div class='ocr_carea' id='block_1_12' title="bbox 0 0 1360 4992">
    <p class='ocr_par' dir='ltr' id='par_1_12' title="bbox 0 0 1360 4992">
     <span class='ocr_line' id='line_1_48' title="bbox 0 0 1360 4992; baseline 0 3"><span class='ocrx_word' id='word_1_372' title='bbox 0 0 1360 4992; x_wconf 95' lang='lat' dir='ltr'> </span> 
     </span>
    </p>
   </div>
  </div>
 </body>
</html>
