2712 4992
517 275 713 342 unicorni
1099 258 1175 343 ,361

70 416 237 506 Presbyter
259 431 324 483 etc.
345 443 422 503 quae
442 411 488 480 ad
509 419 639 480 uerbum
669 419 777 482 eadem
804 431 875 480 ssent
898 433 968 479 rum
992 422 1151 502 sapen'ari
1163 467 1176 498 ,

70 507 195 587 ideoque
221 505 276 566 nic
303 506 435 590 repetito
466 504 631 564 noluimus.
1035 535 1038 547 ·

144 619 184 681 ln
212 619 279 681 Dei
306 619 447 682 nomine.
494 617 700 681 sanctissimo
734 641 770 681 ac
798 616 1059 681 reverentissimo
1085 609 1182 682 fratri

68 703 122 765 illo
146 701 317 784 Episcopo
339 703 398 764 ille
435 701 524 762 illius
548 701 636 762 urbis
660 703 837 786 Episcopus
869 701 901 762 in
928 701 1071 782 Domino,
1093 725 1178 764 sem-

66 787 224 870 piternam
245 785 393 851 salutem.
424 786 603 866 Cognoscat
628 785 811 848 fraternitas
843 806 902 846 seu
931 778 1052 845 caritas
1074 787 1180 846 'vestra

68 869 141 950 qnia
174 867 237 928 iste
270 889 424 950 praesens
452 867 624 948 Presbyter
656 867 786 929 nomine
817 867 874 928 ille
909 869 941 925 in
971 865 1124 948 parocbia
1146 877 1179 930 et

67 952 100 1010 in
125 947 275 1012 Ecclesia
300 959 407 1011 nostra
422 949 519 1012 sacris
542 949 832 1011 litteris-edocatus
855 949 928 1026 fuit,
951 958 982 1009 et
1003 947 1042 1008 ab
1068 949 1179 1032 infun,-

69 1034 110 1093 tia
131 1031 195 1094 fuit
221 1032 314 1113 apud
353 1054 411 1094 nos
446 1053 503 1094 seu
531 1033 791 1114 praedecessores
824 1041 947 1092 nostros
968 1031 1091 1102 honuni
1119 1031 1180 1094 ha-

70 1117 142 1176 hens
169 1113 412 1194 testimonium,
434 1115 616 1196 bonamque
644 1114 877 1176 continentiam
901 1123 934 1174 et
959 1113 1181 1194 innocentiam

72 1199 163 1260 vitam
188 1195 371 1262 deducens.
413 1197 506 1258 Unde
526 1195 648 1280 placuit
677 1196 725 1256 illi
752 1197 847 1258 modo
874 1205 910 1256 ut
935 1193 975 1257 ad
996 1192 1091 1256 aliam
1119 1199 1180 1259 Ec-

76 1281 195 1342 clesiam
219 1301 255 1340 se
284 1287 508 1357 converteret,
529 1281 641 1340 rolens
664 1278 724 1340 sibi
746 1300 903 1360 quaerere
930 1277 1099 1340 seniorem
1121 1280 1183 1362 qui¹

77 1383 105 1422 se
124 1362 159 1422 de
179 1362 284 1424 rebus
302 1361 531 1445 temporalibus
553 1361 698 1439 adiuvet,
719 1371 751 1421 et
773 1363 825 1423 cui
848 1361 906 1423 ille
924 1361 1105 1422 'secundum
1124 1363 1182 1422 mi.

79 1443 257 1508 ninnium.
279 1445 369 1527 quod
404 1445 464 1506 sibi
501 1443 683 1504 iniunctum
718 1453 765 1504 est
797 1443 986 1528 obsequium
1019 1443 1180 1525 praebeat.

76 1527 157 1588 Unde
182 1535 328 1588 vestram
359 1527 592 1588 fraternitatem
615 1536 809 1608 compertam
836 1523 968 1587 facimus
991 1536 1026 1586 ut
1045 1525 1180 1589 cuicun-

73 1609 318 1692 queplacuerit
333 1630 407 1669 eum
425 1609 599 1690 suscipere,
613 1609 731 1692 absque
755 1609 822 1669 ulla
841 1609 1044 1694 anihignitate
1059 1605 1121 1670 hoc
1137 1611 1182 1668 fa-

74 1690 129 1750 ciat
176 1691 290 1753 sciens
318 1691 412 1751 illum
441 1701 474 1752 et
502 1691 580 1750 boni
611 1713 679 1752 esse
705 1691 881 1760 testimonii
906 1703 939 1752 et
960 1692 976 1751 d
999 1689 1091 1751 nohis
1119 1691 1182 1754 sibi

74 1737 291 1846 ab'dcclesia,
316 1796 397 1855 quae
420 1772 510 1835 nohis
526 1774 566 1833 ad
587 1774 766 1856 regendum
792 1796 942 1850 concessa
964 1785 1022 1850 est,
1044 1772 1183 1856 migran-

76 1855 104 1914 di
130 1855 303 1919 licentiam
323 1856 492 1940 accepisse.
532 1857 575 1916 Et
600 1865 636 1916 ut
662 1855 723 1916 hae
745 1855 870 1917 litterae
896 1857 1069 1917 firmiorem
1095 1855 1182 1916 ohti-

78 1949 164 1999 neant
187 1938 396 2022 dignitatem,
419 1938 599 2020 meliusque
619 1939 664 2000 eis
677 1938 755 2000 fides
771 1938 970 2018 adhiheatur,
986 1960 1083 2002 maun
1104 1957 1181 2002 nos·

79 2027 119 2078 tra
140 2042 190 2084 eas
207 2022 334 2095 subter
366 2021 584 2084 roboravimus

531 2176 719 2254 lngeurn'tas.

112 2313 124 2350 ι’
150 2315 238 2376 ΧΙΙΙ.
285 2317 369 2375 Dum
400 2313 718 2394 omnipotensDeus
754 2313 845 2376 nohis
877 2317 1026 2380 concedit
1055 2318 1088 2380 in
1118 2318 1183 2382 hoc

80 2397 178 2457 seculo
199 2419 318 2458 sanum
342 2419 457 2478 corpus
477 2395 605 2471 babere,
629 2405 754 2476 oportet
780 2397 871 2458 nohis
898 2420 959 2479 pro
982 2401 1084 2462 salute
1109 2405 1182 2462 aui-

80 2497 142 2540 mae
171 2491 301 2540 nostrae
334 2478 538 2560 frequentius
570 2477 709 2558 cogitare
738 2479 856 2540 dehere
885 2493 921 2541 ut
945 2481 1185 2562 aliquantulum

82 2560 116 2620 de
137 2563 280 2644 peccatis
305 2563 420 2622 nostris
442 2561 588 2619 minuare
616 2581 801 2626 mereamus.
842 2562 957 2643 ltaque
981 2557 1041 2646 ego
1065 2564 1131 2625 ille*
1146 2567 1181 2626 in

81 2641 136 2702 Dei
154 2645 287 2705 nomine
306 2665 365 2725 pro
383 2643 506 2702 animae
529 2662 616 2702 meae
638 2643 827 2720 remedium,
850 2645 904 2706 vel
923 2665 981 2726 pro
1001 2647 1080 2708 meis
1105 2661 1189 2729 pree-³

82 2726 150 2786 catis
169 2727 369 2804 minuendis,
392 2727 477 2784 utin
500 2725 645 2784 futurum
668 2727 826 2788 Dominus
847 2727 974 2788 veniam
993 2728 1072 2788 mibi
1094 2731 1188 2810 praee

83 2815 156 2868 stare
175 2810 342 2892 dignetur,
365 2829 492 2869 servum
520 2807 597 2866 iuris
627 2807 689 2866 mei
711 2809 840 2870 nomine
862 2810 954 2870 illum
971 2811 1114 2872 relaxari
1129 2810 1189 2870 inu*

84 2909 234 2968 genuum;
267 2913 302 2952 ea
328 2912 404 2952 vero
432 2891 555 2950 ratione
583 2899 618 2948 ut
643 2889 660 2948 a
687 2890 738 2950 die
761 2902 928 2973 praesente
957 2893 998 2952 sit
1021 2893 1102 2956 hene
1131 2893 1185 2954 in-¹

86 2991 224 3051 genuus,
256 2983 408 3055 tanquam
430 2972 513 3033 siah
540 2971 689 3052 ingenuis
713 2974 898 3055 parentibus
926 2975 1038 3038 fuisset
1059 2989 1187 3059 procre-

86 3063 147 3132 atus
169 3058 219 3116 vel
245 3065 346 3120 natus.
387 3057 556 3116 Peculiare
579 3075 660 3114 vero
682 3054 709 3114 si
736 3057 859 3138 aliquid
880 3057 985 3136 hahet,
1007 3069 1062 3134 aut
1088 3059 1185 3119 inan-

87 3143 131 3194 tea
156 3139 284 3199 Cbristo
304 3138 445 3220 propitio
470 3137 614 3200 laborare
637 3140 800 3216 potuerit,
830 3160 953 3200 cessum
979 3141 1103 3208 habeat.
1143 3143 1187 3202 Et

88 3219 165 3280 nulli
190 3221 350 3282 heredum
374 3243 410 3280 ac
440 3220 658 3301 proheredum
689 3241 834 3282 meorum
863 3223 992 3282 nullum
1022 3224 1187 3308 impendat

87 3302 256 3378 servitium,
288 3325 348 3364 nec
370 3301 600 3377 libertinitatis,
622 3301 683 3360 nisi
705 3304 765 3363 soli
787 3307 878 3380 Deo,
901 3307 954 3365 cui
979 3308 1087 3380 omnia
1110 3307 1187 3368 suh-

90 3379 163 3444 iecta
189 3397 275 3447 sunt.
317 3388 556 3446 Testamentum
577 3383 672 3442 etiam
692 3386 852 3464 faciendi,
884 3386 1107 3450 defensionem
1133 3391 1186 3450 vel

89 3468 337 3544 mundeburdem
350 3467 566 3529 Ecclesiarum
591 3475 645 3524 aut
661 3466 820 3528 honorum
847 3470 1024 3548 hominum,
1047 3471 1185 3535 ubicun-

89 3564 145 3623 que
173 3573 213 3622 se
230 3553 350 3632 eligere
370 3551 510 3612 voluerit
536 3549 700 3610 licentiam
723 3551 838 3613 habeat
857 3553 897 3612 ad
918 3553 1186 3634 conquirendum.

90 3629 209 3712 Siquis
234 3655 334 3710 vero,
356 3635 444 3716 quod
468 3653 527 3692 nec
554 3630 675 3691 fierim..
697 3633 724 3692 si
754 3649 814 3716 ego
839 3635 919 3715 ipse,
948 3646 1003 3696 aut
1032 3636 1118 3697 ullus
1147 3638 1188 3698 de

88 3707 253 3776 heredibus
272 3717 368 3794 meis,
390 3717 443 3776 vel
471 3712 626 3796 quislibet
649 3714 715 3774 ulla
745 3719 889 3798 opposita
916 3741 1075 3800 persona,
1105 3741 1188 3801 quae

92 3806 194 3859 contra
220 3799 304 3859 banc
334 3797 567 3880 ingenuitatem
601 3795 670 3873 ista,
694 3820 789 3878 quam
824 3821 882 3881 ego
912 3801 1099 3882 plenissima
1130 3823 1189 3862 vo-

90 3872 205 3942 luntate
238 3904 307 3942 mea
329 3904 387 3963 pro
414 3901 520 3940 amore
548 3878 678 3939 Domini
701 3881 802 3941 nostri
820 3878 902 3944 'lesu
931 3883 1049 3944 Christi
1075 3893 1107 3944 et
1130 3905 1193 3968 pro¹

92 3961 162 4048 meis
183 3965 323 4046 peccatis
347 3964 416 4024 fieri
451 3973 483 4024 et
516 3963 682 4022 adfirmare
703 3966 837 4046 rogavi,
865 3965 977 4027 venire
1006 3967 1188 4046 conaverit,

92 4041 201 4107 inferat
229 4048 287 4108 tibi
319 4068 383 4106 una
418 4068 493 4107 cum
522 4043 619 4106 socio'
641 4045 717 4106 fisco
748 4047 818 4106 anri
848 4049 960 4109 uncins
990 4057 1090 4111 tarntas
1123 4071 1190 4112 esse

91 4126 259 4206 multando,
280 4139 313 4190 et
342 4150 492 4210 praesens
522 4126 702 4210 ingenuitas
723 4129 810 4188 omni
834 4140 976 4214 tempore
1000 4132 1087 4194 firma
1102 4146 1187 4216 iper·

93 4221 228 4290 maneat,
250 4210 456 4296 stipulatione
479 4210 631 4278 subnexa.
674 4212 789 4274 Auium
811 4212 879 4280 illo.
