<?xml version="1.0" encoding="UTF-8"?>
<!DOCTYPE html PUBLIC "-//W3C//DTD XHTML 1.0 Transitional//EN"
    "http://www.w3.org/TR/xhtml1/DTD/xhtml1-transitional.dtd">
<html xmlns="http://www.w3.org/1999/xhtml" xml:lang="en" lang="en">
 <head>
  <title>
</title>
<meta http-equiv="Content-Type" content="text/html;charset=utf-8" />
  <meta name='ocr-system' content='tesseract 3.04.00' />
  <meta name='ocr-capabilities' content='ocr_page ocr_carea ocr_par ocr_line ocrx_word'/>
</head>
<body>
  <div class='ocr_page' id='page_1' title='image "./corpusiurisgerm01visigoog_0329.png"; bbox 0 0 2712 4992; ppageno 0'>
   <div class='ocr_carea' id='block_1_1' title="bbox 166 296 948 382">
    <p class='ocr_par' dir='ltr' id='par_1_1' title="bbox 166 296 948 382">
     <span class='ocr_line' id='line_1_1' title="bbox 166 296 948 382; baseline -0.015 -1"><span class='ocrx_word' id='word_1_1' title='bbox 166 296 240 382; x_wconf 77' lang='lat'>318</span> <span class='ocrx_word' id='word_1_2' title='bbox 487 315 671 372; x_wconf 81' lang='lat' dir='ltr'>neaennrr</span> <span class='ocrx_word' id='word_1_3' title='bbox 700 314 948 371; x_wconf 74' lang='lat' dir='ltr'>menusanum</span> 
     </span>
    </p>
   </div>
   <div class='ocr_carea' id='block_1_2' title="bbox 164 455 1330 2597">
    <p class='ocr_par' dir='ltr' id='par_1_2' title="bbox 164 455 1330 2597">
     <span class='ocr_line' id='line_1_2' title="bbox 164 455 1246 540; baseline -0.005 -12"><span class='ocrx_word' id='word_1_4' title='bbox 164 462 318 528; x_wconf 73' lang='lat' dir='ltr'>Pluribus</span> <span class='ocrx_word' id='word_1_5' title='bbox 335 477 401 521; x_wconf 92' lang='lat' dir='ltr'>non</span> <span class='ocrx_word' id='word_1_6' title='bbox 422 465 471 517; x_wconf 86' lang='lat' dir='ltr'>est</span> <span class='ocrx_word' id='word_1_7' title='bbox 485 455 689 538; x_wconf 78' lang='lat' dir='ltr'>incognitum</span> <span class='ocrx_word' id='word_1_8' title='bbox 703 455 842 540; x_wconf 77' lang='lat' dir='ltr'><strong>qualiter</strong></span> <span class='ocrx_word' id='word_1_9' title='bbox 854 465 985 540; x_wconf 85' lang='lat' dir='ltr'>propter</span> <span class='ocrx_word' id='word_1_10' title='bbox 999 478 1115 521; x_wconf 90' lang='lat' dir='ltr'>nomen</span> <span class='ocrx_word' id='word_1_11' title='bbox 1131 461 1246 523; x_wconf 85' lang='lat' dir='ltr'>Domini</span> 
     </span>
     <span class='ocr_line' id='line_1_3' title="bbox 165 537 1248 608; baseline -0.004 1"><span class='ocrx_word' id='word_1_12' title='bbox 165 547 206 608; x_wconf 89' lang='lat' dir='ltr'>ad</span> <span class='ocrx_word' id='word_1_13' title='bbox 227 543 405 607; x_wconf 89' lang='lat' dir='ltr'>Ecclesiam</span> <span class='ocrx_word' id='word_1_14' title='bbox 419 539 509 599; x_wconf 89' lang='lat' dir='ltr'>illam</span> <span class='ocrx_word' id='word_1_15' title='bbox 530 538 562 598; x_wconf 90' lang='lat' dir='ltr'>in</span> <span class='ocrx_word' id='word_1_16' title='bbox 585 537 707 600; x_wconf 83' lang='lat' dir='ltr'>honore</span> <span class='ocrx_word' id='word_1_17' title='bbox 729 541 830 602; x_wconf 91' lang='lat' dir='ltr'>sancti</span> <span class='ocrx_word' id='word_1_18' title='bbox 853 539 941 600; x_wconf 90' lang='lat' dir='ltr'>illius</span> <span class='ocrx_word' id='word_1_19' title='bbox 954 539 1033 604; x_wconf 87' lang='lat' dir='ltr'>villa</span> <span class='ocrx_word' id='word_1_20' title='bbox 1051 552 1155 604; x_wconf 89' lang='lat' dir='ltr'>nostra</span> <span class='ocrx_word' id='word_1_21' title='bbox 1173 565 1248 604; x_wconf 88' lang='lat' dir='ltr'>nun·</span> 
     </span>
     <span class='ocr_line' id='line_1_4' title="bbox 165 601 1248 710; baseline 0 -20"><span class='ocrx_word' id='word_1_22' title='bbox 165 637 305 710; x_wconf 88' lang='lat' dir='ltr'>cupante</span> <span class='ocrx_word' id='word_1_23' title='bbox 326 625 392 700; x_wconf 91' lang='lat' dir='ltr'>illa,</span> <span class='ocrx_word' id='word_1_24' title='bbox 415 621 475 683; x_wconf 88' lang='lat' dir='ltr'>sita</span> <span class='ocrx_word' id='word_1_25' title='bbox 496 615 533 680; x_wconf 75' lang='lat' dir='ltr'>&#39;in</span> <span class='ocrx_word' id='word_1_26' title='bbox 554 641 635 703; x_wconf 81' lang='lat' dir='ltr'>pago</span> <span class='ocrx_word' id='word_1_27' title='bbox 656 601 726 700; x_wconf 80' lang='lat' dir='ltr'>illo,</span> <span class='ocrx_word' id='word_1_28' title='bbox 741 621 900 704; x_wconf 88' lang='lat' dir='ltr'>quicquid</span> <span class='ocrx_word' id='word_1_29' title='bbox 912 621 1031 685; x_wconf 91' lang='lat' dir='ltr'>ibidem</span> <span class='ocrx_word' id='word_1_30' title='bbox 1047 625 1248 707; x_wconf 89' lang='lat' dir='ltr'>undecunque</span> 
     </span>
     <span class='ocr_line' id='line_1_5' title="bbox 164 703 1250 788; baseline 0.002 -16"><span class='ocrx_word' id='word_1_31' title='bbox 164 712 229 772; x_wconf 85' lang='lat' dir='ltr'>luit</span> <span class='ocrx_word' id='word_1_32' title='bbox 264 716 372 770; x_wconf 84' lang='lat' dir='ltr'>nostra</span> <span class='ocrx_word' id='word_1_33' title='bbox 396 703 563 787; x_wconf 78' lang='lat' dir='ltr'>possessio,</span> <span class='ocrx_word' id='word_1_34' title='bbox 580 703 613 762; x_wconf 90' lang='lat' dir='ltr'>in</span> <span class='ocrx_word' id='word_1_35' title='bbox 634 703 817 786; x_wconf 80' lang='lat' dir='ltr'>integritate</span> <span class='ocrx_word' id='word_1_36' title='bbox 841 725 900 786; x_wconf 91' lang='lat' dir='ltr'>per</span> <span class='ocrx_word' id='word_1_37' title='bbox 926 705 1093 788; x_wconf 86' lang='lat' dir='ltr'>epistolam</span> <span class='ocrx_word' id='word_1_38' title='bbox 1113 709 1250 774; x_wconf 79' lang='lat' dir='ltr'>cessionis</span> 
     </span>
     <span class='ocr_line' id='line_1_6' title="bbox 164 785 1251 874; baseline -0.002 -20"><span class='ocrx_word' id='word_1_39' title='bbox 164 801 292 854; x_wconf 83' lang='lat' dir='ltr'>nostrae</span> <span class='ocrx_word' id='word_1_40' title='bbox 316 788 376 849; x_wconf 82' lang='lat' dir='ltr'>visi</span> <span class='ocrx_word' id='word_1_41' title='bbox 396 785 514 845; x_wconf 87' lang='lat' dir='ltr'>luimus</span> <span class='ocrx_word' id='word_1_42' title='bbox 532 787 749 861; x_wconf 80' lang='lat' dir='ltr'>concessisse,</span> <span class='ocrx_word' id='word_1_43' title='bbox 771 796 804 847; x_wconf 94' lang='lat' dir='ltr'>et</span> <span class='ocrx_word' id='word_1_44' title='bbox 827 809 897 848; x_wconf 90' lang='lat' dir='ltr'>eam</span> <span class='ocrx_word' id='word_1_45' title='bbox 914 808 970 848; x_wconf 88' lang='lat' dir='ltr'>vos</span> <span class='ocrx_word' id='word_1_46' title='bbox 986 789 1026 850; x_wconf 87' lang='lat' dir='ltr'>ad</span> <span class='ocrx_word' id='word_1_47' title='bbox 1048 801 1141 874; x_wconf 90' lang='lat' dir='ltr'>parte</span> <span class='ocrx_word' id='word_1_48' title='bbox 1159 813 1251 873; x_wconf 89' lang='lat' dir='ltr'>supra-</span> 
     </span>
     <span class='ocr_line' id='line_1_7' title="bbox 165 867 1252 956; baseline -0.001 -19"><span class='ocrx_word' id='word_1_49' title='bbox 165 875 302 956; x_wconf 85' lang='lat' dir='ltr'>scriptae</span> <span class='ocrx_word' id='word_1_50' title='bbox 328 868 492 932; x_wconf 82' lang='lat' dir='ltr'>Ecclesiae</span> <span class='ocrx_word' id='word_1_51' title='bbox 518 867 694 947; x_wconf 84' lang='lat' dir='ltr'>recepistis.</span> <span class='ocrx_word' id='word_1_52' title='bbox 736 869 801 930; x_wconf 89' lang='lat' dir='ltr'>Sed</span> <span class='ocrx_word' id='word_1_53' title='bbox 837 870 913 929; x_wconf 86' lang='lat' dir='ltr'>dum</span> <span class='ocrx_word' id='word_1_54' title='bbox 940 879 1051 950; x_wconf 88' lang='lat' dir='ltr'>postea</span> <span class='ocrx_word' id='word_1_55' title='bbox 1076 882 1181 934; x_wconf 90' lang='lat' dir='ltr'>nostra</span> <span class='ocrx_word' id='word_1_56' title='bbox 1201 875 1252 936; x_wconf 82' lang='lat' dir='ltr'>fuit</span> 
     </span>
     <span class='ocr_line' id='line_1_8' title="bbox 165 948 1251 1042; baseline -0.001 -25"><span class='ocrx_word' id='word_1_57' title='bbox 165 956 298 1042; x_wconf 88' lang='lat' dir='ltr'>petitio,</span> <span class='ocrx_word' id='word_1_58' title='bbox 319 962 353 1014; x_wconf 86' lang='lat' dir='ltr'>et</span> <span class='ocrx_word' id='word_1_59' title='bbox 369 958 475 1012; x_wconf 89' lang='lat' dir='ltr'>vestra</span> <span class='ocrx_word' id='word_1_60' title='bbox 492 948 718 1011; x_wconf 86' lang='lat' dir='ltr'>benevolentia</span> <span class='ocrx_word' id='word_1_61' title='bbox 737 960 770 1010; x_wconf 91' lang='lat' dir='ltr'>et</span> <span class='ocrx_word' id='word_1_62' title='bbox 784 951 885 1033; x_wconf 85' lang='lat' dir='ltr'>pietas</span> <span class='ocrx_word' id='word_1_63' title='bbox 901 950 1025 1031; x_wconf 89' lang='lat' dir='ltr'>habuit,</span> <span class='ocrx_word' id='word_1_64' title='bbox 1044 965 1083 1015; x_wconf 89' lang='lat' dir='ltr'>ut</span> <span class='ocrx_word' id='word_1_65' title='bbox 1099 954 1251 1036; x_wconf 89' lang='lat' dir='ltr'>ipsavilla,</span> 
     </span>
     <span class='ocr_line' id='line_1_9' title="bbox 168 1029 1250 1116; baseline -0.002 -16"><span class='ocrx_word' id='word_1_66' title='bbox 168 1041 246 1100; x_wconf 90' lang='lat' dir='ltr'>dum</span> <span class='ocrx_word' id='word_1_67' title='bbox 267 1035 465 1108; x_wconf 73' lang='lat' dir='ltr'>advivimus,</span> <span class='ocrx_word' id='word_1_68' title='bbox 487 1042 542 1092; x_wconf 91' lang='lat' dir='ltr'>aut</span> <span class='ocrx_word' id='word_1_69' title='bbox 557 1029 613 1112; x_wconf 90' lang='lat' dir='ltr'>qui</span> <span class='ocrx_word' id='word_1_70' title='bbox 630 1031 701 1115; x_wconf 91' lang='lat' dir='ltr'>pari</span> <span class='ocrx_word' id='word_1_71' title='bbox 719 1054 777 1094; x_wconf 87' lang='lat' dir='ltr'>suo</span> <span class='ocrx_word' id='word_1_72' title='bbox 792 1053 831 1094; x_wconf 82' lang='lat' dir='ltr'>cx</span> <span class='ocrx_word' id='word_1_73' title='bbox 850 1031 942 1094; x_wconf 88' lang='lat' dir='ltr'>nobis</span> <span class='ocrx_word' id='word_1_74' title='bbox 958 1037 1136 1116; x_wconf 87' lang='lat' dir='ltr'>supprestis</span> <span class='ocrx_word' id='word_1_75' title='bbox 1151 1038 1250 1115; x_wconf 84' lang='lat' dir='ltr'>fuerit,</span> 
     </span>
     <span class='ocr_line' id='line_1_10' title="bbox 167 1113 1253 1194; baseline -0.004 -10"><span class='ocrx_word' id='word_1_76' title='bbox 167 1121 245 1184; x_wconf 89' lang='lat' dir='ltr'>dum</span> <span class='ocrx_word' id='word_1_77' title='bbox 267 1117 407 1194; x_wconf 88' lang='lat' dir='ltr'>advivit,</span> <span class='ocrx_word' id='word_1_78' title='bbox 429 1113 521 1175; x_wconf 91' lang='lat' dir='ltr'>uobis</span> <span class='ocrx_word' id='word_1_79' title='bbox 542 1113 582 1173; x_wconf 89' lang='lat' dir='ltr'>ad</span> <span class='ocrx_word' id='word_1_80' title='bbox 599 1113 1055 1179; x_wconf 83' lang='lat' dir='ltr'>beneficiumusufructuario</span> <span class='ocrx_word' id='word_1_81' title='bbox 1070 1117 1183 1181; x_wconf 85' lang='lat' dir='ltr'>ordine</span> <span class='ocrx_word' id='word_1_82' title='bbox 1206 1141 1253 1182; x_wconf 83' lang='lat' dir='ltr'>ex·</span> 
     </span>
     <span class='ocr_line' id='line_1_11' title="bbox 166 1195 1253 1278; baseline -0.003 -13"><span class='ocrx_word' id='word_1_83' title='bbox 166 1202 340 1265; x_wconf 90' lang='lat' dir='ltr'>colendum</span> <span class='ocrx_word' id='word_1_84' title='bbox 357 1209 468 1260; x_wconf 89' lang='lat' dir='ltr'>tenere</span> <span class='ocrx_word' id='word_1_85' title='bbox 488 1195 692 1278; x_wconf 72' lang='lat' dir='ltr'>permisistis,</span> <span class='ocrx_word' id='word_1_86' title='bbox 715 1219 752 1258; x_wconf 91' lang='lat' dir='ltr'>ea</span> <span class='ocrx_word' id='word_1_87' title='bbox 767 1197 892 1258; x_wconf 89' lang='lat' dir='ltr'>scilicet</span> <span class='ocrx_word' id='word_1_88' title='bbox 907 1199 1033 1262; x_wconf 89' lang='lat' dir='ltr'>ratione</span> <span class='ocrx_word' id='word_1_89' title='bbox 1060 1212 1099 1263; x_wconf 92' lang='lat' dir='ltr'>ut</span> <span class='ocrx_word' id='word_1_90' title='bbox 1118 1201 1196 1262; x_wconf 91' lang='lat' dir='ltr'>nihil</span> <span class='ocrx_word' id='word_1_91' title='bbox 1212 1225 1253 1262; x_wconf 82' lang='lat' dir='ltr'>ex·</span> 
     </span>
     <span class='ocr_line' id='line_1_12' title="bbox 165 1277 1252 1368; baseline -0.004 -22"><span class='ocrx_word' id='word_1_92' title='bbox 165 1285 241 1348; x_wconf 89' lang='lat' dir='ltr'>inde</span> <span class='ocrx_word' id='word_1_93' title='bbox 262 1283 390 1368; x_wconf 89' lang='lat' dir='ltr'>penitus</span> <span class='ocrx_word' id='word_1_94' title='bbox 405 1280 444 1340; x_wconf 92' lang='lat' dir='ltr'>de</span> <span class='ocrx_word' id='word_1_95' title='bbox 470 1277 613 1360; x_wconf 87' lang='lat' dir='ltr'>qualibet</span> <span class='ocrx_word' id='word_1_96' title='bbox 631 1301 666 1340; x_wconf 90' lang='lat' dir='ltr'>re</span> <span class='ocrx_word' id='word_1_97' title='bbox 684 1279 846 1341; x_wconf 87' lang='lat' dir='ltr'>alienandi</span> <span class='ocrx_word' id='word_1_98' title='bbox 866 1288 922 1340; x_wconf 88' lang='lat' dir='ltr'>aut</span> <span class='ocrx_word' id='word_1_99' title='bbox 942 1283 1116 1344; x_wconf 81' lang='lat' dir='ltr'>minuendi</span> <span class='ocrx_word' id='word_1_100' title='bbox 1139 1283 1252 1366; x_wconf 85' lang='lat' dir='ltr'>pontili-</span> 
     </span>
     <span class='ocr_line' id='line_1_13' title="bbox 166 1361 1254 1448; baseline -0.005 -19"><span class='ocrx_word' id='word_1_101' title='bbox 166 1368 253 1430; x_wconf 88' lang='lat' dir='ltr'>oium</span> <span class='ocrx_word' id='word_1_102' title='bbox 275 1385 340 1425; x_wconf 90' lang='lat' dir='ltr'>uon</span> <span class='ocrx_word' id='word_1_103' title='bbox 360 1363 542 1437; x_wconf 90' lang='lat' dir='ltr'>babeamus,</span> <span class='ocrx_word' id='word_1_104' title='bbox 563 1361 618 1420; x_wconf 90' lang='lat' dir='ltr'>sed</span> <span class='ocrx_word' id='word_1_105' title='bbox 635 1362 752 1443; x_wconf 88' lang='lat' dir='ltr'>absque</span> <span class='ocrx_word' id='word_1_106' title='bbox 769 1362 839 1421; x_wconf 92' lang='lat' dir='ltr'>ullo</span> <span class='ocrx_word' id='word_1_107' title='bbox 858 1363 1061 1444; x_wconf 89' lang='lat' dir='ltr'>praeiudicio</span> <span class='ocrx_word' id='word_1_108' title='bbox 1077 1367 1254 1448; x_wconf 83' lang='lat' dir='ltr'>suprascrip</span> 
     </span>
     <span class='ocr_line' id='line_1_14' title="bbox 166 1444 1254 1512; baseline -0.001 0"><span class='ocrx_word' id='word_1_109' title='bbox 166 1461 217 1512; x_wconf 88' lang='lat' dir='ltr'>tae</span> <span class='ocrx_word' id='word_1_110' title='bbox 235 1446 397 1510; x_wconf 78' lang='lat' dir='ltr'>Ecclesiae</span> <span class='ocrx_word' id='word_1_111' title='bbox 413 1444 464 1505; x_wconf 88' lang='lat' dir='ltr'>vel</span> <span class='ocrx_word' id='word_1_112' title='bbox 485 1453 591 1506; x_wconf 83' lang='lat' dir='ltr'>vestro</span> <span class='ocrx_word' id='word_1_113' title='bbox 605 1464 674 1503; x_wconf 90' lang='lat' dir='ltr'>eam</span> <span class='ocrx_word' id='word_1_114' title='bbox 690 1445 908 1505; x_wconf 89' lang='lat' dir='ltr'>tantummodo</span> <span class='ocrx_word' id='word_1_115' title='bbox 920 1447 1072 1508; x_wconf 86' lang='lat' dir='ltr'>excolere</span> <span class='ocrx_word' id='word_1_116' title='bbox 1090 1450 1254 1511; x_wconf 88' lang='lat' dir='ltr'>debeamus.</span> 
     </span>
     <span class='ocr_line' id='line_1_15' title="bbox 166 1526 1328 1612; baseline 0.002 -20"><span class='ocrx_word' id='word_1_117' title='bbox 166 1533 245 1594; x_wconf 92' lang='lat' dir='ltr'>ldeo</span> <span class='ocrx_word' id='word_1_118' title='bbox 267 1530 350 1590; x_wconf 90' lang='lat' dir='ltr'>banc</span> <span class='ocrx_word' id='word_1_119' title='bbox 383 1527 559 1609; x_wconf 81' lang='lat' dir='ltr'>precariam</span> <span class='ocrx_word' id='word_1_120' title='bbox 596 1527 685 1586; x_wconf 90' lang='lat' dir='ltr'>vobis</span> <span class='ocrx_word' id='word_1_121' title='bbox 712 1526 901 1603; x_wconf 83' lang='lat' dir='ltr'>emittimus,</span> <span class='ocrx_word' id='word_1_122' title='bbox 934 1537 971 1588; x_wconf 91' lang='lat' dir='ltr'>ut</span> <span class='ocrx_word' id='word_1_123' title='bbox 1000 1531 1097 1592; x_wconf 94' lang='lat' dir='ltr'>nullo</span> <span class='ocrx_word' id='word_1_124' title='bbox 1128 1553 1255 1612; x_wconf 90' lang='lat' dir='ltr'>unquam</span> <span class='ocrx_word' id='word_1_125' title='bbox 1327 1591 1328 1594; x_wconf 74' lang='grc'>,</span> 
     </span>
     <span class='ocr_line' id='line_1_16' title="bbox 166 1607 1254 1696; baseline -0.004 -22"><span class='ocrx_word' id='word_1_126' title='bbox 166 1625 310 1696; x_wconf 89' lang='lat' dir='ltr'>tempore</span> <span class='ocrx_word' id='word_1_127' title='bbox 334 1619 441 1672; x_wconf 88' lang='lat' dir='ltr'>nostra</span> <span class='ocrx_word' id='word_1_128' title='bbox 456 1607 632 1690; x_wconf 86' lang='lat' dir='ltr'>possessio,</span> <span class='ocrx_word' id='word_1_129' title='bbox 651 1609 778 1670; x_wconf 79' lang='lat' dir='ltr'>‚etiamsi</span> <span class='ocrx_word' id='word_1_130' title='bbox 800 1609 937 1690; x_wconf 89' lang='lat' dir='ltr'>spatium</span> <span class='ocrx_word' id='word_1_131' title='bbox 967 1610 1051 1672; x_wconf 85' lang='lat' dir='ltr'>vitae</span> <span class='ocrx_word' id='word_1_132' title='bbox 1082 1614 1175 1674; x_wconf 92' lang='lat' dir='ltr'>nobis</span> <span class='ocrx_word' id='word_1_133' title='bbox 1198 1615 1254 1672; x_wconf 90' lang='lat' dir='ltr'>Do-</span> 
     </span>
     <span class='ocr_line' id='line_1_17' title="bbox 166 1691 1255 1777; baseline -0.006 -20"><span class='ocrx_word' id='word_1_134' title='bbox 166 1698 273 1757; x_wconf 86' lang='lat' dir='ltr'>minus</span> <span class='ocrx_word' id='word_1_135' title='bbox 288 1691 545 1777; x_wconf 78' lang='lat' dir='ltr'>prolongaverit,</span> <span class='ocrx_word' id='word_1_136' title='bbox 568 1691 660 1750; x_wconf 92' lang='lat' dir='ltr'>nullo</span> <span class='ocrx_word' id='word_1_137' title='bbox 677 1691 877 1771; x_wconf 88' lang='lat' dir='ltr'>praeiudicio</span> <span class='ocrx_word' id='word_1_138' title='bbox 895 1701 950 1751; x_wconf 89' lang='lat' dir='ltr'>aut</span> <span class='ocrx_word' id='word_1_139' title='bbox 966 1693 1191 1757; x_wconf 81' lang='lat' dir='ltr'>deminutione</span> <span class='ocrx_word' id='word_1_140' title='bbox 1211 1693 1255 1753; x_wconf 80' lang='lat' dir='ltr'>aln-</span> 
     </span>
     <span class='ocr_line' id='line_1_18' title="bbox 167 1772 1256 1861; baseline -0.005 -21"><span class='ocrx_word' id='word_1_141' title='bbox 167 1777 289 1861; x_wconf 90' lang='lat' dir='ltr'>quade</span> <span class='ocrx_word' id='word_1_142' title='bbox 313 1775 379 1858; x_wconf 90' lang='lat' dir='ltr'>ipsa</span> <span class='ocrx_word' id='word_1_143' title='bbox 398 1772 474 1833; x_wconf 89' lang='lat' dir='ltr'>villa</span> <span class='ocrx_word' id='word_1_144' title='bbox 503 1772 592 1835; x_wconf 91' lang='lat' dir='ltr'>vobis</span> <span class='ocrx_word' id='word_1_145' title='bbox 616 1794 771 1854; x_wconf 81' lang='lat' dir='ltr'>generare</span> <span class='ocrx_word' id='word_1_146' title='bbox 789 1793 854 1834; x_wconf 92' lang='lat' dir='ltr'>non</span> <span class='ocrx_word' id='word_1_147' title='bbox 875 1773 1012 1852; x_wconf 88' lang='lat' dir='ltr'>debeat,</span> <span class='ocrx_word' id='word_1_148' title='bbox 1034 1777 1101 1838; x_wconf 90' lang='lat' dir='ltr'>nisi</span> <span class='ocrx_word' id='word_1_149' title='bbox 1121 1799 1179 1840; x_wconf 88' lang='lat' dir='ltr'>usu</span> <span class='ocrx_word' id='word_1_150' title='bbox 1195 1786 1256 1837; x_wconf 87' lang='lat' dir='ltr'>tan-</span> 
     </span>
     <span class='ocr_line' id='line_1_19' title="bbox 166 1854 1255 1941; baseline -0.007 -19"><span class='ocrx_word' id='word_1_151' title='bbox 166 1859 356 1936; x_wconf 54' lang='lat' dir='ltr'>tumfdu&#39;m</span> <span class='ocrx_word' id='word_1_152' title='bbox 387 1854 580 1931; x_wconf 79' lang='lat' dir='ltr'>advivimus,</span> <span class='ocrx_word' id='word_1_153' title='bbox 610 1855 729 1915; x_wconf 87' lang='lat' dir='ltr'>habere</span> <span class='ocrx_word' id='word_1_154' title='bbox 758 1856 945 1935; x_wconf 86' lang='lat' dir='ltr'>debeamus,</span> <span class='ocrx_word' id='word_1_155' title='bbox 967 1867 999 1918; x_wconf 90' lang='lat' dir='ltr'>et</span> <span class='ocrx_word' id='word_1_156' title='bbox 1023 1869 1098 1941; x_wconf 88' lang='lat' dir='ltr'>post</span> <span class='ocrx_word' id='word_1_157' title='bbox 1127 1869 1255 1922; x_wconf 90' lang='lat' dir='ltr'>nostrum</span> 
     </span>
     <span class='ocr_line' id='line_1_20' title="bbox 167 1937 1329 2025; baseline -0.004 -21"><span class='ocrx_word' id='word_1_158' title='bbox 167 1941 318 2004; x_wconf 88' lang='lat' dir='ltr'>ambobus</span> <span class='ocrx_word' id='word_1_159' title='bbox 340 1937 535 2014; x_wconf 87' lang='lat' dir='ltr'>discessum,</span> <span class='ocrx_word' id='word_1_160' title='bbox 558 1959 631 1997; x_wconf 92' lang='lat' dir='ltr'>cum</span> <span class='ocrx_word' id='word_1_161' title='bbox 647 1937 734 1996; x_wconf 93' lang='lat' dir='ltr'>omni</span> <span class='ocrx_word' id='word_1_162' title='bbox 756 1959 790 1998; x_wconf 88' lang='lat' dir='ltr'>re</span> <span class='ocrx_word' id='word_1_163' title='bbox 811 1937 994 2016; x_wconf 88' lang='lat' dir='ltr'>meliorata,</span> <span class='ocrx_word' id='word_1_164' title='bbox 1022 1941 1182 2025; x_wconf 90' lang='lat' dir='ltr'>quicquid</span> <span class='ocrx_word' id='word_1_165' title='bbox 1204 1941 1255 2000; x_wconf 90' lang='lat' dir='ltr'>ibi·</span> <span class='ocrx_word' id='word_1_166' title='bbox 1328 1979 1329 2006; x_wconf 67' lang='lat'>,</span> 
     </span>
     <span class='ocr_line' id='line_1_21' title="bbox 167 2019 1255 2108; baseline -0.005 -21"><span class='ocrx_word' id='word_1_167' title='bbox 167 2027 241 2087; x_wconf 91' lang='lat' dir='ltr'>dem</span> <span class='ocrx_word' id='word_1_168' title='bbox 265 2021 411 2101; x_wconf 89' lang='lat' dir='ltr'>undique</span> <span class='ocrx_word' id='word_1_169' title='bbox 426 2019 594 2080; x_wconf 75' lang='lat' dir='ltr'>adtrahere</span> <span class='ocrx_word' id='word_1_170' title='bbox 608 2029 663 2079; x_wconf 86' lang='lat' dir='ltr'>aut</span> <span class='ocrx_word' id='word_1_171' title='bbox 683 2021 853 2080; x_wconf 87' lang='lat' dir='ltr'>meliorare</span> <span class='ocrx_word' id='word_1_172' title='bbox 882 2023 1077 2104; x_wconf 87' lang='lat' dir='ltr'>poterimus,</span> <span class='ocrx_word' id='word_1_173' title='bbox 1107 2046 1168 2108; x_wconf 93' lang='lat' dir='ltr'>per</span> <span class='ocrx_word' id='word_1_174' title='bbox 1184 2023 1255 2083; x_wconf 89' lang='lat' dir='ltr'>banc</span> 
     </span>
     <span class='ocr_line' id='line_1_22' title="bbox 165 2102 1255 2190; baseline -0.005 -21"><span class='ocrx_word' id='word_1_175' title='bbox 165 2105 401 2190; x_wconf 88' lang='lat' dir='ltr'>precaturiam,</span> <span class='ocrx_word' id='word_1_176' title='bbox 424 2123 460 2161; x_wconf 91' lang='lat' dir='ltr'>ac</span> <span class='ocrx_word' id='word_1_177' title='bbox 476 2103 502 2163; x_wconf 90' lang='lat' dir='ltr'>si</span> <span class='ocrx_word' id='word_1_178' title='bbox 523 2121 649 2183; x_wconf 89' lang='lat' dir='ltr'>semper</span> <span class='ocrx_word' id='word_1_179' title='bbox 663 2123 722 2184; x_wconf 91' lang='lat' dir='ltr'>per</span> <span class='ocrx_word' id='word_1_180' title='bbox 735 2102 997 2185; x_wconf 87' lang='lat' dir='ltr'>quinquennium</span> <span class='ocrx_word' id='word_1_181' title='bbox 1013 2116 1168 2170; x_wconf 88' lang='lat' dir='ltr'>renovata</span> <span class='ocrx_word' id='word_1_182' title='bbox 1192 2105 1255 2165; x_wconf 84' lang='lat' dir='ltr'>fuis·</span> 
     </span>
     <span class='ocr_line' id='line_1_23' title="bbox 165 2183 1254 2272; baseline -0.007 -20"><span class='ocrx_word' id='word_1_183' title='bbox 165 2200 231 2266; x_wconf 87' lang='lat' dir='ltr'>set,</span> <span class='ocrx_word' id='word_1_184' title='bbox 253 2187 371 2268; x_wconf 86' lang='lat' dir='ltr'>absque</span> <span class='ocrx_word' id='word_1_185' title='bbox 391 2185 490 2246; x_wconf 88' lang='lat' dir='ltr'>ullius</span> <span class='ocrx_word' id='word_1_186' title='bbox 510 2184 629 2245; x_wconf 91' lang='lat' dir='ltr'>ludicis</span> <span class='ocrx_word' id='word_1_187' title='bbox 646 2193 701 2244; x_wconf 86' lang='lat' dir='ltr'>aut</span> <span class='ocrx_word' id='word_1_188' title='bbox 715 2183 872 2246; x_wconf 81' lang='lat' dir='ltr'>heredum</span> <span class='ocrx_word' id='word_1_189' title='bbox 895 2196 1075 2249; x_wconf 88' lang='lat' dir='ltr'>nostrornm</span> <span class='ocrx_word' id='word_1_190' title='bbox 1101 2195 1254 2272; x_wconf 84' lang='lat' dir='ltr'>expectata</span> 
     </span>
     <span class='ocr_line' id='line_1_24' title="bbox 166 2267 1253 2350; baseline -0.004 -19"><span class='ocrx_word' id='word_1_191' title='bbox 166 2271 357 2343; x_wconf 84' lang='lat' dir='ltr'>traditione,</span> <span class='ocrx_word' id='word_1_192' title='bbox 378 2287 434 2327; x_wconf 89' lang='lat' dir='ltr'>vos</span> <span class='ocrx_word' id='word_1_193' title='bbox 455 2268 506 2326; x_wconf 89' lang='lat' dir='ltr'>vel</span> <span class='ocrx_word' id='word_1_194' title='bbox 525 2286 722 2327; x_wconf 87' lang='lat' dir='ltr'>successores</span> <span class='ocrx_word' id='word_1_195' title='bbox 746 2267 844 2327; x_wconf 85' lang='lat' dir='ltr'>vestri</span> <span class='ocrx_word' id='word_1_196' title='bbox 871 2277 927 2328; x_wconf 90' lang='lat' dir='ltr'>aut</span> <span class='ocrx_word' id='word_1_197' title='bbox 947 2279 1075 2350; x_wconf 82' lang='lat' dir='ltr'>agentes</span> <span class='ocrx_word' id='word_1_198' title='bbox 1101 2269 1253 2334; x_wconf 87' lang='lat' dir='ltr'>Ecclesiae</span> 
     </span>
     <span class='ocr_line' id='line_1_25' title="bbox 168 2347 1330 2435; baseline -0.003 -22"><span class='ocrx_word' id='word_1_199' title='bbox 168 2353 203 2413; x_wconf 91' lang='lat' dir='ltr'>in</span> <span class='ocrx_word' id='word_1_200' title='bbox 223 2362 361 2414; x_wconf 87' lang='lat' dir='ltr'>vestram</span> <span class='ocrx_word' id='word_1_201' title='bbox 375 2371 444 2410; x_wconf 89' lang='lat' dir='ltr'>eam</span> <span class='ocrx_word' id='word_1_202' title='bbox 460 2347 584 2409; x_wconf 85' lang='lat' dir='ltr'>faciatis</span> <span class='ocrx_word' id='word_1_203' title='bbox 601 2348 852 2409; x_wconf 89' lang='lat' dir='ltr'>dominationem</span> <span class='ocrx_word' id='word_1_204' title='bbox 868 2371 1021 2412; x_wconf 87' lang='lat' dir='ltr'>revocare</span> <span class='ocrx_word' id='word_1_205' title='bbox 1038 2353 1256 2435; x_wconf 87' lang='lat' dir='ltr'>perpetualiter</span> <span class='ocrx_word' id='word_1_206' title='bbox 1329 2377 1330 2386; x_wconf 49' lang='lat'>¹</span> 
     </span>
     <span class='ocr_line' id='line_1_26' title="bbox 165 2430 1253 2518; baseline -0.006 -22"><span class='ocrx_word' id='word_1_207' title='bbox 165 2433 413 2518; x_wconf 88' lang='lat' dir='ltr'>possidendum,</span> <span class='ocrx_word' id='word_1_208' title='bbox 444 2432 497 2493; x_wconf 88' lang='lat' dir='ltr'>vel</span> <span class='ocrx_word' id='word_1_209' title='bbox 519 2430 677 2512; x_wconf 74' lang='lat' dir='ltr'>quicquid</span> <span class='ocrx_word' id='word_1_210' title='bbox 700 2431 818 2491; x_wconf 81' lang='lat' dir='ltr'>exinnde</span> <span class='ocrx_word' id='word_1_211' title='bbox 846 2432 954 2494; x_wconf 86' lang='lat' dir='ltr'>facere</span> <span class='ocrx_word' id='word_1_212' title='bbox 980 2435 1163 2516; x_wconf 80' lang='lat' dir='ltr'>elegeritis,</span> <span class='ocrx_word' id='word_1_213' title='bbox 1184 2435 1253 2496; x_wconf 87' lang='lat' dir='ltr'>sicut</span> 
     </span>
     <span class='ocr_line' id='line_1_27' title="bbox 168 2512 1252 2597; baseline -0.005 -19"><span class='ocrx_word' id='word_1_214' title='bbox 168 2527 276 2578; x_wconf 88' lang='lat' dir='ltr'>nostra</span> <span class='ocrx_word' id='word_1_215' title='bbox 295 2515 441 2577; x_wconf 88' lang='lat' dir='ltr'>continet</span> <span class='ocrx_word' id='word_1_216' title='bbox 469 2512 620 2597; x_wconf 89' lang='lat' dir='ltr'>epistola,</span> <span class='ocrx_word' id='word_1_217' title='bbox 643 2513 684 2576; x_wconf 89' lang='lat' dir='ltr'>ad</span> <span class='ocrx_word' id='word_1_218' title='bbox 710 2513 893 2594; x_wconf 88' lang='lat' dir='ltr'>profectum</span> <span class='ocrx_word' id='word_1_219' title='bbox 920 2517 1079 2596; x_wconf 87' lang='lat' dir='ltr'>praefatae</span> <span class='ocrx_word' id='word_1_220' title='bbox 1101 2516 1252 2582; x_wconf 85' lang='lat' dir='ltr'>Ecclesiae</span> 
     </span>
    </p>
   </div>
   <div class='ocr_carea' id='block_1_3' title="bbox 166 2595 1252 2684">
    <p class='ocr_par' dir='ltr' id='par_1_3' title="bbox 166 2595 1252 2684">
     <span class='ocr_line' id='line_1_28' title="bbox 166 2595 1252 2684; baseline -0.006 -22"><span class='ocrx_word' id='word_1_221' title='bbox 166 2598 287 2662; x_wconf 90' lang='lat' dir='ltr'>Domni</span> <span class='ocrx_word' id='word_1_222' title='bbox 313 2597 401 2659; x_wconf 88' lang='lat' dir='ltr'>illius</span> <span class='ocrx_word' id='word_1_223' title='bbox 429 2596 568 2657; x_wconf 90' lang='lat' dir='ltr'>liberum</span> <span class='ocrx_word' id='word_1_224' title='bbox 586 2595 730 2656; x_wconf 85' lang='lat' dir='ltr'>habeatis</span> <span class='ocrx_word' id='word_1_225' title='bbox 753 2595 927 2662; x_wconf 89' lang='lat' dir='ltr'>arbitrium.</span> <span class='ocrx_word' id='word_1_226' title='bbox 937 2599 1032 2659; x_wconf 88' lang='lat' dir='ltr'>Facta</span> <span class='ocrx_word' id='word_1_227' title='bbox 1045 2603 1189 2684; x_wconf 84' lang='lat' dir='ltr'>precaria</span> <span class='ocrx_word' id='word_1_228' title='bbox 1208 2597 1252 2659; x_wconf 89' lang='lat' dir='ltr'>ibi.</span> 
     </span>
    </p>
   </div>
   <div class='ocr_carea' id='block_1_4' title="bbox 403 2725 1022 2811">
    <p class='ocr_par' dir='ltr' id='par_1_4' title="bbox 403 2725 1022 2811">
     <span class='ocr_line' id='line_1_29' title="bbox 403 2725 1022 2811; baseline 0.002 -23"><span class='ocrx_word' id='word_1_229' title='bbox 403 2729 542 2792; x_wconf 85' lang='lat' dir='ltr'>Donatio</span> <span class='ocrx_word' id='word_1_230' title='bbox 564 2725 729 2811; x_wconf 79' lang='lat' dir='ltr'>depereo</span> <span class='ocrx_word' id='word_1_231' title='bbox 749 2747 783 2787; x_wconf 83' lang='lat' dir='ltr'>re</span> <span class='ocrx_word' id='word_1_232' title='bbox 805 2725 850 2789; x_wconf 85' lang='lat' dir='ltr'>ad</span> <span class='ocrx_word' id='word_1_233' title='bbox 869 2727 1022 2796; x_wconf 81' lang='lat' dir='ltr'>Ecclesia.</span> 
     </span>
    </p>
   </div>
   <div class='ocr_carea' id='block_1_5' title="bbox 91 2819 1268 4333">
    <p class='ocr_par' dir='ltr' id='par_1_5' title="bbox 91 2819 1268 4333">
     <span class='ocr_line' id='line_1_30' title="bbox 249 2819 1253 2926; baseline -0.007 -17"><span class='ocrx_word' id='word_1_234' title='bbox 249 2848 309 2916; x_wconf 81' lang='lat' dir='ltr'>Vl.</span> <span class='ocrx_word' id='word_1_235' title='bbox 353 2846 388 2908; x_wconf 92' lang='lat' dir='ltr'>Si</span> <span class='ocrx_word' id='word_1_236' title='bbox 410 2842 534 2926; x_wconf 90' lang='lat' dir='ltr'>aliquid</span> <span class='ocrx_word' id='word_1_237' title='bbox 562 2841 601 2903; x_wconf 90' lang='lat' dir='ltr'>de</span> <span class='ocrx_word' id='word_1_238' title='bbox 636 2843 732 2904; x_wconf 91' lang='lat' dir='ltr'>rebus</span> <span class='ocrx_word' id='word_1_239' title='bbox 760 2843 875 2904; x_wconf 89' lang='lat' dir='ltr'>nostris</span> <span class='ocrx_word' id='word_1_240' title='bbox 899 2844 978 2906; x_wconf 90' lang='lat' dir='ltr'>locis</span> <span class='ocrx_word' id='word_1_241' title='bbox 1000 2819 1189 2907; x_wconf 53' lang='lat' dir='ltr'>&#39;S&#39;anctorum</span> <span class='ocrx_word' id='word_1_242' title='bbox 1211 2842 1253 2904; x_wconf 88' lang='lat' dir='ltr'>vel</span> 
     </span>
     <span class='ocr_line' id='line_1_31' title="bbox 168 2925 1253 3010; baseline -0.011 -16"><span class='ocrx_word' id='word_1_243' title='bbox 168 2934 201 2994; x_wconf 92' lang='lat' dir='ltr'>in</span> <span class='ocrx_word' id='word_1_244' title='bbox 221 2930 395 2996; x_wconf 87' lang='lat' dir='ltr'>substantia</span> <span class='ocrx_word' id='word_1_245' title='bbox 413 2945 590 3010; x_wconf 69' lang='lat' dir='ltr'>puerperam</span> <span class='ocrx_word' id='word_1_246' title='bbox 611 2925 817 3003; x_wconf 82' lang='lat' dir='ltr'>conferimus,</span> <span class='ocrx_word' id='word_1_247' title='bbox 832 2925 895 2987; x_wconf 90' lang='lat' dir='ltr'>hoc</span> <span class='ocrx_word' id='word_1_248' title='bbox 914 2927 1005 2989; x_wconf 90' lang='lat' dir='ltr'>nobis</span> <span class='ocrx_word' id='word_1_249' title='bbox 1020 2926 1253 3010; x_wconf 87' lang='lat' dir='ltr'>proculdubinm</span> 
     </span>
     <span class='ocr_line' id='line_1_32' title="bbox 168 3006 1252 3094; baseline -0.011 -18"><span class='ocrx_word' id='word_1_250' title='bbox 168 3016 202 3076; x_wconf 92' lang='lat' dir='ltr'>in</span> <span class='ocrx_word' id='word_1_251' title='bbox 223 3027 353 3076; x_wconf 89' lang='lat' dir='ltr'>aeterua</span> <span class='ocrx_word' id='word_1_252' title='bbox 369 3007 568 3072; x_wconf 89' lang='lat' dir='ltr'>beatitudine</span> <span class='ocrx_word' id='word_1_253' title='bbox 589 3007 770 3070; x_wconf 87' lang='lat' dir='ltr'>retribuere</span> <span class='ocrx_word' id='word_1_254' title='bbox 785 3009 1078 3094; x_wconf 78' lang='lat' dir='ltr'>confidimnsErgo</span> <span class='ocrx_word' id='word_1_255' title='bbox 1091 3033 1151 3094; x_wconf 81' lang='lat' dir='ltr'>ego</span> <span class='ocrx_word' id='word_1_256' title='bbox 1164 3006 1252 3070; x_wconf 89' lang='lat' dir='ltr'>inDei</span> 
     </span>
     <span class='ocr_line' id='line_1_33' title="bbox 167 3089 1253 3159; baseline -0.008 0"><span class='ocrx_word' id='word_1_257' title='bbox 167 3098 298 3159; x_wconf 89' lang='lat' dir='ltr'>nomine</span> <span class='ocrx_word' id='word_1_258' title='bbox 321 3096 377 3155; x_wconf 92' lang='lat' dir='ltr'>ille</span> <span class='ocrx_word' id='word_1_259' title='bbox 405 3093 438 3151; x_wconf 92' lang='lat' dir='ltr'>in</span> <span class='ocrx_word' id='word_1_260' title='bbox 463 3109 603 3150; x_wconf 87' lang='lat' dir='ltr'>amorem</span> <span class='ocrx_word' id='word_1_261' title='bbox 617 3089 749 3150; x_wconf 90' lang='lat' dir='ltr'>Domini</span> <span class='ocrx_word' id='word_1_262' title='bbox 763 3091 869 3153; x_wconf 70' lang='lat' dir='ltr'>,nostri</span> <span class='ocrx_word' id='word_1_263' title='bbox 883 3093 955 3153; x_wconf 91' lang='lat' dir='ltr'>lesu</span> <span class='ocrx_word' id='word_1_264' title='bbox 969 3092 1089 3154; x_wconf 88' lang='lat' dir='ltr'>Christi</span> <span class='ocrx_word' id='word_1_265' title='bbox 1108 3104 1140 3155; x_wconf 89' lang='lat' dir='ltr'>et</span> <span class='ocrx_word' id='word_1_266' title='bbox 1154 3089 1253 3155; x_wconf 90' lang='lat' dir='ltr'>remis·</span> 
     </span>
     <span class='ocr_line' id='line_1_34' title="bbox 169 3175 1252 3261; baseline -0.009 -18"><span class='ocrx_word' id='word_1_267' title='bbox 169 3181 293 3243; x_wconf 89' lang='lat' dir='ltr'>sionem</span> <span class='ocrx_word' id='word_1_268' title='bbox 315 3183 519 3261; x_wconf 88' lang='lat' dir='ltr'>peccatorum</span> <span class='ocrx_word' id='word_1_269' title='bbox 540 3193 703 3250; x_wconf 89' lang='lat' dir='ltr'>meorum,</span> <span class='ocrx_word' id='word_1_270' title='bbox 724 3182 760 3232; x_wconf 87' lang='lat' dir='ltr'>ut</span> <span class='ocrx_word' id='word_1_271' title='bbox 776 3175 902 3235; x_wconf 90' lang='lat' dir='ltr'>veniam</span> <span class='ocrx_word' id='word_1_272' title='bbox 917 3175 1044 3236; x_wconf 91' lang='lat' dir='ltr'>delictis</span> <span class='ocrx_word' id='word_1_273' title='bbox 1055 3176 1135 3238; x_wconf 90' lang='lat' dir='ltr'>meis</span> <span class='ocrx_word' id='word_1_274' title='bbox 1154 3193 1252 3237; x_wconf 89' lang='lat' dir='ltr'>conse·</span> 
     </span>
     <span class='ocr_line' id='line_1_35' title="bbox 169 3255 1252 3346; baseline -0.01 -23"><span class='ocrx_word' id='word_1_275' title='bbox 169 3262 226 3346; x_wconf 89' lang='lat' dir='ltr'>qui</span> <span class='ocrx_word' id='word_1_276' title='bbox 244 3281 369 3321; x_wconf 87' lang='lat' dir='ltr'>merear</span> <span class='ocrx_word' id='word_1_277' title='bbox 387 3257 422 3316; x_wconf 92' lang='lat' dir='ltr'>in</span> <span class='ocrx_word' id='word_1_278' title='bbox 454 3257 623 3331; x_wconf 80' lang='lat' dir='ltr'>futurum,</span> <span class='ocrx_word' id='word_1_279' title='bbox 657 3256 742 3315; x_wconf 93' lang='lat' dir='ltr'>dono</span> <span class='ocrx_word' id='word_1_280' title='bbox 774 3255 990 3338; x_wconf 88' lang='lat' dir='ltr'>donatumque</span> <span class='ocrx_word' id='word_1_281' title='bbox 1016 3258 1050 3318; x_wconf 84' lang='lat' dir='ltr'>ia</span> <span class='ocrx_word' id='word_1_282' title='bbox 1078 3267 1252 3342; x_wconf 89' lang='lat' dir='ltr'>perpetuum</span> 
     </span>
     <span class='ocr_line' id='line_1_36' title="bbox 170 3337 1253 3407; baseline -0.011 0"><span class='ocrx_word' id='word_1_283' title='bbox 170 3365 239 3407; x_wconf 87' lang='lat' dir='ltr'>esse</span> <span class='ocrx_word' id='word_1_284' title='bbox 263 3343 339 3405; x_wconf 86' lang='lat' dir='ltr'>volo</span> <span class='ocrx_word' id='word_1_285' title='bbox 360 3341 398 3400; x_wconf 88' lang='lat' dir='ltr'>ad</span> <span class='ocrx_word' id='word_1_286' title='bbox 419 3337 549 3398; x_wconf 87' lang='lat' dir='ltr'>basilica</span> <span class='ocrx_word' id='word_1_287' title='bbox 572 3337 628 3397; x_wconf 90' lang='lat' dir='ltr'>illa</span> <span class='ocrx_word' id='word_1_288' title='bbox 644 3337 677 3395; x_wconf 93' lang='lat' dir='ltr'>in</span> <span class='ocrx_word' id='word_1_289' title='bbox 699 3337 824 3398; x_wconf 88' lang='lat' dir='ltr'>honore</span> <span class='ocrx_word' id='word_1_290' title='bbox 847 3341 949 3400; x_wconf 89' lang='lat' dir='ltr'>sancti</span> <span class='ocrx_word' id='word_1_291' title='bbox 974 3339 1063 3402; x_wconf 90' lang='lat' dir='ltr'>illius</span> <span class='ocrx_word' id='word_1_292' title='bbox 1089 3345 1253 3402; x_wconf 86' lang='lat' dir='ltr'>constructa</span> 
     </span>
     <span class='ocr_line' id='line_1_37' title="bbox 169 3419 1252 3510; baseline -0.007 -24"><span class='ocrx_word' id='word_1_293' title='bbox 169 3427 353 3510; x_wconf 85' lang='lat' dir='ltr'>portionem</span> <span class='ocrx_word' id='word_1_294' title='bbox 369 3443 472 3483; x_wconf 89' lang='lat' dir='ltr'>meam</span> <span class='ocrx_word' id='word_1_295' title='bbox 486 3420 519 3478; x_wconf 91' lang='lat' dir='ltr'>in</span> <span class='ocrx_word' id='word_1_296' title='bbox 539 3420 619 3480; x_wconf 86' lang='lat' dir='ltr'>villa</span> <span class='ocrx_word' id='word_1_297' title='bbox 639 3429 847 3501; x_wconf 89' lang='lat' dir='ltr'>nuncupante</span> <span class='ocrx_word' id='word_1_298' title='bbox 868 3421 935 3498; x_wconf 87' lang='lat' dir='ltr'>illa,</span> <span class='ocrx_word' id='word_1_299' title='bbox 952 3421 1083 3505; x_wconf 82' lang='lat' dir='ltr'>inpage</span> <span class='ocrx_word' id='word_1_300' title='bbox 1100 3419 1252 3504; x_wconf 90' lang='lat' dir='ltr'>illo,quic·</span> 
     </span>
     <span class='ocr_line' id='line_1_38' title="bbox 170 3502 1252 3590; baseline -0.001 -22"><span class='ocrx_word' id='word_1_301' title='bbox 170 3507 390 3590; x_wconf 26' lang='lat' dir='ltr'>quidlibidem</span> <span class='ocrx_word' id='word_1_302' title='bbox 410 3504 450 3563; x_wconf 87' lang='lat' dir='ltr'>ad</span> <span class='ocrx_word' id='word_1_303' title='bbox 467 3523 617 3584; x_wconf 89' lang='lat' dir='ltr'>praesens</span> <span class='ocrx_word' id='word_1_304' title='bbox 629 3510 695 3562; x_wconf 89' lang='lat' dir='ltr'>tam</span> <span class='ocrx_word' id='word_1_305' title='bbox 714 3503 754 3562; x_wconf 94' lang='lat' dir='ltr'>de</span> <span class='ocrx_word' id='word_1_306' title='bbox 772 3502 866 3562; x_wconf 89' lang='lat' dir='ltr'>alode</span> <span class='ocrx_word' id='word_1_307' title='bbox 882 3513 1053 3587; x_wconf 88' lang='lat' dir='ltr'>parentum</span> <span class='ocrx_word' id='word_1_308' title='bbox 1066 3505 1119 3567; x_wconf 92' lang='lat' dir='ltr'>vel</span> <span class='ocrx_word' id='word_1_309' title='bbox 1135 3506 1174 3567; x_wconf 91' lang='lat' dir='ltr'>de</span> <span class='ocrx_word' id='word_1_310' title='bbox 1191 3521 1252 3586; x_wconf 69' lang='lat' dir='ltr'>qna·</span> 
     </span>
     <span class='ocr_line' id='line_1_39' title="bbox 170 3581 1252 3670; baseline -0.009 -18"><span class='ocrx_word' id='word_1_311' title='bbox 170 3592 251 3652; x_wconf 89' lang='lat' dir='ltr'>libet</span> <span class='ocrx_word' id='word_1_312' title='bbox 265 3591 406 3651; x_wconf 90' lang='lat' dir='ltr'>adtractu</span> <span class='ocrx_word' id='word_1_313' title='bbox 425 3584 588 3668; x_wconf 89' lang='lat' dir='ltr'>possidere</span> <span class='ocrx_word' id='word_1_314' title='bbox 617 3583 748 3661; x_wconf 88' lang='lat' dir='ltr'>videor,</span> <span class='ocrx_word' id='word_1_315' title='bbox 779 3593 882 3645; x_wconf 90' lang='lat' dir='ltr'>totum</span> <span class='ocrx_word' id='word_1_316' title='bbox 912 3588 1007 3648; x_wconf 90' lang='lat' dir='ltr'>etad</span> <span class='ocrx_word' id='word_1_317' title='bbox 1038 3586 1196 3670; x_wconf 82' lang='lat' dir='ltr'>integrum</span> <span class='ocrx_word' id='word_1_318' title='bbox 1221 3581 1252 3644; x_wconf 86' lang='lat' dir='ltr'>ed</span> 
     </span>
     <span class='ocr_line' id='line_1_40' title="bbox 170 3667 1253 3758; baseline -0.008 -23"><span class='ocrx_word' id='word_1_319' title='bbox 170 3675 312 3758; x_wconf 82' lang='lat' dir='ltr'>praelata</span> <span class='ocrx_word' id='word_1_320' title='bbox 329 3670 458 3732; x_wconf 89' lang='lat' dir='ltr'>basilica</span> <span class='ocrx_word' id='word_1_321' title='bbox 473 3668 548 3727; x_wconf 89' lang='lat' dir='ltr'>volo</span> <span class='ocrx_word' id='word_1_322' title='bbox 570 3667 636 3727; x_wconf 83' lang='lat' dir='ltr'>esse</span> <span class='ocrx_word' id='word_1_323' title='bbox 662 3667 828 3736; x_wconf 81' lang='lat' dir='ltr'>donatum3</span> <span class='ocrx_word' id='word_1_324' title='bbox 852 3689 889 3728; x_wconf 90' lang='lat' dir='ltr'>ea</span> <span class='ocrx_word' id='word_1_325' title='bbox 903 3668 1058 3734; x_wconf 90' lang='lat' dir='ltr'>videlicet</span> <span class='ocrx_word' id='word_1_326' title='bbox 1082 3671 1253 3734; x_wconf 82' lang='lat' dir='ltr'>rationeut</span> 
     </span>
     <span class='ocr_line' id='line_1_41' title="bbox 171 3744 1253 3837; baseline -0.01 -18"><span class='ocrx_word' id='word_1_327' title='bbox 171 3759 249 3819; x_wconf 89' lang='lat' dir='ltr'>dom</span> <span class='ocrx_word' id='word_1_328' title='bbox 270 3754 421 3815; x_wconf 80' lang='lat' dir='ltr'>advixero</span> <span class='ocrx_word' id='word_1_329' title='bbox 435 3750 493 3811; x_wconf 91' lang='lat' dir='ltr'>sub</span> <span class='ocrx_word' id='word_1_330' title='bbox 515 3769 576 3810; x_wconf 88' lang='lat' dir='ltr'>usu</span> <span class='ocrx_word' id='word_1_331' title='bbox 594 3749 743 3826; x_wconf 84' lang='lat' dir='ltr'>beneficii</span> <span class='ocrx_word' id='word_1_332' title='bbox 760 3757 887 3810; x_wconf 92' lang='lat' dir='ltr'>teneam</span> <span class='ocrx_word' id='word_1_333' title='bbox 908 3751 1028 3834; x_wconf 89' lang='lat' dir='ltr'>absque</span> <span class='ocrx_word' id='word_1_334' title='bbox 1049 3753 1119 3814; x_wconf 91' lang='lat' dir='ltr'>ullo</span> <span class='ocrx_word' id='word_1_335' title='bbox 1141 3744 1253 3837; x_wconf 81' lang='lat' dir='ltr'>praeiu-</span> 
     </span>
     <span class='ocr_line' id='line_1_42' title="bbox 172 3830 1254 3912; baseline -0.012 -10"><span class='ocrx_word' id='word_1_336' title='bbox 172 3841 258 3902; x_wconf 91' lang='lat' dir='ltr'>dicio</span> <span class='ocrx_word' id='word_1_337' title='bbox 280 3838 330 3898; x_wconf 88' lang='lat' dir='ltr'>vel</span> <span class='ocrx_word' id='word_1_338' title='bbox 351 3832 571 3895; x_wconf 90' lang='lat' dir='ltr'>deminutione</span> <span class='ocrx_word' id='word_1_339' title='bbox 584 3832 692 3912; x_wconf 82' lang='lat' dir='ltr'>aliqua</span> <span class='ocrx_word' id='word_1_340' title='bbox 710 3830 750 3892; x_wconf 91' lang='lat' dir='ltr'>de</span> <span class='ocrx_word' id='word_1_341' title='bbox 766 3832 909 3912; x_wconf 86' lang='lat' dir='ltr'>qualibet</span> <span class='ocrx_word' id='word_1_342' title='bbox 928 3855 963 3896; x_wconf 86' lang='lat' dir='ltr'>re</span> <span class='ocrx_word' id='word_1_343' title='bbox 992 3835 1169 3910; x_wconf 84' lang='lat' dir='ltr'>antedictae</span> <span class='ocrx_word' id='word_1_344' title='bbox 1183 3831 1254 3894; x_wconf 86' lang='lat' dir='ltr'>basi·</span> 
     </span>
     <span class='ocr_line' id='line_1_43' title="bbox 171 3915 1254 4000; baseline -0.01 -19"><span class='ocrx_word' id='word_1_345' title='bbox 171 3925 253 3988; x_wconf 86' lang='lat' dir='ltr'>li&#39;cae</span> <span class='ocrx_word' id='word_1_346' title='bbox 272 3918 421 3982; x_wconf 81' lang='lat' dir='ltr'>excolere</span> <span class='ocrx_word' id='word_1_347' title='bbox 445 3915 586 3980; x_wconf 86' lang='lat' dir='ltr'>debeam.</span> <span class='ocrx_word' id='word_1_348' title='bbox 629 3915 705 3976; x_wconf 91' lang='lat' dir='ltr'>Post</span> <span class='ocrx_word' id='word_1_349' title='bbox 724 3935 830 3973; x_wconf 92' lang='lat' dir='ltr'>meum</span> <span class='ocrx_word' id='word_1_350' title='bbox 855 3937 987 3998; x_wconf 84' lang='lat' dir='ltr'>quoque</span> <span class='ocrx_word' id='word_1_351' title='bbox 1009 3915 1254 4000; x_wconf 88' lang='lat' dir='ltr'>quandoquidem</span> 
     </span>
     <span class='ocr_line' id='line_1_44' title="bbox 171 3995 1268 4083; baseline -0.007 -16"><span class='ocrx_word' id='word_1_352' title='bbox 171 4009 259 4067; x_wconf 84' lang='lat' dir='ltr'>Deus</span> <span class='ocrx_word' id='word_1_353' title='bbox 274 4003 313 4063; x_wconf 89' lang='lat' dir='ltr'>de</span> <span class='ocrx_word' id='word_1_354' title='bbox 339 3999 491 4062; x_wconf 80' lang='lat' dir='ltr'>haeluce</span> <span class='ocrx_word' id='word_1_355' title='bbox 515 3995 861 4070; x_wconf 81' lang='lat' dir='ltr'>voluerit&#39;discessnm,</span> <span class='ocrx_word' id='word_1_356' title='bbox 885 3998 925 4060; x_wconf 90' lang='lat' dir='ltr'>de</span> <span class='ocrx_word' id='word_1_357' title='bbox 947 4007 1132 4083; x_wconf 85' lang='lat' dir='ltr'>praesente,</span> <span class='ocrx_word' id='word_1_358' title='bbox 1153 3999 1268 4078; x_wconf 75' lang='lat' dir='ltr'>absque-</span> 
     </span>
     <span class='ocr_line' id='line_1_45' title="bbox 171 4079 1253 4165; baseline -0.012 -16"><span class='ocrx_word' id='word_1_359' title='bbox 171 4085 344 4149; x_wconf 87' lang='lat' dir='ltr'>cuiuslibet</span> <span class='ocrx_word' id='word_1_360' title='bbox 366 4081 510 4144; x_wconf 88' lang='lat' dir='ltr'>lodicum</span> <span class='ocrx_word' id='word_1_361' title='bbox 525 4088 580 4140; x_wconf 90' lang='lat' dir='ltr'>aut</span> <span class='ocrx_word' id='word_1_362' title='bbox 595 4079 751 4140; x_wconf 88' lang='lat' dir='ltr'>heredum</span> <span class='ocrx_word' id='word_1_363' title='bbox 763 4100 905 4142; x_wconf 89' lang='lat' dir='ltr'>meorum</span> <span class='ocrx_word' id='word_1_364' title='bbox 921 4091 1086 4165; x_wconf 85' lang='lat' dir='ltr'>expectata</span> <span class='ocrx_word' id='word_1_365' title='bbox 1099 4079 1253 4145; x_wconf 88' lang='lat' dir='ltr'>traditione</span> 
     </span>
     <span class='ocr_line' id='line_1_46' title="bbox 173 4159 1254 4247; baseline -0.01 -17"><span class='ocrx_word' id='word_1_366' title='bbox 173 4181 230 4230; x_wconf 80' lang='lat' dir='ltr'>aut</span> <span class='ocrx_word' id='word_1_367' title='bbox 245 4166 491 4244; x_wconf 88' lang='lat' dir='ltr'>contrarietate,</span> <span class='ocrx_word' id='word_1_368' title='bbox 513 4159 586 4225; x_wconf 84' lang='lat' dir='ltr'>curn</span> <span class='ocrx_word' id='word_1_369' title='bbox 604 4163 716 4239; x_wconf 88' lang='lat' dir='ltr'>terris,</span> <span class='ocrx_word' id='word_1_370' title='bbox 740 4162 905 4242; x_wconf 90' lang='lat' dir='ltr'>domibus,</span> <span class='ocrx_word' id='word_1_371' title='bbox 939 4163 1115 4247; x_wconf 87' lang='lat' dir='ltr'>aedificiis,</span> <span class='ocrx_word' id='word_1_372' title='bbox 1146 4162 1254 4226; x_wconf 88' lang='lat' dir='ltr'>accola·</span> 
     </span>
     <span class='ocr_line' id='line_1_47' title="bbox 91 4245 1253 4333; baseline -0.009 -19"><span class='ocrx_word' id='word_1_373' title='bbox 91 4267 94 4272; x_wconf 83' lang='lat'>&#39;</span> <span class='ocrx_word' id='word_1_374' title='bbox 172 4254 253 4330; x_wconf 92' lang='lat' dir='ltr'>bus,</span> <span class='ocrx_word' id='word_1_375' title='bbox 281 4247 467 4332; x_wconf 84' lang='lat' dir='ltr'>mancipiis,</span> <span class='ocrx_word' id='word_1_376' title='bbox 497 4245 634 4329; x_wconf 82' lang='lat' dir='ltr'>canapis,</span> <span class='ocrx_word' id='word_1_377' title='bbox 670 4245 791 4324; x_wconf 87' lang='lat' dir='ltr'>vineis,</span> <span class='ocrx_word' id='word_1_378' title='bbox 827 4247 932 4327; x_wconf 83' lang='lat' dir='ltr'>silvis,</span> <span class='ocrx_word' id='word_1_379' title='bbox 970 4248 1085 4332; x_wconf 87' lang='lat' dir='ltr'>pratis,</span> <span class='ocrx_word' id='word_1_380' title='bbox 1126 4245 1253 4333; x_wconf 84' lang='lat' dir='ltr'>pascuis,</span> 
     </span>
    </p>
   </div>
   <div class='ocr_carea' id='block_1_6' title="bbox 0 0 1369 4992">
    <p class='ocr_par' dir='ltr' id='par_1_6' title="bbox 0 0 1369 4992">
     <span class='ocr_line' id='line_1_48' title="bbox 0 0 1369 4992; baseline 0 0"><span class='ocrx_word' id='word_1_381' title='bbox 0 0 1369 4992; x_wconf 95' lang='lat' dir='ltr'> </span> 
     </span>
    </p>
   </div>
  </div>
 </body>
</html>
