2658 4978
254 338 288 394 a,
306 337 383 392 cun
489 331 850 414 ussunrmncoauu
903 419 906 426 ἱ
957 331 1017 401 ω.
1125 283 1190 384 let
1265 387 1269 396 ,

93 475 207 538 clesiac
227 485 324 554 atque
337 473 442 556 Regni
459 473 507 533 illi
531 472 696 534 commissi.
709 473 854 554 quictem
877 478 910 534 et
926 469 1194 550 tranquillitatem

91 569 184 638 atque
200 556 395 617 soliditatem
406 555 593 616 machinabo
611 553 665 618 vel
685 553 882 614 machinanti
899 557 1117 624 consentiam,
1141 574 1182 612 nc

89 660 151 720 que
167 659 320 720 umquam
329 636 461 718 aliquod
477 639 664 700 scandalum
676 636 808 698 movebo
829 637 917 717 quod
931 635 1019 694 illius
1036 635 1197 718 praesenti

88 723 138 780 vel
156 722 287 780 futurae
299 720 393 780 saluti
410 719 611 780 contrarium*
622 719 673 779 vel
691 718 919 779 nocivumesse
929 718 1036 800 possit.
1080 717 1132 778 Sic
1145 737 1195 797 ms

86 805 176 866 Deus
195 802 338 886 ¹adiuvet
357 810 389 863 et
402 802 462 863 istu
479 803 666 864 Sanctorum
679 799 867 884 patrocinia.

324 979 751 1044 TITULUS
822 977 966 1044 va.

428 1115 531 1158 APUD
574 1113 851 1157 exstrueus«.

84 1214 204 1287 Anno
249 1214 532 1284 Incarnationis
592 1212 820 1286 Dominicae
873 1211 1195 1282 DCCCLXXIII.¹

84 1315 197 1404 regni
228 1338 317 1383 vero
354 1313 500 1383 Domni
530 1313 667 1385 Karoli
696 1311 870 1381 XXXIII
903 1313 1112 1382 [edictione
1145 1311 1190 1380 V.

84 1416 184 1482 haec
203 1411 378 1504 Capitale
403 1423 497 1504 quoe
522 1423 741 1504 sequuntur,
771 1410 970 1480 abeodem
990 1411 1092 1500 Rege
1117 1421 1191 1479 stn-

84 1525 171 1582 tuta
211 1523 297 1580 sunt
337 1513 377 1580 in
411 1510 554 1594 Plautio
581 1509 753 1601 generali
787 1511 893 1602 apud
931 1509 1197 1609 carisiacum,

86 1611 266 1678 ornnium-
283 1633 364 1677 cum
389 1609 576 1684 ‹rotuniare
601 1621 636 1678 et
660 1631 860 1694 consensu,
896 1621 931 1676 et
958 1633 983 1677 a
1009 1607 1189 1700 praefato

95 1709 218 1801 Rege
243 1717 278 1777 et
307 1705 355 1776 ab
381 1705 549 1784 erunibus
573 1708 635 1797 qui
654 1718 873 1798 praesentes
888 1708 1047 1800 suerunt
1076 1727 1164 1776 eon-

544 1805 719 1898 firmata.
773 1883 782 1902 x
1022 1833 1027 1841 ·

173 1968 198 2028 Ῑ·
242 1943 347 2068 Quia
367 2023 496 2064 necesse
512 2010 559 2064 est
573 2011 610 2063 ut
629 2001 719 2085 quod
739 1997 821 2065 male
843 2001 1049 2080 reincrescit,
1070 2001 1189 2064 iterum

83 2083 270 2164 recidatur,
304 2087 343 2146 de
372 2085 654 2146 constitutionibus
681 2095 918 2158 antecessorum
944 2096 1126 2146 nostrorum
1157 2093 1190 2146 ct

86 2167 227 2243 nostris,
257 2187 339 2250 qnae
368 2167 403 2226 in
437 2167 568 2227 illorum
603 2176 637 2228 et
669 2168 784 2229 nostris
810 2167 967 2249 Capitulis
995 2167 1188 2229 constitutae

85 2259 185 2325 sunt,
209 2250 249 2310 ad
264 2250 439 2329 =resecanda
455 2251 538 2308 mala
559 2270 641 2330 quae
653 2249 836 2346 specialiter
855 2253 972 2310 iterum
989 2257 1187 2329 remergunt,

85 2330 197 2412 Missis
221 2341 254 2392 et
272 2330 447 2394 Comitibus
466 2331 582 2392 nostris
597 2333 732 2392 firmiter
752 2332 941 2414 exequenda
957 2331 1185 2412 proponimus,

86 2414 126 2474 id
148 2422 205 2490 est,
230 2413 410 2494 ut'quando
430 2409 518 2494 Missi
538 2414 591 2474 vel
606 2413 746 2474 Comites
764 2413 867 2474 'nostri
889 2415 1046 2474 latronem
1060 2412 1112 2472 vel
1133 2410 1189 2470 ali-

85 2516 190 2576 quem
217 2496 454 2575 malefactorem
472 2492 542 2571 ael,
565 2495 730 2574 infidelem
755 2505 898 2556 nostrum
932 2494 1187 2568 forbannierint,

84 2578 154 2654 boc
171 2577 264 2656 nobis
278 2579 311 2637 in
332 2586 440 2637 nostro
457 2576 574 2659 palatio
595 2588 627 2638 ct
641 2577 711 2638 aliis
728 2577 832 2638 Missis
853 2587 884 2637 ct
908 2575 1083 2637 Comitibus
1102 2576 1202 2635 selre-

87 2659 223 2736 faciant,
246 2657 324 2720 ut'si
342 2659 382 2719 ad
393 2655 530 2720 nostram
546 2668 670 2719 curtem
689 2659 826 2736 venerit,
847 2658 923 2718 inde
936 2656 1086 2717 faciamus
1101 2657 1190 2737 quod

89 2750 239 2800 nostrum
253 2737 311 2803 est.
364 2741 407 2800 Et
422 2743 449 2801 si
465 2740 504 2801 de
525 2763 591 2801 uno
606 2740 764 2802 missatico
784 2742 836 2801 vel
853 2739 1005 2801 comitatu
1030 2739 1062 2797 in
1088 2740 1189 2798 aliurn
1241 2750 1244 2758 '

88 2822 287 2882 missaticum
310 2823 363 2883 rel
379 2823 563 2885 comitatum
583 2823 721 2904 fugerit,
744 2823 858 2884 Missus
877 2821 931 2884 vel
948 2823 1061 2881 Comes
1080 2820 1112 2879 in
1130 2842 1187 2880 cu·

89 2906 143 2964 ius
157 2901 352 2978 missaticumv
363 2906 500 2986 fugerit,
523 2927 581 2985 per
603 2905 805 2966 fideiussores
829 2905 1027 2984 constringat
1048 2912 1084 2962 ut
1109 2901 1191 2974 velit
1234 2945 1237 2956 ·

91 2985 179 3048 nolit
196 2987 278 3047 illuc
294 2983 438 3047 reveniat
458 2997 490 3047 et
507 2987 551 3047 ibi
569 2986 687 3068 malum
712 2988 863 3068 emendet
887 2987 942 3046 ubi
969 2986 1049 3062 illud
1077 3007 1191 3068 perpe·
1214 2983 1216 2989 '

91 3068 198 3128 travit.
238 3068 321 3129 Etsi
338 3067 538 3130 fideiussores
563 3090 627 3128 non
650 3067 816 3145 habuerit,
846 3069 905 3129 sub
930 3069 1072 3128 custodia
1097 3069 1192 3128 illurn

39 3223 43 3230 Ι
90 3148 229 3227 lrabeat,
253 3151 356 3210 donec
377 3149 415 3210 ad
432 3150 525 3209 illum
543 3151 710 3226 Comitem,
733 3149 872 3210 incultis
894 3151 1045 3210 comitatu
1065 3151 1192 3209 forban-

92 3232 183 3294 uitus
200 3232 320 3310 fuerit,
343 3232 436 3291 illum
456 3232 603 3293 revenire
623 3232 729 3292 faciat.
774 3234 818 3292 Et
841 3231 868 3292 si
892 3231 1017 3292 alodem
1040 3227 1191 3293 habuerit

91 3313 147 3382 yel
171 3312 206 3372 in
235 3313 293 3374 illo
322 3314 474 3375 comitatu
507 3315 594 3374 unde
620 3315 722 3396 fugit,
750 3315 802 3374 vel
828 3314 862 3372 in
891 3313 949 3373 illo
972 3315 1123 3375 comitatu
1151 3316 1193 3375 ad

91 3416 194 3475 quem
213 3396 312 3476 fugit,
334 3398 447 3459 Comes
468 3395 572 3476 ipsum
601 3396 727 3457 alodem
753 3395 787 3454 in
816 3393 927 3455 fiscum
961 3397 1106 3476 recipiat,
1152 3399 1194 3458 Et

93 3477 151 3559 qui
168 3472 272 3542 talem
287 3477 505 3538 forbannitum
522 3478 698 3559 receperit,
731 3477 910 3537 secundum
934 3479 1020 3559 quod
1038 3477 1196 3538 constitu-

93 3567 166 3618 tum
189 3558 285 3618 estin
304 3559 540 3642 Capitularibus
554 3559 605 3618 ari
624 3568 656 3618 et
674 3559 772 3640 patris
794 3559 894 3619 nostri
920 3559 958 3616 in'
981 3559 1065 3618 libro
1084 3561 1196 3641 tertio,

94 3639 120 3700 si
135 3643 268 3700 francus
282 3635 339 3718 est,
364 3664 436 3702 cum
454 3641 623 3703 duodecim
640 3639 798 3706 similibus
814 3639 933 3701 francis
951 3640 1034 3700 iu'ret
1049 3643 1137 3720 quod
1150 3643 1200 3724 ips

94 3742 169 3784 sum
187 3720 346 3782 latronem
364 3725 417 3784 vel
437 3723 656 3783 forbannitum
677 3745 742 3784 esse
769 3744 834 3784 non
856 3723 982 3799 scisset,
1014 3724 1091 3800 licet
1106 3735 1200 3804 pater.

96 3803 167 3862 eius
186 3803 245 3882 sit,
269 3805 454 3884 autfrater,
476 3805 753 3886 autpropinquus.
794 3805 827 3866 Si
848 3804 909 3865 hoc
924 3805 1030 3864 iurare
1051 3807 1120 3876 non
1141 3830 1197 3889 po,-

95 3884 293 3964 tuerit,'rel
309 3889 347 3946 ab
362 3887 425 3946 alio
447 3886 613 3949 convictus
630 3887 729 3947 fuerit
746 3888 833 3972 quod
850 3889 1008 3946 latronem
1027 3888 1081 3948 nel
1099 3891 1196 3955 mule-

94 3965 253 4048 factorem
267 3979 320 4048 ant
335 3969 500 4031 infidelem
517 3978 662 4030 nostrum
678 3967 899 4030 forbannitum
913 3969 946 4026 in
966 3968 1113 4050 hospstio
1131 3993 1196 4034 sus,

97 4047 259 4132 cepisset,
280 4051 444 4132 sicutipse
460 4050 662 4112 forbannitus
677 4061 709 4112 et
730 4061 766 4110 ut
782 4049 922 4110 infidelis
943 4050 1114 4114 iudicetur.

181 4129 224 4192 Il.
266 4133 307 4192 Ut
323 4133 463 4196 Comites
481 4143 514 4194 et
532 4129 620 4194 Missi
640 4132 741 4196 nostri
770 4131 939 4193 maximam
965 4153 1074 4194 caram
1102 4131 1194 4194 adbi-

94 4209 195 4276 beant
210 4209 361 4300 quatinus
377 4214 412 4304 iu
426 4214 558 4288 illorum
582 4215 784 4282 eomitatibus
812 4223 843 4280 et
870 4209 1034 4289 missaticis
1062 4215 1198 4300 populus
