2658 4978
177 285 246 382 let
401 331 531 386 scitu.
636 331 875 391 cur1rumnu
982 341 1040 409 s7s.

254 470 311 531 vl.
354 473 396 532 Ut
410 471 631 554 unusquisque
659 475 773 534 Comes
805 476 838 536 iu
860 476 1017 540 Comitatu
1040 503 1094 542 suo
1118 503 1242 564 maguum

174 551 411 648 providentiam
431 553 566 634 accipiat
585 564 621 614 ut
643 555 755 616 nullus
771 557 854 618 liber
869 559 962 620 liomo
987 563 1018 622 in
1039 573 1138 640 nostro
1158 589 1242 648 reguo

172 635 333 696 immorari
352 635 405 699 vel
420 637 647 716 proprietatem
665 636 783 699 habere
798 641 1015 722 permittatur,
1047 643 1242 730 cuiuscunque

108 720 111 732 '
172 716 270 777 homo
288 717 348 796 sit,
371 716 432 780 nisi
451 718 638 779 fidelitatem
662 719 753 780 nobis
776 724 964 802 promiserit.

256 801 328 862 Vll.
367 803 410 861 Et
423 802 498 881 quin
520 800 700 862 audivimus
714 803 801 882 quod
824 805 959 866 malefici
981 807 1121 872 homiiics
1142 821 1170 871 et
1185 834 1242 872 sor-

174 880 286 942 tiariae
303 903 363 976 per
380 883 472 964 plura
496 882 563 940 locu
584 881 617 940 in
645 879 757 943 nostro'
780 905 881 967 regno
910 887 1098 972 insurgunt,
1127 914 1243 972 quorum

174 962 340 1024 maleficiis
354 964 416 1022 iam
431 964 521 1022 multi
541 963 686 1024 homines
701 966 861 1042 infirmati,
881 978 911 1029 et
925 972 1033 1050 plures
1046 977 1157 1034 mortui
1173 987 1243 1046 sunt;

173 1045 337 1126 quoniam,
352 1046 437 1106 sieut
450 1048 547 1106 sancti
557 1047 618 1106 Dei
636 1047 780 1108 homines
793 1050 998 1130 seripserunt,
1016 1056 1107 1136 Regis
1126 1057 1244 1116 ministe-

171 1129 258 1187 rium
269 1137 316 1188 est
331 1128 444 1210 impios
460 1129 498 1188 dc
518 1139 600 1186 terra
617 1129 773 1210 perdere,
794 1133 955 1193 maleficus
978 1145 1009 1194 et
1027 1138 1176 1198 veneficos
1192 1160 1245 1196 uon

174 1211 279 1271 sinere
294 1210 324 1272 vi
330 1231 415 1288 vere,
438 1231 584 1291 expresse
601 1211 812 1293 praecipimus
832 1225 868 1274 ut
881 1219 1207 1300 unusquisquecumcs
1219 1220 1246 1277 in

172 1292 398 1352 suoComitatu
413 1313 563 1374 magnum
581 1292 723 1352 studium
738 1294 886 1356 adhibeat
901 1309 937 1359 ut
951 1301 1029 1358 tales
1047 1302 1248 1382 perquirantur

175 1382 208 1434 e't
226 1376 550 1456 comprehendantur.
591 1377 634 1435 Et
650 1379 676 1435 sl
697 1374 759 1434 iam
782 1377 858 1435 inde
888 1382 1084 1462 comprobati
1111 1384 1246 1457 masculi,

176 1456 229 1516 v'el
245 1457 469 1539 comprobatae
498 1456 636 1520 sominae
661 1467 752 1534 sunt,
782 1460 866 1519 sieut
896 1461 949 1522 lex
971 1473 1004 1522 et
1027 1463 1141 1523 iustitia
1160 1465 1246 1540 docet,

175 1539 411 1620 disperdantur.
453 1538 487 1598 Si
503 1559 581 1598 vero
603 1538 758 1599 nominati
785 1542 837 1601 vel
869 1545 1029 1625 suspeeti‚‘
1062 1555 1094 1604 et
1127 1546 1246 1606 necdum

174 1621 249 1680 inde
271 1621 571 1705 comprehensum,
594 1621 644 1680 vel
669 1643 727 1701 per
743 1630 837 1684 testes
864 1647 995 1687 veraces
1022 1627 1097 1686 inde
1119 1649 1244 1706 compro·

171 1702 240 1762 bari
258 1725 322 1764 non
347 1711 500 1786 possunt,
520 1703 581 1762 Dei
603 1700 724 1762 iudicio
742 1705 965 1768 examinentur
980 1732 987 1778 ;
1012 1719 1044 1768 et
1055 1709 1099 1768 sie
1115 1730 1169 1791 per
1179 1708 1246 1769 illud

171 1785 234 1844 Dei
266 1785 421 1846 iudicium
452 1795 505 1844 aut
532 1785 711 1845 liberentur
738 1795 793 1845 aut
818 1789 1083 1850 condemnentur.
1132 1791 1171 1850 Et
1193 1811 1245 1850 non

172 1867 278 1926 solum
292 1869 371 1930 tales
390 1867 480 1929 istius
493 1867 569 1926 mali
590 1875 746 1942 auctores,
768 1869 824 1928 sed
848 1879 892 1930 ep,
905 1873 1025 1932 conscii
1046 1894 1081 1931 ae
1097 1871 1245 1952 complices

171 1949 321 2027 illorum,
343 1952 408 2012 sive
424 1950 646 2024 masculorum,
661 1950 728 2010 sive
743 1950 952 2028 seminarum,
976 1955 1202 2036 disperdantur,
1219 1962 1247 2011 ut

174 2052 238 2090 una
260 2033 396 2093 cumeis
416 2031 548 2092 scientia
562 2031 643 2092 tanti
666 2031 740 2090 mali
755 2031 793 2091 de
818 2042 902 2093 terra
923 2045 1029 2095 nostra
1049 2045 1163 2118 pereat.

255 2113 325 2176 Vll.
366 2114 448 2191 Quia
464 2114 547 2174 sicut
573 2121 605 2174 et
627 2134 687 2194 per
709 2112 880 2196 scripturas
903 2125 934 2176 et
962 2139 1020 2198 per
1049 2117 1246 2177 auctoritatem

173 2203 205 2256 et
219 2216 278 2276 per
292 2195 449 2255 rationem
477 2197 679 2256 manifestum
698 2204 766 2271 est,
799 2197 952 2258 duosmst
973 2199 1090 2280 quibus
1111 2199 1247 2280 principu-
1324 2200 1329 2227 ¹

172 2278 248 2337 liter
273 2277 412 2338 mundus
439 2278 494 2338 hic
518 2279 660 2360 regitur,
697 2278 795 2358 Regia
829 2290 983 2360 potestas,
1012 2292 1045 2342 et
1074 2279 1246 2344 Pontifiealis

173 2359 354 2437 alletoritas,
374 2359 457 2420 etin
478 2359 790 2441 libroCapitnlorum
814 2359 865 2418 avi
885 2370 916 2422 et
931 2364 1038 2443 patris
1065 2363 1161 2422 nostri
1186 2382 1246 2420 cou-

172 2444 282 2502 iunete
304 2443 437 2524 ponitur
454 2454 490 2503 ut
508 2463 559 2503 res
581 2451 613 2501 et
629 2441 786 2522 mancipia
797 2443 1013 2504 Ecclesiarum
1030 2467 1067 2506 eo
1083 2445 1171 2504 modo
1188 2463 1247 2503 eon·

172 2523 434 2585 lincuntursieut
454 2547 504 2586 res
521 2525 560 2585 ad
582 2523 693 2584 fiscum
718 2525 916 2586 dominicum
938 2528 1137 2608 pertinentes
1158 2523 1246 2586 conti-

173 2607 245 2666 neri
258 2607 374 2684 solent‚
397 2607 478 2667 iuste
491 2616 521 2668 et
534 2604 767 2666 rationabiliter
781 2606 820 2667 de
839 2607 933 2667 rebus
953 2617 985 2668 et
1000 2607 1165 2688 mancipiis
1178 2623 1245 2687 quac

173 2691 208 2749 in
224 2689 323 2770 Regia
348 2698 380 2751 et
402 2689 617 2751 ecclesiastica
640 2687 795 2750 vestitura
823 2689 976 2767 fuerunt,
1007 2688 1203 2750 uniformiter
1221 2691 1245 2746 ct

174 2785 240 2831 uno
254 2772 348 2833 modo
372 2772 551 2832 tenendum
570 2779 625 2831 est.
667 2772 710 2830 Ut
728 2768 811 2830 sicut
825 2791 1041 2852 quaeeunque
1064 2794 1114 2832 res
1128 2780 1157 2831 et
1173 2786 1243 2827 man·
1326 2809 1327 2820 i

171 2853 256 2936 cipia
268 2853 301 2913 in
320 2853 408 2936 regia
425 2853 577 2914 vestitura
588 2849 649 2913 Avi
670 2859 704 2914 ct
715 2852 818 2912 Putris
834 2852 934 2912 nostri
952 2862 983 2913 et
1000 2863 1107 2914 nostru
1121 2854 1249 2921 suerunt,

172 2945 204 2998 et
220 2956 307 2996 nune
325 2935 363 2995 ab
386 2936 456 2996 aliis
471 2935 683 3010 detinentur,·
703 2933 941 2994 demonstretur
958 2937 1100 3016 qualiter
1121 2934 1159 2994 de
1173 2930 1244 3011 regia

171 3017 324 3076 vestitura
340 3018 400 3077 Avi
416 3027 447 3076 et
459 3014 559 3078 Patris
574 3015 676 3076 nostri
694 3022 726 3076 et
739 3025 845 3076 nostra
863 3016 1024 3096 exierunt,
1046 3015 1143 3100 (quia
1155 3016 1244 3096 plnres

171 3097 248 3157 inde
266 3119 325 3178 per
340 3100 541 3159 mendacium
561 3097 717 3178 quaedam
731 3097 951 3175 obtinuerunt,
974 3108 1006 3160 et
1025 3100 1153 3180 quidam
1167 3095 1244 3176 plura

169 3201 229 3261 per
242 3180 387 3239 fraudem
405 3181 572 3258 obtinent)
595 3178 690 3240 itaet
711 3178 861 3240 derebus
884 3201 966 3262 quae
988 3181 1024 3241 in
1049 3178 1244 3242 Ecclesiarum

169 3259 323 3321 vestitura
346 3263 497 3340 fuerunt,
517 3261 603 3322 unde
623 3258 769 3342 quaestio
797 3259 915 3332 fuerit,
944 3262 1175 3323 demonstretur
1193 3275 1244 3336 qua

165 3343 353 3405 auctoritate
373 3345 406 3403 in
419 3345 645 3428 proprietatem
658 3363 709 3403 eas
744 3343 855 3426 uisque
871 3342 1045 3405 obtineant.
1066 3346 1105 3406 Et
1115 3339 1244 3422 quoniam

166 3423 298 3506 quidam
314 3448 379 3486 non
401 3427 626 3488 contradicunt
650 3364 741 3506 quod
752 3446 803 3488 res
817 3434 849 3486 et
862 3426 1023 3507 mancipia
1038 3446 1118 3508 qaae
1131 3427 1242 3492 tenent,

164 3509 198 3567 iu
210 3508 363 3568 vestitura
378 3519 484 3569 nostra
500 3510 554 3569 vel
569 3515 806 3567 antecessorum
827 3516 1008 3568 nostrorum
1023 3509 1089 3570 sive
1104 3501 1244 3568 Ecclesia·

163 3591 235 3651 ri1m
245 3591 304 3650 Dei
315 3612 380 3651 non
394 3591 539 3665 fuissent,
550 3589 606 3652 sed
618 3595 723 3672 patres
736 3587 865 3649 illorum
879 3589 1051 3651 morientes
1064 3589 1108 3650 eis
1125 3589 1156 3646 in
1167 3585 1246 3644 bere·

164 3673 296 3734 ditatem
315 3674 518 3748 dimiserunt,
533 3673 606 3734 ideo
628 3692 693 3731 non
712 3667 827 3731 volunt
843 3670 919 3732 inde
934 3672 1034 3732 ullam
1047 3669 1244 3732 auctoritatem

162 3755 347 3830 ostendere3
360 3756 416 3816 sed
435 3777 524 3816 suam
543 3751 752 3813 hereditatem
771 3751 916 3833 probare,
938 3763 1049 3814 contra
1062 3754 1135 3814 illos
1148 3748 1245 3810 dicitu?

161 3838 239 3917 quia
255 3847 361 3918 potest
386 3837 455 3895 fieri
478 3845 515 3896 ut
543 3833 660 3916 aliquis
679 3835 719 3896 de
738 3834 813 3895 fiseo
831 3856 866 3896 re
890 3836 922 3894 iu
947 3835 1000 3896 vel
1020 3835 1067 3896 tde
1090 3833 1179 3896 rebus
1194 3827 1244 3888 Ec-

162 3920 278 3989 clesiae
302 3918 424 4001 aliquid
445 3917 635 4000 proprindat
652 3925 707 3976 aut
724 3937 782 3999 per
798 3856 942 3978 fraudem
957 3916 1108 3993 obtineat,
1131 3923 1237 4001 etmop

160 4009 217 4062 tuo
235 4001 293 4062 illo
304 4002 388 4063 lilius
401 4022 469 4060 ems
483 4009 537 4058 aut
551 3999 616 4058 filia
633 3998 703 4060 illas
719 4019 771 4060 res
783 4008 894 4059 tenere
914 3997 947 4059 in
962 3989 1244 4072 hereditatemvelrt·

1323 2511 1328 2648 l

155 4086 336 4166 'Propterea
351 4081 564 4166 perCapitulu
580 4079 640 4142 Avi
660 4090 692 4142 et
706 4080 811 4141 Patris
835 4080 954 4157 nostri,
975 4075 1182 4162 quaefFrunei
1197 4091 1243 4152 pro
1322 4125 1323 4128 ,

161 4166 234 4248 lege
259 4165 400 4228 tenenda
421 4164 667 4233 iudicaverunt,
689 4161 938 4224 discernendum
956 4171 1003 4223 est
1026 4151 1067 4222 de
1090 4158 1173 4241 quali
1196 4153 1243 4250 be·

159 4248 297 4310 reditute
318 4248 488 4309 auctoritas
507 4267 573 4307 non
593 4244 689 4307 debet
704 4243 847 4328 requi-ri,
871 4245 927 4307 sed
943 4243 1083 4328 legitima
1104 4236 1243 4306 hereum
