<?xml version="1.0" encoding="UTF-8"?>
<!DOCTYPE html PUBLIC "-//W3C//DTD XHTML 1.0 Transitional//EN"
    "http://www.w3.org/TR/xhtml1/DTD/xhtml1-transitional.dtd">
<html xmlns="http://www.w3.org/1999/xhtml" xml:lang="en" lang="en">
 <head>
  <title>
</title>
<meta http-equiv="Content-Type" content="text/html;charset=utf-8" />
  <meta name='ocr-system' content='tesseract 3.04.00' />
  <meta name='ocr-capabilities' content='ocr_page ocr_carea ocr_par ocr_line ocrx_word'/>
</head>
<body>
  <div class='ocr_page' id='page_1' title='image "./corpusiurisgerm01visigoog_0064.png"; bbox 0 0 2786 4980; ppageno 0'>
   <div class='ocr_carea' id='block_1_1' title="bbox 243 309 1199 385">
    <p class='ocr_par' dir='ltr' id='par_1_1' title="bbox 243 309 1199 385">
     <span class='ocr_line' id='line_1_1' title="bbox 243 309 1199 385; baseline -0.001 -2"><span class='ocrx_word' id='word_1_1' title='bbox 243 328 279 385; x_wconf 79' lang='lat' dir='ltr'>a</span> <span class='ocrx_word' id='word_1_2' title='bbox 299 325 395 382; x_wconf 84' lang='lat' dir='ltr'>cas..</span> <span class='ocrx_word' id='word_1_3' title='bbox 487 321 853 380; x_wconf 78' lang='lat' dir='ltr'>aasuurmucoaun</span> <span class='ocrx_word' id='word_1_4' title='bbox 959 327 1020 384; x_wconf 81' lang='lat' dir='ltr'>ssa.</span> <span class='ocrx_word' id='word_1_5' title='bbox 1151 309 1199 382; x_wconf 80' lang='lat' dir='ltr'>st</span> 
     </span>
    </p>
   </div>
   <div class='ocr_carea' id='block_1_2' title="bbox 83 464 1205 1110">
    <p class='ocr_par' dir='ltr' id='par_1_2' title="bbox 83 464 1205 1110">
     <span class='ocr_line' id='line_1_2' title="bbox 83 464 1202 547; baseline 0 -17"><span class='ocrx_word' id='word_1_6' title='bbox 83 468 159 530; x_wconf 78' lang='lat' dir='ltr'>tisis</span> <span class='ocrx_word' id='word_1_7' title='bbox 181 465 349 530; x_wconf 86' lang='lat' dir='ltr'>constituti</span> <span class='ocrx_word' id='word_1_8' title='bbox 375 465 466 542; x_wconf 85' lang='lat' dir='ltr'>estis,</span> <span class='ocrx_word' id='word_1_9' title='bbox 488 464 531 526; x_wconf 87' lang='lat' dir='ltr'>de</span> <span class='ocrx_word' id='word_1_10' title='bbox 546 484 744 547; x_wconf 84' lang='lat' dir='ltr'>unoquoque</span> <span class='ocrx_word' id='word_1_11' title='bbox 766 464 926 527; x_wconf 83' lang='lat' dir='ltr'>missatico</span> <span class='ocrx_word' id='word_1_12' title='bbox 949 465 1042 528; x_wconf 88' lang='lat' dir='ltr'>nobis</span> <span class='ocrx_word' id='word_1_13' title='bbox 1065 467 1103 528; x_wconf 86' lang='lat' dir='ltr'>ad</span> <span class='ocrx_word' id='word_1_14' title='bbox 1125 487 1202 530; x_wconf 89' lang='lat' dir='ltr'>con·</span> 
     </span>
     <span class='ocr_line' id='line_1_3' title="bbox 85 547 1200 632; baseline 0 -20"><span class='ocrx_word' id='word_1_15' title='bbox 85 551 236 632; x_wconf 85' lang='lat' dir='ltr'><strong>loquium</strong></span> <span class='ocrx_word' id='word_1_16' title='bbox 257 549 347 631; x_wconf 89' lang='lat' dir='ltr'>quod</span> <span class='ocrx_word' id='word_1_17' title='bbox 364 547 399 608; x_wconf 92' lang='lat' dir='ltr'>in</span> <span class='ocrx_word' id='word_1_18' title='bbox 421 548 572 631; x_wconf 84' lang='lat' dir='ltr'>proximo</span> <span class='ocrx_word' id='word_1_19' title='bbox 590 569 665 608; x_wconf 88' lang='lat' dir='ltr'>eum</span> <span class='ocrx_word' id='word_1_20' title='bbox 691 547 843 608; x_wconf 86' lang='lat' dir='ltr'>fratribus</span> <span class='ocrx_word' id='word_1_21' title='bbox 865 549 982 610; x_wconf 90' lang='lat' dir='ltr'>nostris</span> <span class='ocrx_word' id='word_1_22' title='bbox 998 549 1200 626; x_wconf 80' lang='lat' dir='ltr'>habebimus,</span> 
     </span>
     <span class='ocr_line' id='line_1_4' title="bbox 84 629 1203 713; baseline -0.002 -17"><span class='ocrx_word' id='word_1_23' title='bbox 84 635 269 696; x_wconf 88' lang='lat' dir='ltr'>renuntiare</span> <span class='ocrx_word' id='word_1_24' title='bbox 290 641 454 713; x_wconf 88' lang='lat' dir='ltr'>procuret.</span> <span class='ocrx_word' id='word_1_25' title='bbox 497 632 542 690; x_wconf 90' lang='lat' dir='ltr'>Et</span> <span class='ocrx_word' id='word_1_26' title='bbox 555 630 581 690; x_wconf 84' lang='lat' dir='ltr'>si</span> <span class='ocrx_word' id='word_1_27' title='bbox 598 629 772 712; x_wconf 82' lang='lat' dir='ltr'>eontigerit</span> <span class='ocrx_word' id='word_1_28' title='bbox 793 639 829 690; x_wconf 89' lang='lat' dir='ltr'>ut</span> <span class='ocrx_word' id='word_1_29' title='bbox 849 631 966 712; x_wconf 83' lang='lat' dir='ltr'>aliquis</span> <span class='ocrx_word' id='word_1_30' title='bbox 991 643 1131 694; x_wconf 81' lang='lat' dir='ltr'>vestrum</span> <span class='ocrx_word' id='word_1_31' title='bbox 1146 655 1203 694; x_wconf 92' lang='lat' dir='ltr'>no-</span> 
     </span>
     <span class='ocr_line' id='line_1_5' title="bbox 84 713 1204 792; baseline 0.001 -15"><span class='ocrx_word' id='word_1_32' title='bbox 84 727 149 778; x_wconf 88' lang='lat' dir='ltr'>stro</span> <span class='ocrx_word' id='word_1_33' title='bbox 175 715 328 790; x_wconf 87' lang='lat' dir='ltr'>servitiu,</span> <span class='ocrx_word' id='word_1_34' title='bbox 349 716 402 776; x_wconf 76' lang='lat' dir='ltr'>vel</span> <span class='ocrx_word' id='word_1_35' title='bbox 425 713 613 774; x_wconf 82' lang='lat' dir='ltr'>infirmitate</span> <span class='ocrx_word' id='word_1_36' title='bbox 640 721 696 770; x_wconf 89' lang='lat' dir='ltr'>ant</span> <span class='ocrx_word' id='word_1_37' title='bbox 718 731 914 792; x_wconf 90' lang='lat' dir='ltr'>quacunque</span> <span class='ocrx_word' id='word_1_38' title='bbox 946 717 1117 776; x_wconf 75' lang='lat' dir='ltr'>occasione</span> <span class='ocrx_word' id='word_1_39' title='bbox 1144 717 1204 778; x_wconf 89' lang='lat' dir='ltr'>dc·</span> 
     </span>
     <span class='ocr_line' id='line_1_6' title="bbox 84 795 1205 878; baseline 0 -18"><span class='ocrx_word' id='word_1_40' title='bbox 84 809 192 860; x_wconf 89' lang='lat' dir='ltr'>tentus</span> <span class='ocrx_word' id='word_1_41' title='bbox 222 797 347 875; x_wconf 84' lang='lat' dir='ltr'>fuerit,</span> <span class='ocrx_word' id='word_1_42' title='bbox 379 818 438 878; x_wconf 93' lang='lat' dir='ltr'>pro</span> <span class='ocrx_word' id='word_1_43' title='bbox 462 797 525 856; x_wconf 86' lang='lat' dir='ltr'>hoc</span> <span class='ocrx_word' id='word_1_44' title='bbox 553 795 608 854; x_wconf 89' lang='lat' dir='ltr'>alii</span> <span class='ocrx_word' id='word_1_45' title='bbox 632 816 696 853; x_wconf 92' lang='lat' dir='ltr'>non</span> <span class='ocrx_word' id='word_1_46' title='bbox 719 795 881 854; x_wconf 80' lang='lat' dir='ltr'><strong>dimittant</strong></span> <span class='ocrx_word' id='word_1_47' title='bbox 914 807 950 857; x_wconf 86' lang='lat' dir='ltr'>nt</span> <span class='ocrx_word' id='word_1_48' title='bbox 981 799 1205 860; x_wconf 83' lang='lat' dir='ltr'>commendata</span> 
     </span>
     <span class='ocr_line' id='line_1_7' title="bbox 87 877 1204 962; baseline 0 -20"><span class='ocrx_word' id='word_1_49' title='bbox 87 881 223 962; x_wconf 79' lang='lat' dir='ltr'>exsequi</span> <span class='ocrx_word' id='word_1_50' title='bbox 245 902 315 938; x_wconf 88' lang='lat' dir='ltr'>non</span> <span class='ocrx_word' id='word_1_51' title='bbox 338 880 510 948; x_wconf 81' lang='lat' dir='ltr'>studeant3</span> <span class='ocrx_word' id='word_1_52' title='bbox 540 877 662 938; x_wconf 85' lang='lat' dir='ltr'>etiamsi</span> <span class='ocrx_word' id='word_1_53' title='bbox 688 898 773 936; x_wconf 88' lang='lat' dir='ltr'>unus</span> <span class='ocrx_word' id='word_1_54' title='bbox 798 881 1000 940; x_wconf 75' lang='lat' dir='ltr'>vacaveritis</span> <span class='ocrx_word' id='word_1_55' title='bbox 1029 881 1204 962; x_wconf 85' lang='lat' dir='ltr'>praedietis</span> 
     </span>
     <span class='ocr_line' id='line_1_8' title="bbox 88 958 1203 1046; baseline -0.001 -22"><span class='ocrx_word' id='word_1_56' title='bbox 88 963 317 1024; x_wconf 81' lang='lat' dir='ltr'>occasionibus</span> <span class='ocrx_word' id='word_1_57' title='bbox 331 967 374 1042; x_wconf 72' lang='lat' dir='ltr'>gl,</span> <span class='ocrx_word' id='word_1_58' title='bbox 396 962 464 1045; x_wconf 89' lang='lat' dir='ltr'>ipse</span> <span class='ocrx_word' id='word_1_59' title='bbox 483 969 639 1046; x_wconf 84' lang='lat' dir='ltr'>qnantum</span> <span class='ocrx_word' id='word_1_60' title='bbox 654 962 742 1020; x_wconf 85' lang='lat' dir='ltr'>Deus</span> <span class='ocrx_word' id='word_1_61' title='bbox 763 958 891 1022; x_wconf 79' lang='lat' dir='ltr'><strong>dederit</strong></span> <span class='ocrx_word' id='word_1_62' title='bbox 908 960 991 1024; x_wconf 90' lang='lat' dir='ltr'>iussa</span> <span class='ocrx_word' id='word_1_63' title='bbox 1003 965 1158 1046; x_wconf 85' lang='lat' dir='ltr'>perlicere</span> <span class='ocrx_word' id='word_1_64' title='bbox 1170 966 1203 1044; x_wconf 82' lang='grc' dir='ltr'>Ιι)</span> 
     </span>
     <span class='ocr_line' id='line_1_9' title="bbox 91 1048 233 1110; baseline 0.014 -2"><span class='ocrx_word' id='word_1_65' title='bbox 91 1048 233 1110; x_wconf 82' lang='lat' dir='ltr'>studeat.</span> 
     </span>
    </p>
   </div>
   <div class='ocr_carea' id='block_1_3' title="bbox 227 1144 1076 1232">
    <p class='ocr_par' dir='ltr' id='par_1_3' title="bbox 227 1144 1076 1232">
     <span class='ocr_line' id='line_1_10' title="bbox 227 1144 1076 1232; baseline 0.004 -21"><span class='ocrx_word' id='word_1_66' title='bbox 227 1155 296 1212; x_wconf 79' lang='lat' dir='ltr'>Ista</span> <span class='ocrx_word' id='word_1_67' title='bbox 316 1147 526 1210; x_wconf 79' lang='lat' dir='ltr'>denuntianda</span> <span class='ocrx_word' id='word_1_68' title='bbox 548 1159 621 1206; x_wconf 82' lang='lat' dir='ltr'>snat</span> <span class='ocrx_word' id='word_1_69' title='bbox 637 1144 756 1232; x_wconf 83' lang='lat' dir='ltr'>populo</span> <span class='ocrx_word' id='word_1_70' title='bbox 778 1171 798 1206; x_wconf 85' lang='lat' dir='ltr'>a</span> <span class='ocrx_word' id='word_1_71' title='bbox 820 1149 931 1210; x_wconf 81' lang='lat' dir='ltr'>Missis</span> <span class='ocrx_word' id='word_1_72' title='bbox 949 1154 1076 1214; x_wconf 83' lang='lat' dir='ltr'>nostris.</span> 
     </span>
    </p>
   </div>
   <div class='ocr_carea' id='block_1_4' title="bbox 88 1253 1282 4068">
    <p class='ocr_par' dir='ltr' id='par_1_4' title="bbox 90 1253 1207 1750">
     <span class='ocr_line' id='line_1_11' title="bbox 183 1253 1204 1339; baseline 0.005 -21"><span class='ocrx_word' id='word_1_73' title='bbox 183 1255 210 1318; x_wconf 87' lang='lat' dir='ltr'>I.</span> <span class='ocrx_word' id='word_1_74' title='bbox 251 1257 357 1318; x_wconf 87' lang='lat' dir='ltr'>Nostri</span> <span class='ocrx_word' id='word_1_75' title='bbox 379 1256 545 1332; x_wconf 79' lang='lat' dir='ltr'><strong>seniores,</strong></span> <span class='ocrx_word' id='word_1_76' title='bbox 573 1255 658 1316; x_wconf 85' lang='lat' dir='ltr'>sicut</span> <span class='ocrx_word' id='word_1_77' title='bbox 679 1253 833 1331; x_wconf 88' lang='lat' dir='ltr'>audistis,</span> <span class='ocrx_word' id='word_1_78' title='bbox 861 1258 1134 1339; x_wconf 77' lang='lat' dir='ltr'><strong>parabolaverunt</strong></span> <span class='ocrx_word' id='word_1_79' title='bbox 1159 1262 1204 1323; x_wconf 80' lang='lat' dir='ltr'>ai·</span> 
     </span>
     <span class='ocr_line' id='line_1_12' title="bbox 100 1339 1205 1416; baseline 0.003 -12"><span class='ocrx_word' id='word_1_80' title='bbox 100 1341 177 1416; x_wconf 90' lang='lat' dir='ltr'>mul,</span> <span class='ocrx_word' id='word_1_81' title='bbox 201 1348 234 1398; x_wconf 92' lang='lat' dir='ltr'>et</span> <span class='ocrx_word' id='word_1_82' title='bbox 250 1340 537 1400; x_wconf 86' lang='lat' dir='ltr'>consideraverunt</span> <span class='ocrx_word' id='word_1_83' title='bbox 559 1360 633 1400; x_wconf 91' lang='lat' dir='ltr'>cnm</span> <span class='ocrx_word' id='word_1_84' title='bbox 658 1339 881 1401; x_wconf 83' lang='lat' dir='ltr'>communibus</span> <span class='ocrx_word' id='word_1_85' title='bbox 898 1341 1030 1402; x_wconf 90' lang='lat' dir='ltr'>illorum</span> <span class='ocrx_word' id='word_1_86' title='bbox 1054 1343 1205 1407; x_wconf 85' lang='lat' dir='ltr'>fidelibus</span> 
     </span>
     <span class='ocr_line' id='line_1_13' title="bbox 97 1420 1207 1508; baseline 0.001 -23"><span class='ocrx_word' id='word_1_87' title='bbox 97 1427 136 1485; x_wconf 89' lang='lat' dir='ltr'>de</span> <span class='ocrx_word' id='word_1_88' title='bbox 160 1421 222 1482; x_wconf 89' lang='lat' dir='ltr'>Dei</span> <span class='ocrx_word' id='word_1_89' title='bbox 237 1422 386 1498; x_wconf 85' lang='lat' dir='ltr'>servitio,</span> <span class='ocrx_word' id='word_1_90' title='bbox 407 1429 439 1481; x_wconf 86' lang='lat' dir='ltr'>et</span> <span class='ocrx_word' id='word_1_91' title='bbox 454 1431 580 1482; x_wconf 89' lang='lat' dir='ltr'>sanctae</span> <span class='ocrx_word' id='word_1_92' title='bbox 599 1420 764 1480; x_wconf 80' lang='lat' dir='ltr'><strong>Ecclesiae</strong></span> <span class='ocrx_word' id='word_1_93' title='bbox 783 1443 819 1481; x_wconf 92' lang='lat' dir='ltr'>ac</span> <span class='ocrx_word' id='word_1_94' title='bbox 838 1423 930 1503; x_wconf 81' lang='lat' dir='ltr'>regni</span> <span class='ocrx_word' id='word_1_95' title='bbox 955 1434 1050 1500; x_wconf 90' lang='lat' dir='ltr'>statu,</span> <span class='ocrx_word' id='word_1_96' title='bbox 1077 1437 1109 1488; x_wconf 87' lang='lat' dir='ltr'>et</span> <span class='ocrx_word' id='word_1_97' title='bbox 1129 1449 1207 1508; x_wconf 90' lang='lat' dir='ltr'>qua-</span> 
     </span>
     <span class='ocr_line' id='line_1_14' title="bbox 92 1502 1205 1584; baseline 0.004 -19"><span class='ocrx_word' id='word_1_98' title='bbox 92 1509 168 1568; x_wconf 82' lang='lat' dir='ltr'>liter</span> <span class='ocrx_word' id='word_1_99' title='bbox 188 1526 244 1566; x_wconf 85' lang='lat' dir='ltr'>vos</span> <span class='ocrx_word' id='word_1_100' title='bbox 259 1505 317 1584; x_wconf 90' lang='lat' dir='ltr'>qui</span> <span class='ocrx_word' id='word_1_101' title='bbox 343 1504 378 1562; x_wconf 90' lang='lat' dir='ltr'>in</span> <span class='ocrx_word' id='word_1_102' title='bbox 400 1525 502 1584; x_wconf 80' lang='lat' dir='ltr'>regno</span> <span class='ocrx_word' id='word_1_103' title='bbox 523 1502 696 1564; x_wconf 75' lang='lat' dir='ltr'>consistitis</span> <span class='ocrx_word' id='word_1_104' title='bbox 721 1525 833 1584; x_wconf 87' lang='lat' dir='ltr'>pacem</span> <span class='ocrx_word' id='word_1_105' title='bbox 856 1515 888 1565; x_wconf 85' lang='lat' dir='ltr'>et</span> <span class='ocrx_word' id='word_1_106' title='bbox 911 1505 1064 1568; x_wconf 88' lang='lat' dir='ltr'>iustitiam</span> <span class='ocrx_word' id='word_1_107' title='bbox 1085 1508 1205 1570; x_wconf 84' lang='lat' dir='ltr'>hahere</span> 
     </span>
     <span class='ocr_line' id='line_1_15' title="bbox 90 1584 1205 1675; baseline 0.004 -27"><span class='ocrx_word' id='word_1_108' title='bbox 90 1586 230 1672; x_wconf 82' lang='lat' dir='ltr'>possitis3</span> <span class='ocrx_word' id='word_1_109' title='bbox 253 1597 286 1647; x_wconf 85' lang='lat' dir='ltr'>et</span> <span class='ocrx_word' id='word_1_110' title='bbox 306 1587 542 1648; x_wconf 85' lang='lat' dir='ltr'>ordinaverunt</span> <span class='ocrx_word' id='word_1_111' title='bbox 569 1584 682 1663; x_wconf 78' lang='lat' dir='ltr'>Missos</span> <span class='ocrx_word' id='word_1_112' title='bbox 697 1607 757 1666; x_wconf 87' lang='lat' dir='ltr'>per</span> <span class='ocrx_word' id='word_1_113' title='bbox 777 1608 913 1670; x_wconf 80' lang='lat' dir='ltr'>regnam</span> <span class='ocrx_word' id='word_1_114' title='bbox 935 1589 1067 1651; x_wconf 88' lang='lat' dir='ltr'>illorum</span> <span class='ocrx_word' id='word_1_115' title='bbox 1088 1593 1145 1675; x_wconf 90' lang='lat' dir='ltr'>qui</span> <span class='ocrx_word' id='word_1_116' title='bbox 1170 1591 1205 1653; x_wconf 88' lang='lat' dir='ltr'>iu</span> 
     </span>
     <span class='ocr_line' id='line_1_16' title="bbox 91 1668 1022 1750; baseline -0.001 -17"><span class='ocrx_word' id='word_1_117' title='bbox 91 1670 356 1747; x_wconf 72' lang='lat' dir='ltr'>hoc‘deeertent,</span> <span class='ocrx_word' id='word_1_118' title='bbox 380 1678 539 1750; x_wconf 91' lang='lat' dir='ltr'>quantum</span> <span class='ocrx_word' id='word_1_119' title='bbox 561 1671 649 1728; x_wconf 88' lang='lat' dir='ltr'>Deus</span> <span class='ocrx_word' id='word_1_120' title='bbox 666 1668 861 1730; x_wconf 87' lang='lat' dir='ltr'>adiutorium</span> <span class='ocrx_word' id='word_1_121' title='bbox 886 1671 1022 1737; x_wconf 81' lang='lat' dir='ltr'>dederit.</span> 
     </span>
    </p>

    <p class='ocr_par' dir='ltr' id='par_1_5' title="bbox 88 1751 1266 3240">
     <span class='ocr_line' id='line_1_17' title="bbox 177 1751 1207 1832; baseline 0.006 -20"><span class='ocrx_word' id='word_1_122' title='bbox 177 1751 222 1817; x_wconf 88' lang='lat' dir='ltr'>ll.</span> <span class='ocrx_word' id='word_1_123' title='bbox 265 1752 354 1811; x_wconf 90' lang='lat' dir='ltr'>later</span> <span class='ocrx_word' id='word_1_124' title='bbox 380 1773 492 1812; x_wconf 88' lang='lat' dir='ltr'>omnes</span> <span class='ocrx_word' id='word_1_125' title='bbox 520 1751 654 1811; x_wconf 90' lang='lat' dir='ltr'>iustitias</span> <span class='ocrx_word' id='word_1_126' title='bbox 682 1773 761 1832; x_wconf 87' lang='lat' dir='ltr'>quas</span> <span class='ocrx_word' id='word_1_127' title='bbox 787 1753 1018 1814; x_wconf 87' lang='lat' dir='ltr'>ordinaverunt</span> <span class='ocrx_word' id='word_1_128' title='bbox 1040 1765 1078 1815; x_wconf 87' lang='lat' dir='ltr'>ut</span> <span class='ocrx_word' id='word_1_129' title='bbox 1102 1777 1207 1818; x_wconf 89' lang='lat' dir='ltr'>unus-</span> 
     </span>
     <span class='ocr_line' id='line_1_18' title="bbox 96 1833 1208 1916; baseline 0.004 -21"><span class='ocrx_word' id='word_1_130' title='bbox 96 1836 234 1916; x_wconf 86' lang='lat' dir='ltr'>quisque</span> <span class='ocrx_word' id='word_1_131' title='bbox 243 1833 367 1911; x_wconf 81' lang='lat' dir='ltr'>habeat,</span> <span class='ocrx_word' id='word_1_132' title='bbox 380 1833 486 1916; x_wconf 90' lang='lat' dir='ltr'>primo</span> <span class='ocrx_word' id='word_1_133' title='bbox 496 1833 785 1896; x_wconf 84' lang='lat' dir='ltr'>consideraverunt</span> <span class='ocrx_word' id='word_1_134' title='bbox 797 1835 836 1898; x_wconf 91' lang='lat' dir='ltr'>dc</span> <span class='ocrx_word' id='word_1_135' title='bbox 855 1835 977 1896; x_wconf 89' lang='lat' dir='ltr'>honore</span> <span class='ocrx_word' id='word_1_136' title='bbox 988 1838 1208 1900; x_wconf 88' lang='lat' dir='ltr'>Ecclesiarum</span> 
     </span>
     <span class='ocr_line' id='line_1_19' title="bbox 97 1915 1207 2000; baseline 0.004 -21"><span class='ocrx_word' id='word_1_137' title='bbox 97 1919 198 1979; x_wconf 85' lang='lat' dir='ltr'>Deiet</span> <span class='ocrx_word' id='word_1_138' title='bbox 209 1915 423 1998; x_wconf 89' lang='lat' dir='ltr'>orphanorum</span> <span class='ocrx_word' id='word_1_139' title='bbox 435 1939 471 1977; x_wconf 89' lang='lat' dir='ltr'>ac</span> <span class='ocrx_word' id='word_1_140' title='bbox 487 1917 657 1978; x_wconf 87' lang='lat' dir='ltr'>viduarum</span> <span class='ocrx_word' id='word_1_141' title='bbox 668 1917 771 1978; x_wconf 88' lang='lat' dir='ltr'>causis</span> <span class='ocrx_word' id='word_1_142' title='bbox 787 1927 818 1978; x_wconf 83' lang='lat' dir='ltr'>et</span> <span class='ocrx_word' id='word_1_143' title='bbox 835 1919 874 1979; x_wconf 91' lang='lat' dir='ltr'>de</span> <span class='ocrx_word' id='word_1_144' title='bbox 890 1918 1051 2000; x_wconf 81' lang='lat' dir='ltr'>regalibus</span> <span class='ocrx_word' id='word_1_145' title='bbox 1067 1920 1207 1984; x_wconf 86' lang='lat' dir='ltr'>iustitiis.</span> 
     </span>
     <span class='ocr_line' id='line_1_20' title="bbox 97 1999 1206 2083; baseline 0.004 -23"><span class='ocrx_word' id='word_1_146' title='bbox 97 2003 183 2060; x_wconf 90' lang='lat' dir='ltr'>Tnm</span> <span class='ocrx_word' id='word_1_147' title='bbox 209 2000 341 2060; x_wconf 82' lang='lat' dir='ltr'>maxime</span> <span class='ocrx_word' id='word_1_148' title='bbox 359 2000 398 2060; x_wconf 90' lang='lat' dir='ltr'>de</span> <span class='ocrx_word' id='word_1_149' title='bbox 423 2000 606 2082; x_wconf 85' lang='lat' dir='ltr'>raptoribus</span> <span class='ocrx_word' id='word_1_150' title='bbox 622 1999 815 2081; x_wconf 85' lang='lat' dir='ltr'><strong>puellarum,</strong></span> <span class='ocrx_word' id='word_1_151' title='bbox 837 2009 869 2060; x_wconf 86' lang='lat' dir='ltr'>et</span> <span class='ocrx_word' id='word_1_152' title='bbox 893 1999 1065 2062; x_wconf 79' lang='lat' dir='ltr'>viduarum</span> <span class='ocrx_word' id='word_1_153' title='bbox 1091 2005 1206 2083; x_wconf 85' lang='lat' dir='ltr'>causis,</span> 
     </span>
     <span class='ocr_line' id='line_1_21' title="bbox 99 2081 1209 2170; baseline 0.005 -27"><span class='ocrx_word' id='word_1_154' title='bbox 99 2094 129 2144; x_wconf 87' lang='lat' dir='ltr'>et</span> <span class='ocrx_word' id='word_1_155' title='bbox 143 2082 443 2143; x_wconf 76' lang='lat' dir='ltr'>sanctimonialium</span> <span class='ocrx_word' id='word_1_156' title='bbox 464 2092 496 2143; x_wconf 85' lang='lat' dir='ltr'>et</span> <span class='ocrx_word' id='word_1_157' title='bbox 517 2081 616 2144; x_wconf 89' lang='lat' dir='ltr'>dehis</span> <span class='ocrx_word' id='word_1_158' title='bbox 635 2082 690 2162; x_wconf 93' lang='lat' dir='ltr'>qui</span> <span class='ocrx_word' id='word_1_159' title='bbox 705 2083 911 2166; x_wconf 85' lang='lat' dir='ltr'>Presbyteros</span> <span class='ocrx_word' id='word_1_160' title='bbox 933 2083 1098 2166; x_wconf 80' lang='lat' dir='ltr'>flagellare</span> <span class='ocrx_word' id='word_1_161' title='bbox 1117 2108 1209 2170; x_wconf 86' lang='lat' dir='ltr'>prae·</span> 
     </span>
     <span class='ocr_line' id='line_1_22' title="bbox 92 2163 1208 2250; baseline 0.003 -23"><span class='ocrx_word' id='word_1_162' title='bbox 92 2176 224 2227; x_wconf 86' lang='lat' dir='ltr'>sumunt</span> <span class='ocrx_word' id='word_1_163' title='bbox 239 2175 271 2225; x_wconf 89' lang='lat' dir='ltr'>et</span> <span class='ocrx_word' id='word_1_164' title='bbox 286 2165 342 2246; x_wconf 88' lang='lat' dir='ltr'>qui</span> <span class='ocrx_word' id='word_1_165' title='bbox 357 2165 565 2248; x_wconf 80' lang='lat' dir='ltr'>Presbyteros</span> <span class='ocrx_word' id='word_1_166' title='bbox 579 2164 618 2226; x_wconf 89' lang='lat' dir='ltr'>de</span> <span class='ocrx_word' id='word_1_167' title='bbox 633 2163 788 2226; x_wconf 88' lang='lat' dir='ltr'>Ecclesiis</span> <span class='ocrx_word' id='word_1_168' title='bbox 801 2166 870 2228; x_wconf 88' lang='lat' dir='ltr'>sine</span> <span class='ocrx_word' id='word_1_169' title='bbox 882 2165 1116 2250; x_wconf 89' lang='lat' dir='ltr'>Episcopornm</span> <span class='ocrx_word' id='word_1_170' title='bbox 1131 2192 1208 2230; x_wconf 89' lang='lat' dir='ltr'>con·</span> 
     </span>
     <span class='ocr_line' id='line_1_23' title="bbox 91 2248 1207 2329; baseline 0.003 -19"><span class='ocrx_word' id='word_1_171' title='bbox 91 2271 188 2310; x_wconf 89' lang='lat' dir='ltr'>sensu</span> <span class='ocrx_word' id='word_1_172' title='bbox 211 2249 318 2310; x_wconf 89' lang='lat' dir='ltr'>eicere</span> <span class='ocrx_word' id='word_1_173' title='bbox 337 2248 390 2309; x_wconf 87' lang='lat' dir='ltr'>vel</span> <span class='ocrx_word' id='word_1_174' title='bbox 413 2249 572 2329; x_wconf 89' lang='lat' dir='ltr'>recipere,</span> <span class='ocrx_word' id='word_1_175' title='bbox 595 2257 651 2306; x_wconf 89' lang='lat' dir='ltr'>aut</span> <span class='ocrx_word' id='word_1_176' title='bbox 667 2267 799 2308; x_wconf 87' lang='lat' dir='ltr'>censum</span> <span class='ocrx_word' id='word_1_177' title='bbox 819 2249 858 2309; x_wconf 88' lang='lat' dir='ltr'>de</span> <span class='ocrx_word' id='word_1_178' title='bbox 877 2271 999 2323; x_wconf 89' lang='lat' dir='ltr'>manso,</span> <span class='ocrx_word' id='word_1_179' title='bbox 1021 2252 1074 2312; x_wconf 83' lang='lat' dir='ltr'>vel</span> <span class='ocrx_word' id='word_1_180' title='bbox 1097 2274 1136 2312; x_wconf 85' lang='lat' dir='ltr'>cx</span> <span class='ocrx_word' id='word_1_181' title='bbox 1156 2252 1207 2316; x_wconf 79' lang='lat' dir='ltr'>his</span> 
     </span>
     <span class='ocr_line' id='line_1_24' title="bbox 91 2330 1207 2414; baseline 0.004 -24"><span class='ocrx_word' id='word_1_182' title='bbox 91 2353 173 2414; x_wconf 87' lang='lat' dir='ltr'>quae</span> <span class='ocrx_word' id='word_1_183' title='bbox 194 2333 342 2392; x_wconf 91' lang='lat' dir='ltr'>Domnus</span> <span class='ocrx_word' id='word_1_184' title='bbox 357 2341 389 2391; x_wconf 88' lang='lat' dir='ltr'>et</span> <span class='ocrx_word' id='word_1_185' title='bbox 407 2332 535 2412; x_wconf 80' lang='lat' dir='ltr'>genitor</span> <span class='ocrx_word' id='word_1_186' title='bbox 556 2339 664 2390; x_wconf 85' lang='lat' dir='ltr'>noster</span> <span class='ocrx_word' id='word_1_187' title='bbox 684 2330 718 2388; x_wconf 91' lang='lat' dir='ltr'>in</span> <span class='ocrx_word' id='word_1_188' title='bbox 737 2331 803 2392; x_wconf 90' lang='lat' dir='ltr'>suis</span> <span class='ocrx_word' id='word_1_189' title='bbox 823 2331 1063 2413; x_wconf 89' lang='lat' dir='ltr'>Capitularibus</span> <span class='ocrx_word' id='word_1_190' title='bbox 1089 2334 1207 2395; x_wconf 88' lang='lat' dir='ltr'>Eccle-</span> 
     </span>
     <span class='ocr_line' id='line_1_25' title="bbox 93 2411 1208 2495; baseline 0.003 -19"><span class='ocrx_word' id='word_1_191' title='bbox 93 2415 146 2476; x_wconf 90' lang='lat' dir='ltr'>siis</span> <span class='ocrx_word' id='word_1_192' title='bbox 165 2414 197 2471; x_wconf 89' lang='lat' dir='ltr'>in</span> <span class='ocrx_word' id='word_1_193' title='bbox 213 2415 415 2474; x_wconf 88' lang='lat' dir='ltr'>immunitate</span> <span class='ocrx_word' id='word_1_194' title='bbox 428 2411 597 2488; x_wconf 90' lang='lat' dir='ltr'>concessit,</span> <span class='ocrx_word' id='word_1_195' title='bbox 617 2411 747 2494; x_wconf 76' lang='lat' dir='ltr'>exigere</span> <span class='ocrx_word' id='word_1_196' title='bbox 768 2435 832 2474; x_wconf 90' lang='lat' dir='ltr'>non</span> <span class='ocrx_word' id='word_1_197' title='bbox 846 2413 973 2490; x_wconf 89' lang='lat' dir='ltr'>timent,</span> <span class='ocrx_word' id='word_1_198' title='bbox 990 2417 1093 2495; x_wconf 85' lang='lat' dir='ltr'>etqui</span> <span class='ocrx_word' id='word_1_199' title='bbox 1111 2439 1208 2479; x_wconf 83' lang='lat' dir='ltr'>censa</span> 
     </span>
     <span class='ocr_line' id='line_1_26' title="bbox 95 2495 1209 2577; baseline 0.002 -19"><span class='ocrx_word' id='word_1_200' title='bbox 95 2499 134 2558; x_wconf 88' lang='lat' dir='ltr'>de</span> <span class='ocrx_word' id='word_1_201' title='bbox 156 2497 249 2556; x_wconf 88' lang='lat' dir='ltr'>rebus</span> <span class='ocrx_word' id='word_1_202' title='bbox 263 2496 490 2558; x_wconf 85' lang='lat' dir='ltr'>ecclesiasticis</span> <span class='ocrx_word' id='word_1_203' title='bbox 511 2495 551 2556; x_wconf 91' lang='lat' dir='ltr'>ad</span> <span class='ocrx_word' id='word_1_204' title='bbox 565 2495 725 2557; x_wconf 90' lang='lat' dir='ltr'>Ecclesias</span> <span class='ocrx_word' id='word_1_205' title='bbox 738 2496 921 2577; x_wconf 87' lang='lat' dir='ltr'>persolvere</span> <span class='ocrx_word' id='word_1_206' title='bbox 941 2495 1141 2575; x_wconf 87' lang='lat' dir='ltr'>detrectant,</span> <span class='ocrx_word' id='word_1_207' title='bbox 1172 2510 1209 2561; x_wconf 85' lang='lat' dir='ltr'>ut</span> 
     </span>
     <span class='ocr_line' id='line_1_27' title="bbox 95 2576 1209 2660; baseline 0.002 -21"><span class='ocrx_word' id='word_1_208' title='bbox 95 2580 228 2639; x_wconf 87' lang='lat' dir='ltr'>firmiter</span> <span class='ocrx_word' id='word_1_209' title='bbox 244 2579 464 2660; x_wconf 89' lang='lat' dir='ltr'>inquirantur,</span> <span class='ocrx_word' id='word_1_210' title='bbox 479 2589 512 2639; x_wconf 86' lang='lat' dir='ltr'>et</span> <span class='ocrx_word' id='word_1_211' title='bbox 530 2576 648 2640; x_wconf 82' lang='lat' dir='ltr'>acriter</span> <span class='ocrx_word' id='word_1_212' title='bbox 664 2579 899 2660; x_wconf 81' lang='lat' dir='ltr'>distringantur</span> <span class='ocrx_word' id='word_1_213' title='bbox 921 2586 954 2636; x_wconf 91' lang='lat' dir='ltr'>et</span> <span class='ocrx_word' id='word_1_214' title='bbox 974 2578 1071 2660; x_wconf 88' lang='lat' dir='ltr'>plena</span> <span class='ocrx_word' id='word_1_215' title='bbox 1084 2581 1209 2641; x_wconf 86' lang='lat' dir='ltr'>iustitia</span> 
     </span>
     <span class='ocr_line' id='line_1_28' title="bbox 103 2659 1209 2744; baseline 0 -22"><span class='ocrx_word' id='word_1_216' title='bbox 103 2663 179 2722; x_wconf 87' lang='lat' dir='ltr'>indc</span> <span class='ocrx_word' id='word_1_217' title='bbox 197 2661 260 2739; x_wconf 85' lang='lat' dir='ltr'>fiat,</span> <span class='ocrx_word' id='word_1_218' title='bbox 282 2661 461 2722; x_wconf 89' lang='lat' dir='ltr'>secundum</span> <span class='ocrx_word' id='word_1_219' title='bbox 483 2661 571 2744; x_wconf 91' lang='lat' dir='ltr'>quod</span> <span class='ocrx_word' id='word_1_220' title='bbox 591 2661 625 2720; x_wconf 88' lang='lat' dir='ltr'>in</span> <span class='ocrx_word' id='word_1_221' title='bbox 649 2661 887 2744; x_wconf 87' lang='lat' dir='ltr'>Capitularibus</span> <span class='ocrx_word' id='word_1_222' title='bbox 905 2659 957 2718; x_wconf 86' lang='lat' dir='ltr'>avi</span> <span class='ocrx_word' id='word_1_223' title='bbox 976 2669 1007 2720; x_wconf 85' lang='lat' dir='ltr'>et</span> <span class='ocrx_word' id='word_1_224' title='bbox 1023 2663 1121 2741; x_wconf 86' lang='lat' dir='ltr'>patris</span> <span class='ocrx_word' id='word_1_225' title='bbox 1136 2663 1209 2722; x_wconf 93' lang='lat' dir='ltr'>illo·</span> 
     </span>
     <span class='ocr_line' id='line_1_29' title="bbox 96 2741 1266 2826; baseline 0.003 -20"><span class='ocrx_word' id='word_1_226' title='bbox 96 2767 169 2806; x_wconf 89' lang='lat' dir='ltr'>rum</span> <span class='ocrx_word' id='word_1_227' title='bbox 183 2754 335 2806; x_wconf 86' lang='lat' dir='ltr'>statutum</span> <span class='ocrx_word' id='word_1_228' title='bbox 349 2743 495 2810; x_wconf 81' lang='lat' dir='ltr'>habetur,</span> <span class='ocrx_word' id='word_1_229' title='bbox 515 2746 558 2806; x_wconf 89' lang='lat' dir='ltr'>Et</span> <span class='ocrx_word' id='word_1_230' title='bbox 571 2743 630 2826; x_wconf 88' lang='lat' dir='ltr'>ipsi</span> <span class='ocrx_word' id='word_1_231' title='bbox 643 2765 703 2826; x_wconf 89' lang='lat' dir='ltr'>per</span> <span class='ocrx_word' id='word_1_232' title='bbox 715 2755 818 2806; x_wconf 89' lang='lat' dir='ltr'>certos</span> <span class='ocrx_word' id='word_1_233' title='bbox 832 2741 1035 2802; x_wconf 86' lang='lat' dir='ltr'>fideiussores</span> <span class='ocrx_word' id='word_1_234' title='bbox 1056 2745 1097 2804; x_wconf 87' lang='lat' dir='ltr'>ad</span> <span class='ocrx_word' id='word_1_235' title='bbox 1117 2766 1210 2826; x_wconf 89' lang='lat' dir='ltr'>prae·</span> <span class='ocrx_word' id='word_1_236' title='bbox 1262 2804 1266 2809; x_wconf 86' lang='grc'><em>,</em></span> 
     </span>
     <span class='ocr_line' id='line_1_30' title="bbox 95 2823 1208 2909; baseline -0.002 -20"><span class='ocrx_word' id='word_1_237' title='bbox 95 2826 227 2889; x_wconf 89' lang='lat' dir='ltr'>sentiam</span> <span class='ocrx_word' id='word_1_238' title='bbox 244 2827 334 2888; x_wconf 93' lang='lat' dir='ltr'>illius</span> <span class='ocrx_word' id='word_1_239' title='bbox 355 2829 388 2887; x_wconf 92' lang='lat' dir='ltr'>in</span> <span class='ocrx_word' id='word_1_240' title='bbox 408 2828 500 2888; x_wconf 89' lang='lat' dir='ltr'>cuins</span> <span class='ocrx_word' id='word_1_241' title='bbox 517 2847 618 2909; x_wconf 81' lang='lat' dir='ltr'>regno</span> <span class='ocrx_word' id='word_1_242' title='bbox 632 2826 849 2887; x_wconf 88' lang='lat' dir='ltr'>talesinventi</span> <span class='ocrx_word' id='word_1_243' title='bbox 871 2823 1005 2901; x_wconf 85' lang='lat' dir='ltr'>suerint,</span> <span class='ocrx_word' id='word_1_244' title='bbox 1027 2827 1208 2908; x_wconf 89' lang='lat' dir='ltr'>perducan-</span> 
     </span>
     <span class='ocr_line' id='line_1_31' title="bbox 92 2907 1206 2992; baseline 0.001 -21"><span class='ocrx_word' id='word_1_245' title='bbox 92 2923 156 2987; x_wconf 88' lang='lat' dir='ltr'>tur,</span> <span class='ocrx_word' id='word_1_246' title='bbox 179 2920 215 2970; x_wconf 88' lang='lat' dir='ltr'>nt</span> <span class='ocrx_word' id='word_1_247' title='bbox 232 2908 310 2970; x_wconf 88' lang='lat' dir='ltr'>inde</span> <span class='ocrx_word' id='word_1_248' title='bbox 329 2910 397 2992; x_wconf 90' lang='lat' dir='ltr'>ipse</span> <span class='ocrx_word' id='word_1_249' title='bbox 415 2911 618 2970; x_wconf 89' lang='lat' dir='ltr'>commendet</span> <span class='ocrx_word' id='word_1_250' title='bbox 632 2907 712 2990; x_wconf 90' lang='lat' dir='ltr'>quid</span> <span class='ocrx_word' id='word_1_251' title='bbox 731 2909 836 2970; x_wconf 88' lang='lat' dir='ltr'>detali</span> <span class='ocrx_word' id='word_1_252' title='bbox 851 2907 983 2969; x_wconf 89' lang='lat' dir='ltr'>homine</span> <span class='ocrx_word' id='word_1_253' title='bbox 1000 2909 1053 2969; x_wconf 85' lang='lat' dir='ltr'>liat</span> <span class='ocrx_word' id='word_1_254' title='bbox 1066 2910 1124 2992; x_wconf 93' lang='lat' dir='ltr'>qui</span> <span class='ocrx_word' id='word_1_255' title='bbox 1144 2931 1206 2972; x_wconf 89' lang='lat' dir='ltr'>nec</span> 
     </span>
     <span class='ocr_line' id='line_1_32' title="bbox 88 2991 1207 3077; baseline -0.002 -21"><span class='ocrx_word' id='word_1_256' title='bbox 88 2997 197 3056; x_wconf 89' lang='lat' dir='ltr'>Deum</span> <span class='ocrx_word' id='word_1_257' title='bbox 216 2993 318 3070; x_wconf 85' lang='lat' dir='ltr'>timet,</span> <span class='ocrx_word' id='word_1_258' title='bbox 343 3015 403 3053; x_wconf 93' lang='lat' dir='ltr'>nec</span> <span class='ocrx_word' id='word_1_259' title='bbox 425 3004 535 3054; x_wconf 90' lang='lat' dir='ltr'>contra</span> <span class='ocrx_word' id='word_1_260' title='bbox 554 3002 679 3052; x_wconf 88' lang='lat' dir='ltr'>sanctos</span> <span class='ocrx_word' id='word_1_261' title='bbox 702 3011 841 3052; x_wconf 89' lang='lat' dir='ltr'>canones</span> <span class='ocrx_word' id='word_1_262' title='bbox 866 2991 990 3069; x_wconf 87' lang='lat' dir='ltr'>facere,</span> <span class='ocrx_word' id='word_1_263' title='bbox 1015 3014 1080 3060; x_wconf 83' lang='lat' dir='ltr'>nee</span> <span class='ocrx_word' id='word_1_264' title='bbox 1099 2993 1207 3077; x_wconf 84' lang='lat' dir='ltr'>legem</span> 
     </span>
     <span class='ocr_line' id='line_1_33' title="bbox 90 3073 1207 3159; baseline 0 -21"><span class='ocrx_word' id='word_1_265' title='bbox 90 3088 122 3139; x_wconf 86' lang='lat' dir='ltr'>et</span> <span class='ocrx_word' id='word_1_266' title='bbox 148 3085 361 3159; x_wconf 88' lang='lat' dir='ltr'>praeceptum</span> <span class='ocrx_word' id='word_1_267' title='bbox 385 3076 511 3158; x_wconf 83' lang='lat' dir='ltr'>regium</span> <span class='ocrx_word' id='word_1_268' title='bbox 528 3075 706 3158; x_wconf 85' lang='lat' dir='ltr'>infringere</span> <span class='ocrx_word' id='word_1_269' title='bbox 721 3073 935 3155; x_wconf 86' lang='lat' dir='ltr'>pertimescit;</span> <span class='ocrx_word' id='word_1_270' title='bbox 959 3076 1047 3136; x_wconf 87' lang='lat' dir='ltr'>salva</span> <span class='ocrx_word' id='word_1_271' title='bbox 1069 3099 1207 3139; x_wconf 81' lang='lat' dir='ltr'>censura</span> 
     </span>
     <span class='ocr_line' id='line_1_34' title="bbox 88 3156 1040 3240; baseline -0.001 -18"><span class='ocrx_word' id='word_1_272' title='bbox 88 3159 313 3222; x_wconf 89' lang='lat' dir='ltr'>ecclesiastica</span> <span class='ocrx_word' id='word_1_273' title='bbox 341 3168 374 3220; x_wconf 91' lang='lat' dir='ltr'>et</span> <span class='ocrx_word' id='word_1_274' title='bbox 398 3158 587 3240; x_wconf 88' lang='lat' dir='ltr'>episcopalis</span> <span class='ocrx_word' id='word_1_275' title='bbox 607 3156 826 3238; x_wconf 84' lang='lat' dir='ltr'>poenitentiae</span> <span class='ocrx_word' id='word_1_276' title='bbox 842 3159 863 3235; x_wconf 73' lang='grc' dir='ltr'>ι)</span> <span class='ocrx_word' id='word_1_277' title='bbox 886 3157 1040 3221; x_wconf 80' lang='lat' dir='ltr'>vindicta.</span> 
     </span>
    </p>

    <p class='ocr_par' dir='ltr' id='par_1_6' title="bbox 89 3239 1282 4068">
     <span class='ocr_line' id='line_1_35' title="bbox 172 3239 1206 3322; baseline 0.002 -20"><span class='ocrx_word' id='word_1_278' title='bbox 172 3243 235 3302; x_wconf 89' lang='grc' dir='ltr'><strong>ΙΙΙ.</strong></span> <span class='ocrx_word' id='word_1_279' title='bbox 277 3241 433 3302; x_wconf 89' lang='lat' dir='ltr'>Similiter</span> <span class='ocrx_word' id='word_1_280' title='bbox 454 3242 493 3302; x_wconf 90' lang='lat' dir='ltr'>de</span> <span class='ocrx_word' id='word_1_281' title='bbox 513 3240 658 3300; x_wconf 89' lang='lat' dir='ltr'>collectis</span> <span class='ocrx_word' id='word_1_282' title='bbox 681 3261 760 3320; x_wconf 87' lang='lat' dir='ltr'>quas</span> <span class='ocrx_word' id='word_1_283' title='bbox 785 3239 968 3302; x_wconf 87' lang='lat' dir='ltr'>Theudisca</span> <span class='ocrx_word' id='word_1_284' title='bbox 994 3243 1106 3322; x_wconf 82' lang='lat' dir='ltr'>lingna</span> <span class='ocrx_word' id='word_1_285' title='bbox 1123 3241 1206 3304; x_wconf 80' lang='lat' dir='ltr'>lieri·</span> 
     </span>
     <span class='ocr_line' id='line_1_36' title="bbox 90 3321 1205 3408; baseline 0.002 -24"><span class='ocrx_word' id='word_1_286' title='bbox 90 3327 170 3408; x_wconf 66' lang='lat' dir='ltr'>stapla</span> <span class='ocrx_word' id='word_1_287' title='bbox 197 3325 352 3405; x_wconf 83' lang='lat' dir='ltr'>appellat,</span> <span class='ocrx_word' id='word_1_288' title='bbox 373 3324 461 3384; x_wconf 88' lang='lat' dir='ltr'>etde</span> <span class='ocrx_word' id='word_1_289' title='bbox 482 3323 532 3383; x_wconf 89' lang='lat' dir='ltr'>his</span> <span class='ocrx_word' id='word_1_290' title='bbox 552 3323 608 3404; x_wconf 90' lang='lat' dir='ltr'>qui</span> <span class='ocrx_word' id='word_1_291' title='bbox 626 3322 842 3382; x_wconf 85' lang='lat' dir='ltr'>immunitates</span> <span class='ocrx_word' id='word_1_292' title='bbox 865 3321 1069 3404; x_wconf 81' lang='lat' dir='ltr'>infringunt,</span> <span class='ocrx_word' id='word_1_293' title='bbox 1092 3325 1205 3405; x_wconf 87' lang='lat' dir='ltr'>etqui</span> 
     </span>
     <span class='ocr_line' id='line_1_37' title="bbox 90 3403 1203 3470; baseline 0.004 -4"><span class='ocrx_word' id='word_1_294' title='bbox 90 3407 246 3468; x_wconf 89' lang='lat' dir='ltr'>incendia</span> <span class='ocrx_word' id='word_1_295' title='bbox 277 3416 309 3466; x_wconf 87' lang='lat' dir='ltr'>et</span> <span class='ocrx_word' id='word_1_296' title='bbox 333 3407 515 3468; x_wconf 88' lang='lat' dir='ltr'>voluntaria</span> <span class='ocrx_word' id='word_1_297' title='bbox 546 3403 721 3466; x_wconf 85' lang='lat' dir='ltr'>homicidia</span> <span class='ocrx_word' id='word_1_298' title='bbox 746 3412 778 3465; x_wconf 90' lang='lat' dir='ltr'>et</span> <span class='ocrx_word' id='word_1_299' title='bbox 805 3403 992 3466; x_wconf 84' lang='lat' dir='ltr'>adsalituras</span> <span class='ocrx_word' id='word_1_300' title='bbox 1027 3406 1062 3465; x_wconf 93' lang='lat' dir='ltr'>in</span> <span class='ocrx_word' id='word_1_301' title='bbox 1091 3409 1203 3470; x_wconf 84' lang='lat' dir='ltr'>domos</span> 
     </span>
     <span class='ocr_line' id='line_1_38' title="bbox 89 3490 840 3550; baseline -0.009 -1"><span class='ocrx_word' id='word_1_302' title='bbox 89 3490 226 3550; x_wconf 79' lang='lat' dir='ltr'>iaciunt.</span> <span class='ocrx_word' id='word_1_303' title='bbox 838 3528 840 3532; x_wconf 83' lang='lat'><em>-</em></span> 
     </span>
     <span class='ocr_line' id='line_1_39' title="bbox 173 3567 1203 3638; baseline -0.002 -4"><span class='ocrx_word' id='word_1_304' title='bbox 173 3571 237 3638; x_wconf 81' lang='lat' dir='ltr'>IV,</span> <span class='ocrx_word' id='word_1_305' title='bbox 279 3573 327 3632; x_wconf 87' lang='lat' dir='ltr'>De</span> <span class='ocrx_word' id='word_1_306' title='bbox 361 3570 538 3632; x_wconf 85' lang='lat' dir='ltr'>latronibus</span> <span class='ocrx_word' id='word_1_307' title='bbox 564 3580 671 3630; x_wconf 89' lang='lat' dir='ltr'>antem</span> <span class='ocrx_word' id='word_1_308' title='bbox 704 3567 1013 3630; x_wconf 84' lang='lat' dir='ltr'>commendaverunt</span> <span class='ocrx_word' id='word_1_309' title='bbox 1044 3579 1082 3631; x_wconf 88' lang='lat' dir='ltr'>ut</span> <span class='ocrx_word' id='word_1_310' title='bbox 1113 3571 1203 3634; x_wconf 87' lang='lat' dir='ltr'>Missi</span> 
     </span>
     <span class='ocr_line' id='line_1_40' title="bbox 93 3652 1204 3734; baseline 0 -20"><span class='ocrx_word' id='word_1_311' title='bbox 93 3657 245 3716; x_wconf 83' lang='lat' dir='ltr'>omnihus</span> <span class='ocrx_word' id='word_1_312' title='bbox 263 3655 455 3715; x_wconf 89' lang='lat' dir='ltr'>denuntient</span> <span class='ocrx_word' id='word_1_313' title='bbox 469 3654 501 3712; x_wconf 92' lang='lat' dir='ltr'>in</span> <span class='ocrx_word' id='word_1_314' title='bbox 518 3653 573 3712; x_wconf 90' lang='lat' dir='ltr'>illa</span> <span class='ocrx_word' id='word_1_315' title='bbox 594 3654 744 3714; x_wconf 84' lang='lat' dir='ltr'>fidelitate</span> <span class='ocrx_word' id='word_1_316' title='bbox 761 3671 857 3732; x_wconf 88' lang='lat' dir='ltr'>quam</span> <span class='ocrx_word' id='word_1_317' title='bbox 869 3652 940 3708; x_wconf 91' lang='lat' dir='ltr'>Deo</span> <span class='ocrx_word' id='word_1_318' title='bbox 959 3661 991 3711; x_wconf 89' lang='lat' dir='ltr'>et</span> <span class='ocrx_word' id='word_1_319' title='bbox 1007 3652 1086 3734; x_wconf 80' lang='lat' dir='ltr'>Regi</span> <span class='ocrx_word' id='word_1_320' title='bbox 1105 3675 1204 3714; x_wconf 89' lang='lat' dir='ltr'>unus-</span> 
     </span>
     <span class='ocr_line' id='line_1_41' title="bbox 93 3731 1282 3820; baseline -0.001 -23"><span class='ocrx_word' id='word_1_321' title='bbox 93 3739 234 3820; x_wconf 87' lang='lat' dir='ltr'>quisque</span> <span class='ocrx_word' id='word_1_322' title='bbox 263 3735 369 3814; x_wconf 85' lang='lat' dir='ltr'>dehet,</span> <span class='ocrx_word' id='word_1_323' title='bbox 391 3747 421 3796; x_wconf 89' lang='lat' dir='ltr'>et</span> <span class='ocrx_word' id='word_1_324' title='bbox 445 3736 632 3818; x_wconf 89' lang='lat' dir='ltr'>promissam</span> <span class='ocrx_word' id='word_1_325' title='bbox 650 3735 759 3812; x_wconf 87' lang='lat' dir='ltr'>habet,</span> <span class='ocrx_word' id='word_1_326' title='bbox 791 3732 873 3793; x_wconf 88' lang='lat' dir='ltr'>etin</span> <span class='ocrx_word' id='word_1_327' title='bbox 895 3731 952 3790; x_wconf 91' lang='lat' dir='ltr'>illa</span> <span class='ocrx_word' id='word_1_328' title='bbox 976 3733 1202 3794; x_wconf 82' lang='lat' dir='ltr'>Claristianita-</span> <span class='ocrx_word' id='word_1_329' title='bbox 1277 3792 1282 3796; x_wconf 84' lang='grc'>.</span> 
     </span>
     <span class='ocr_line' id='line_1_42' title="bbox 94 3813 1201 3903; baseline 0.001 -24"><span class='ocrx_word' id='word_1_330' title='bbox 94 3831 124 3880; x_wconf 91' lang='lat' dir='ltr'>te</span> <span class='ocrx_word' id='word_1_331' title='bbox 154 3843 220 3903; x_wconf 89' lang='lat' dir='ltr'>qua</span> <span class='ocrx_word' id='word_1_332' title='bbox 241 3842 352 3902; x_wconf 88' lang='lat' dir='ltr'>pacem</span> <span class='ocrx_word' id='word_1_333' title='bbox 373 3820 519 3902; x_wconf 82' lang='lat' dir='ltr'>proximo</span> <span class='ocrx_word' id='word_1_334' title='bbox 541 3818 762 3900; x_wconf 84' lang='lat' dir='ltr'>unusquisque</span> <span class='ocrx_word' id='word_1_335' title='bbox 786 3834 914 3875; x_wconf 84' lang='lat' dir='ltr'>servare</span> <span class='ocrx_word' id='word_1_336' title='bbox 938 3813 1051 3890; x_wconf 85' lang='lat' dir='ltr'>debet,</span> <span class='ocrx_word' id='word_1_337' title='bbox 1074 3827 1110 3876; x_wconf 87' lang='lat' dir='ltr'>ut</span> <span class='ocrx_word' id='word_1_338' title='bbox 1131 3817 1201 3880; x_wconf 81' lang='lat' dir='ltr'>sine</span> 
     </span>
     <span class='ocr_line' id='line_1_43' title="bbox 96 3894 1205 3986; baseline -0.005 -23"><span class='ocrx_word' id='word_1_339' title='bbox 96 3899 288 3986; x_wconf 83' lang='lat' dir='ltr'>exceptione</span> <span class='ocrx_word' id='word_1_340' title='bbox 313 3899 448 3962; x_wconf 90' lang='lat' dir='ltr'>alicuius</span> <span class='ocrx_word' id='word_1_341' title='bbox 471 3923 636 3982; x_wconf 86' lang='lat' dir='ltr'>personae,</span> <span class='ocrx_word' id='word_1_342' title='bbox 659 3922 720 3960; x_wconf 91' lang='lat' dir='ltr'>nec</span> <span class='ocrx_word' id='word_1_343' title='bbox 741 3919 799 3981; x_wconf 89' lang='lat' dir='ltr'>pro</span> <span class='ocrx_word' id='word_1_344' title='bbox 820 3894 971 3972; x_wconf 88' lang='lat' dir='ltr'>amicitia,</span> <span class='ocrx_word' id='word_1_345' title='bbox 994 3898 1046 3957; x_wconf 86' lang='lat' dir='ltr'>vel</span> <span class='ocrx_word' id='word_1_346' title='bbox 1071 3900 1205 3980; x_wconf 89' lang='lat' dir='ltr'>propin·</span> 
     </span>
     <span class='ocr_line' id='line_1_44' title="bbox 94 3979 1203 4068; baseline -0.004 -22"><span class='ocrx_word' id='word_1_347' title='bbox 94 3989 230 4068; x_wconf 79' lang='lat' dir='ltr'>quitata,</span> <span class='ocrx_word' id='word_1_348' title='bbox 254 3996 309 4046; x_wconf 86' lang='lat' dir='ltr'>ant</span> <span class='ocrx_word' id='word_1_349' title='bbox 325 4007 432 4046; x_wconf 87' lang='lat' dir='ltr'>amore</span> <span class='ocrx_word' id='word_1_350' title='bbox 448 3986 501 4046; x_wconf 78' lang='lat' dir='ltr'>rel</span> <span class='ocrx_word' id='word_1_351' title='bbox 519 3984 646 4062; x_wconf 88' lang='lat' dir='ltr'>timore,</span> <span class='ocrx_word' id='word_1_352' title='bbox 669 3983 758 4044; x_wconf 87' lang='lat' dir='ltr'>ullus</span> <span class='ocrx_word' id='word_1_353' title='bbox 780 3982 939 4042; x_wconf 86' lang='lat' dir='ltr'>latronem</span> <span class='ocrx_word' id='word_1_354' title='bbox 961 3979 1063 4058; x_wconf 87' lang='lat' dir='ltr'>celet,</span> <span class='ocrx_word' id='word_1_355' title='bbox 1085 3983 1142 4042; x_wconf 87' lang='lat' dir='ltr'>sed</span> <span class='ocrx_word' id='word_1_356' title='bbox 1159 3981 1203 4042; x_wconf 90' lang='lat' dir='ltr'>il-</span> 
     </span>
    </p>
   </div>
   <div class='ocr_carea' id='block_1_5' title="bbox 126 4179 1069 4350">
    <p class='ocr_par' dir='ltr' id='par_1_7' title="bbox 126 4179 1069 4350">
     <span class='ocr_line' id='line_1_45' title="bbox 126 4179 1069 4258; baseline -0.011 -17"><span class='ocrx_word' id='word_1_357' title='bbox 126 4190 159 4256; x_wconf 65' lang='grc' dir='ltr'>ς)</span> <span class='ocrx_word' id='word_1_358' title='bbox 180 4189 217 4244; x_wconf 82' lang='lat' dir='ltr'>al.</span> <span class='ocrx_word' id='word_1_359' title='bbox 236 4206 299 4244; x_wconf 86' lang='lat' dir='ltr'>mss.</span> <span class='ocrx_word' id='word_1_360' title='bbox 317 4186 552 4258; x_wconf 78' lang='lat' dir='ltr'>occupationibus.</span> <span class='ocrx_word' id='word_1_361' title='bbox 729 4184 757 4254; x_wconf 78' lang='lat' dir='ltr'>i)</span> <span class='ocrx_word' id='word_1_362' title='bbox 776 4182 810 4235; x_wconf 85' lang='lat' dir='ltr'>al.</span> <span class='ocrx_word' id='word_1_363' title='bbox 828 4199 887 4234; x_wconf 84' lang='lat' dir='ltr'>mss.</span> <span class='ocrx_word' id='word_1_364' title='bbox 904 4179 1069 4240; x_wconf 78' lang='lat' dir='ltr'>sententiae.</span> 
     </span>
     <span class='ocr_line' id='line_1_46' title="bbox 128 4278 875 4350; baseline -0.003 -20"><span class='ocrx_word' id='word_1_365' title='bbox 128 4278 163 4344; x_wconf 78' lang='lat' dir='ltr'>la)</span> <span class='ocrx_word' id='word_1_366' title='bbox 181 4282 216 4331; x_wconf 82' lang='lat' dir='ltr'>al.</span> <span class='ocrx_word' id='word_1_367' title='bbox 235 4298 303 4337; x_wconf 87' lang='lat' dir='ltr'>mss.</span> <span class='ocrx_word' id='word_1_368' title='bbox 321 4278 481 4350; x_wconf 79' lang='lat' dir='ltr'>adimplere.</span> <span class='ocrx_word' id='word_1_369' title='bbox 873 4281 875 4285; x_wconf 86' lang='lat'>&#39;</span> 
     </span>
    </p>
   </div>
   <div class='ocr_carea' id='block_1_6' title="bbox 0 0 1400 4980">
    <p class='ocr_par' dir='ltr' id='par_1_8' title="bbox 0 0 1400 4980">
     <span class='ocr_line' id='line_1_47' title="bbox 0 0 1400 4980; baseline 0 0"><span class='ocrx_word' id='word_1_370' title='bbox 0 0 1400 4980; x_wconf 95' lang='lat' dir='ltr'> </span> 
     </span>
    </p>
   </div>
  </div>
 </body>
</html>
