2786 4980
264 351 293 403 s.
312 347 392 404 ena.
498 343 625 399 nescu
658 341 892 398 rmncoauu.
998 339 1056 400 ate.
1157 323 1206 396 27

104 509 210 570 neque
225 486 285 550 sub
309 482 514 548 voluntariae
549 483 629 544 cleri
656 505 692 544 ae
717 482 830 564 populi
857 481 1028 544 electionis
1056 483 1207 560 obtentu,

102 580 232 656 praeter
246 569 450 631 voluntatem
464 565 635 648 Episcopi,
654 565 825 647 qnisquam
845 585 1049 646 quacumque
1070 565 1210 628 seculari

100 660 259 736 potestate
277 651 463 733 praeditus,
484 647 575 731 quasi
592 668 803 708 oeconomum
834 649 1017 712 constituat.
1090 647 1156 709 Sed
1181 647 1210 710 si

102 736 285 818 Episcopus
316 730 532 792 ministerium
560 728 813 791 ecclesiasticum
833 740 967 812 propter
991 729 1211 792 infirmitatem

102 838 297 901 corpoream
310 813 464 876 exhibere
482 833 545 871 non
562 811 722 892 potnerit,
744 812 778 870 in
789 811 1035 895 Archiepiscopi
1057 813 1119 876 hoc
1135 833 1210 873 cum

105 901 279 962 voluntate
297 894 453 978 Episcopi
472 893 613 956 eiusdem
634 893 801 955 Ecclesiae
828 903 955 956 maneat
983 895 1208 972 ordinatione,

104 981 250 1064 qualiter
268 979 413 1040 debitum
430 975 566 1036 officium
590 997 654 1036 non
684 987 856 1037 remaneat
905 977 1106 1058 Obsequium
1131 998 1209 1039 rere

107 1065 151 1126 ad
168 1085 240 1126 rem
258 1062 421 1144 publicam
434 1059 595 1140 pertinens
615 1058 758 1138 qualiter
769 1070 965 1142 exequatur,
987 1081 1046 1141 per
1060 1063 1140 1123 tales
1167 1081 1208 1122 ex

108 1141 250 1208 subditis
269 1153 301 1206 et
317 1140 534 1206 ecclesiasticis
552 1139 727 1218 ministris,
748 1163 823 1202 cum
840 1162 1000 1204 censensu
1021 1141 1209 1238 Arcbiepis·

109 1228 185 1310 copi
206 1233 339 1309 propter
351 1225 435 1308 pacis
457 1223 660 1305 caritatisque
681 1223 867 1303 custodiam,
883 1224 1061 1307 Episcopus
1082 1225 1211 1286 ordinet

109 1310 297 1390 etdisponat
313 1329 392 1388 quos
406 1305 604 1366 succedendi
616 1307 650 1365 in
671 1305 858 1388 episcopatu
871 1305 1031 1388 appetitus
1043 1306 1209 1368 indebitus

105 1415 171 1454 non
186 1392 290 1452 elevet
306 1397 524 1470 nequevcxet;
536 1387 599 1450 nisi
614 1398 755 1450 moratus
766 1388 808 1448 ita
825 1388 977 1466 extiterit,
988 1388 1212 1450 ntsecnndnm

102 1474 249 1538 instituta
271 1473 358 1532 beati
378 1469 527 1553 Gregorii
552 1471 587 1530 in
611 1471 695 1531 libro
721 1470 961 1553 Epistularum,
991 1481 1024 1534 et
1043 1469 1212 1532 humiliter

100 1557 136 1616 in
150 1553 338 1616 subditione
358 1553 474 1638 prosit,
499 1561 531 1615 et
553 1562 626 1636 post
650 1553 775 1614 utiliter
801 1553 1000 1616 conveniens
1017 1553 1134 1614 sanctis
1156 1573 1210 1615 re·

100 1638 186 1721 gulis
200 1636 337 1720 praesit;
361 1637 438 1718 quia
459 1636 500 1696 ob
529 1635 594 1698 hoc
627 1635 661 1694 in
691 1636 801 1697 multis
834 1637 990 1698 Ecclesiis
1023 1635 1211 1696 scandalum

84 1741 258 1804 ¹magnum
272 1720 507 1802 conspeximus.
549 1718 584 1779 Si
607 1728 715 1778 autem
731 1718 764 1777 in
780 1719 1032 1802 Arcbiepiscopo
1052 1717 1125 1779 talis
1149 1739 1209 1780 ne·

89 1795 236 1864 ⁴cessitas
251 1800 413 1880 acciderit,
434 1799 585 1862 similiter
602 1801 670 1882 ipse
693 1801 829 1863 consilio
843 1802 1116 1888 coepiscoporum
1133 1821 1210 1862 sno-

105 1907 181 1950 rum
195 1883 381 1944 huiusmodi
400 1883 636 1945 ordinationem
653 1882 812 1948 exhibeat.

108 1992 169 2068 (De
178 1991 404 2054 Canem'corum
419 1993 453 2052 in
469 1993 593 2052 civitate
610 1991 665 2051 vel
679 1991 876 2052 monasteriis
886 2011 964 2050 curo
977 1989 1210 2074 etdisciplr'no.)

146 2095 240 2160 Llll.
263 2099 303 2156 Ut
316 2097 472 2159 Canonici
481 2098 513 2157 in
525 2097 653 2158 civitate
666 2095 719 2157 vel
732 2097 940 2174 monasteriis,
956 2097 1039 2158 sient
1054 2095 1212 2158 constitn-

104 2189 174 2240 turn
185 2189 244 2256 est,
253 2179 287 2238 in
301 2180 485 2242 dormitorio
495 2179 664 2256 dormiant,
675 2179 751 2239 etin
760 2179 934 2240 refectorio
943 2180 1122 2255 comedant,
1133 2188 1165 2239 et
1176 2179 1210 2238 in

105 2263 201 2334 domo
213 2263 415 2324 infirmorum
432 2263 612 2324 necessario
624 2262 843 2339 subleventur,
857 2273 888 2322 et
906 2271 970 2321 tam
984 2263 1052 2324 sani
1068 2283 1164 2343 quam
1180 2269 1212 2323 et

105 2344 227 2404 infirmi
240 2346 397 2406 canonice
413 2345 601 2422 vestiantur,
617 2354 713 2426 atque
740 2345 774 2404 in
793 2345 938 2406 claustris
955 2345 1045 2406 horis
1061 2345 1211 2425 congruis

107 2427 238 2508 degant,
259 2437 290 2488 et
308 2428 367 2489 sub
387 2428 531 2488 custodia
550 2429 704 2488 canonica
716 2427 851 2488 lectioni
869 2438 902 2488 et
923 2428 1058 2488 caeteris
1080 2427 1211 2488 divinae

108 2509 320 2576 institutionis
348 2509 494 2572 insistant
522 2509 644 2570 officiis.
686 2511 750 2588 Qui
780 2531 857 2570 sero
881 2511 1115 2591 Episcoporum
1146 2510 1211 2570 loci

109 2592 374 2653 convenientiam
390 2602 444 2654 aut
457 2592 642 2654 facultatem
663 2615 728 2652 non
748 2590 899 2652 habuerit
921 2601 957 2651 nt
975 2592 1037 2652 hoc
1058 2592 1211 2671 perlicere

112 2683 144 2734 et
162 2674 314 2736 ordinare
331 2674 451 2757 possit,
478 2675 633 2754 Princeps
659 2675 838 2734 secundnm
861 2674 1125 2733 constitutionem
1144 2676 1212 2732 Do-

113 2757 188 2815 mini
203 2757 610 2837 lmperatorisllludouvici
631 2767 769 2832 suriunt:
793 2757 825 2815 id
844 2765 902 2831 est,
917 2755 944 2816 si
964 2755 1070 2814 vicina
1091 2757 1212 2834 episcc-

109 2839 162 2919 pio
182 2849 270 2898 terra
288 2839 328 2898 de
350 2840 461 2899 eadem
475 2841 620 2900 Ecclesia
640 2861 708 2900 esse
728 2848 856 2920 reperta
875 2838 996 2914 fuerit,
1027 2848 1059 2898 et
1085 2838 1124 2898 ab
1148 2837 1211 2896 alio

108 2920 307 3000 possidetur,
329 2922 492 2982 Ecclesiae
522 2921 640 2982 rectori
670 2921 710 2980 ad
738 2922 876 2981 claustra
897 2921 1120 2998 Clericorum,
1159 2919 1210 2982 vel

109 3002 173 3061 alia
198 3002 363 3082 quaelibet
383 3003 545 3064 Ecclesiae
572 3002 737 3063 commoda
764 3003 928 3081 iacienda,
956 3003 1119 3065 reddatur.
1178 3003 1213 3064 si

109 3085 367 3146 autemdefisco
388 3086 503 3162 fuerit,
537 3085 624 3168 regia
659 3084 832 3146 liberalitas
864 3087 999 3148 eandem
1028 3097 1145 3148 terram
1172 3086 1212 3146 od

108 3187 276 3227 servornm
298 3167 360 3227 Dei
379 3167 562 3228 habitacula
591 3168 805 3228 construenda
831 3169 942 3250 largiri
974 3170 1135 3252 dignetur.
1179 3171 1212 3232 Si

109 3259 218 3308 autem
236 3249 276 3309 de
297 3249 359 3309 alia
378 3272 447 3311 casa
460 3250 522 3312 Dei
543 3259 597 3309 ant
618 3251 657 3311 de
676 3249 847 3312 cuiuslibet
872 3253 1003 3334 proprio
1031 3254 1148 3331 fuerit,
1172 3277 1212 3316 ex

108 3331 340 3390 convenientia
354 3332 572 3392 commutandi
596 3332 727 3394 licentia
747 3333 916 3399 tribuatur.
958 3337 999 3394 Et
1026 3336 1053 3396 si
1074 3357 1213 3418 pauper-

103 3423 156 3472 'tas
179 3413 244 3472 loci
269 3414 308 3473 ad
322 3415 534 3475 aedificandas
547 3415 657 3477 domos
676 3415 851 3476 necessaria
884 3417 1066 3493 suffecerit,
1089 3439 1143 3478 eos
1174 3419 1214 3478 ad

110 3493 308 3554 adiutorium
336 3497 526 3558 aedificandi
551 3507 688 3578 potestas
711 3497 801 3578 regia
824 3507 916 3581 cogat
943 3500 999 3582 qui
1022 3522 1074 3560 res
1106 3501 1146 3560 dc
1164 3521 1216 3561 ea-

110 3577 183 3636 dem
206 3577 352 3639 Ecclesia
368 3580 401 3639 in
419 3580 585 3642 beneficiis
601 3581 754 3642 retinent

110 3683 168 3759 (Ut
191 3685 368 3768 Episcopus
389 3686 454 3744 sine
480 3699 566 3744 certo
587 3707 681 3744 causo
710 3684 830 3744 nicilum
861 3685 1128 3756 excommunicet,
1158 3707 1214 3745 nec

110 3769 276 3827 anatliema
307 3769 446 3852 imponat
476 3768 542 3826 sine
581 3767 820 3852 Arcbiepiscopi
846 3778 876 3826 et
902 3767 1215 3851 comprovincialium

452 3848 681 3932 Episcoporum
703 3852 874 3924 consensu.)

191 3929 281 3996 LVI.
323 3933 365 3992 Ut
389 3952 482 3992 nemo
508 3933 742 4014 Episcoporum
762 3931 958 4012 quemlibet,
979 3930 1050 3991 sine
1075 3937 1160 3988 certa
1184 3940 1217 3990 et

109 4013 294 4075 manisfesta
321 4015 445 4096 peccati
466 4037 577 4092 causa,
599 4011 827 4076 communione
854 4014 960 4095 privet
992 4011 1216 4079 ecclesiastica.

110 4096 291 4158 Anathema
311 4106 418 4157 autem
437 4097 506 4158 sine
526 4119 683 4160 consensu
700 4093 944 4178 Archiepiscopi
966 4103 1021 4154 aut
1048 4094 1216 4176 Coepisco-

110 4200 245 4258 porum,
266 4180 407 4260 praelata
432 4178 528 4240 etiam
556 4179 741 4262 evangelica
770 4175 1008 4254 admonitione,
1044 4176 1125 4237 nulli
1155 4181 1216 4240 irn-

110 4272 230 4342 pcnat,
253 4262 312 4324 nisi
332 4261 418 4324 unde
435 4263 589 4325 canonica
611 4263 704 4324 docet
723 4263 910 4328 auctoritas.-
941 4259 1017 4344 qnia
1048 4261 1217 4344 anathema
