2658 4978
185 289 218 342 n.
242 287 331 346 cas.
438 284 575 345 neuun
610 283 845 345 uuaucoauu
949 288 1009 359 ssa.
1111 270 1180 344 143

94 427 224 490 stitutum
239 436 287 489 est
307 425 348 492 de
370 425 459 489 falsis
481 425 676 488 monetariis¹
694 426 728 488 iu
753 427 836 488 libro
857 421 918 492 IV.
939 427 1181 510 Capitulorum,

93 507 228 571 XXXIII.
250 509 402 592 capitulo,
424 531 554 570 manum
568 510 692 590 perdat,
709 518 741 569 et
758 519 793 568 ut
808 507 981 590 sacrilegus
1006 532 1041 570 ac
1064 535 1183 594 paupe-

90 613 150 651 rum
169 591 321 672 spoliator
347 591 497 672 publicae
519 591 738 673 poenitentiae
761 588 883 650 indicio
908 591 1081 673 episcopali
1104 597 1181 656 sub-

89 673 211 739 iiciatur.
268 675 307 736 ln
336 673 403 734 illis
433 684 539 733 autem
571 673 758 754 regionibus
790 674 823 732 in
857 672 974 752 quibus
1003 679 1181 752 secundum

87 755 191 836 Legem
221 756 396 816 Romanam
423 755 545 817 iudicia
571 756 798 834 terminantur,
829 754 918 815 iuxta
946 755 1046 838 ipsam
1075 759 1181 843 legem

87 837 244 920 culpabilis
265 838 438 900 iudicetur.
914 889 917 896 .

159 919 248 981 XIV.
291 923 334 980 Ut
365 920 400 980 in
426 918 582 1003 proximis
604 917 761 980 Kalendis
785 917 877 996 Iulii,
906 917 1072 1002 perhanc
1097 921 1181 984 duo-

87 999 232 1062 decimam
258 1003 486 1079 Iudictionem,
508 1001 624 1062 habeat
649 1001 682 1060 iu
711 1000 903 1066 Silvanectis
931 1003 1059 1064 civitate
1083 1027 1181 1066 ianus·

85 1082 211 1164 quisque
238 1086 372 1162 Comes,
394 1085 429 1144 in
453 1085 544 1144 cuius
566 1083 728 1146 Comitatu
747 1094 906 1143 monetam
932 1105 999 1145 esse
1020 1086 1178 1166 iussimus,

85 1166 310 1226 vicecomitem
331 1189 424 1227 suum
452 1189 525 1228 cum
552 1166 677 1226 duobus
699 1165 770 1224 aliis
796 1163 981 1227 homiuibus
1010 1168 1066 1250 qui
1093 1170 1125 1227 iu
1148 1192 1180 1230 e-

83 1246 126 1308 ius
146 1249 308 1309 Comitatu
323 1271 373 1310 res
391 1260 421 1310 et
438 1247 597 1329 mancipia
618 1248 668 1308 vel
687 1245 844 1306 beneficia
866 1247 1013 1325 habeant,
1031 1260 1062 1310 et
1084 1272 1178 1312 suum

83 1331 287 1398 monetarium
312 1353 386 1392 cum
404 1332 481 1413 ipsis
512 1329 648 1390 habeat:
677 1339 834 1410 quatenus
863 1329 908 1396 ibi
938 1331 1097 1413 accipiant
1120 1355 1179 1414 per

83 1433 182 1472 manus
202 1435 276 1474 suas
302 1413 341 1475 de
366 1436 490 1475 camera
515 1421 639 1488 nostra,
673 1413 712 1472 ad
734 1433 813 1492 opus
829 1411 1083 1495 uniuscuiusque
1107 1435 1177 1474 mo-

83 1495 197 1572 netarii,
220 1496 261 1558 de
285 1517 374 1556 mero
395 1503 528 1578 argento
549 1516 623 1554 cum
640 1515 739 1575 pensa
762 1495 859 1554 libras
879 1495 1038 1576 quinque,
1061 1496 1177 1556 utha-

81 1575 143 1636 beat
158 1577 253 1640 nude.
265 1578 394 1638 initium
410 1575 599 1638 monetandi
618 1576 719 1658 possit
739 1575 901 1656 incipere;
925 1585 958 1636 et
976 1599 1106 1659 pensam
1124 1601 1176 1637 ar·-

81 1659 157 1738 genti
179 1681 278 1740 quam
300 1682 340 1722 cx
368 1682 492 1720 camera
510 1667 618 1718 nostra
633 1659 822 1739 acceperit,
847 1679 907 1738 per
929 1679 1042 1728 mauus
1064 1682 1176 1721 eorum

79 1761 129 1821 per
145 1763 221 1823 quas
252 1743 336 1804 illud
362 1743 498 1822 accepit,
522 1739 650 1802 sabbato
669 1750 743 1800 ante
766 1739 892 1802 initium
906 1741 1174 1824 Quadragesimae

80 1823 108 1880 iu
128 1825 297 1886 monetatis
339 1825 478 1886 denariis
504 1823 537 1882 iu
561 1824 704 1904 praefato
724 1822 819 1899 loco,
842 1832 873 1882 et
893 1844 967 1884 cum
985 1823 1052 1906 ipsa
1076 1848 1175 1906 pensa

80 1925 144 1964 cum
163 1928 229 1987 qua
256 1916 423 1987 argentum
449 1914 635 1988 acceperat,
671 1905 892 1988 unusquisque
921 1907 1116 1968 monetarius
1138 1908 1173 1968 iu

79 1997 174 2048 nostra
197 2010 323 2048 camera
337 1989 460 2050 reddat.

148 2071 219 2132 XV.
262 2073 306 2130 Ut
322 2071 436 2148 nullus
457 2067 545 2130 more
573 2068 668 2130 solito
684 2090 742 2150 pro
760 2068 827 2130 ullo
851 2067 943 2129 lucro
965 2071 1016 2130 vel
1040 2071 1172 2141 avaritia

78 2146 132 2211 hoc
152 2152 270 2214 leviter
295 2153 448 2233 accipiat;
482 2152 538 2214 sed
557 2173 668 2212 omnes
691 2151 730 2210 ab
752 2150 828 2231 ipsIs
849 2148 995 2212 kalendis
1018 2154 1093 2214 Iulii
1120 2175 1172 2214 ar-

80 2242 198 2311 gentum
225 2257 320 2296 suum
355 2235 387 2293 in
421 2233 605 2294 constitutis
637 2233 774 2293 monetis
800 2234 1012 2293 concambiari
1041 2236 1172 2314 faciant,

79 2314 205 2378 solentes
225 2318 303 2399 quia
331 2327 403 2399 post
426 2317 553 2376 Missam
575 2316 675 2376 sancti
698 2314 829 2375 Martini
860 2317 944 2376 nulli
969 2315 1023 2376 alii
1045 2318 1171 2379 denarii

79 2394 107 2454 in
126 2418 224 2480 regno
248 2409 368 2474 nostro,
391 2399 452 2458 nisi
475 2398 565 2458 istius
590 2417 691 2457 novae
713 2407 838 2458 nostrae
862 2407 1026 2474 monetae,
1051 2401 1171 2482 recipi-

79 2487 165 2539 entur
182 2490 214 2541 et
237 2481 277 2540 ab
298 2481 374 2563 ipsis
397 2479 545 2540 kalendis
567 2479 645 2540 Iulii
665 2478 726 2560 ipsi
759 2478 835 2540 novi
864 2480 988 2541 denarii
1008 2481 1046 2539 ab
1071 2484 1172 2542 omni·

77 2559 127 2621 bus
149 2563 357 2646 accipiantur.
398 2565 440 2624 Et
462 2563 649 2642 quicunque
670 2561 753 2621 liber
767 2561 863 2622 homo
885 2561 923 2622 ab
945 2561 1015 2642 ipso
1041 2564 1092 2623 die
1117 2565 1171 2624 de-

78 2643 193 2704 narium
223 2667 347 2705 merum
382 2666 484 2706 novae
518 2654 643 2704 nostrae
676 2653 822 2704 monetae
861 2644 893 2702 in
928 2665 1028 2724 regno
1061 2656 1170 2706 nostro

76 2725 227 2805 reiecerit,
250 2727 334 2788 sicut
359 2727 393 2787 iu
418 2727 560 2810 praefato
587 2725 683 2785 Libro
697 2735 729 2786 et
745 2725 893 2806 Capitulo
913 2728 1002 2806 regio
1021 2728 1170 2788 contiue-

77 2815 131 2882 tur‚
151 2809 295 2869 bannum
316 2820 471 2886 nostrum,
495 2808 528 2868 id
549 2818 611 2883 est,
639 2807 757 2867 solidos
787 2808 969 2888 sexaginta,
989 2819 1169 2890 componat.

76 2889 105 2947 si
123 2913 198 2950 vcro
219 2892 304 2952 servi
324 2890 531 2952 ecclesiastici
549 2900 603 2948 aut
618 2888 779 2949 Comitum
797 2899 851 2948 aut
866 2891 1073 2950 vassallorum
1093 2913 1168 2952 nos-

76 2977 188 3032 trorum
203 2973 264 3033 boc
288 2975 394 3036 facere
409 2971 696 3054 praesumpserint,
720 2971 796 3052 quia
819 2971 851 3030 in
872 2974 1016 3052 praefato
1034 2974 1168 3054 Capitu-

76 3050 126 3110 lari
148 3056 336 3116 continetur
361 3064 397 3113 ut
416 3056 579 3136 sexaginta
605 3053 722 3114 ictibus
749 3053 914 3134 vapulent,
942 3066 973 3114 et
997 3054 1056 3114 bac
1075 3079 1168 3116 occa-

75 3132 153 3196 sione
171 3135 335 3198 indiscreti
348 3137 496 3198 homines
517 3137 647 3197 modum
662 3136 696 3193 in
713 3134 887 3216 disciplina
904 3137 1075 3215 faciebant,
1093 3147 1169 3200 con·
1259 3133 1261 3140 ’

74 3214 221 3280 stituimus
254 3241 328 3280 cum
356 3219 519 3280 Fidelium
552 3228 735 3278 nostrorum
766 3239 925 3278 consensu
955 3228 1050 3300 atquc
1085 3244 1166 3282 con-

73 3296 136 3360 silio
171 3309 207 3360 ut
235 3323 503 3382 quorumcunque
533 3300 641 3360 coloni
672 3308 702 3360 ct
735 3300 817 3359 servi
847 3321 906 3380 pro
928 3299 990 3360 hoc
1024 3305 1166 3365 convicti

72 3379 196 3460 fuerint,
218 3405 284 3443 non
308 3405 382 3442 cum
401 3405 508 3463 grosso
534 3384 636 3460 fuste,
667 3381 722 3440 sed
745 3381 824 3441 nudi
848 3403 921 3440 cum
945 3383 1040 3464 virgis
1068 3408 1167 3466 vapu-

74 3459 149 3536 leut;
180 3475 212 3525 et
235 3465 268 3524 iu
295 3466 479 3528 civitatibus
503 3476 599 3544 atquc
626 3463 707 3526 vicis
730 3484 787 3522 seu
811 3462 897 3522 villis
925 3464 1078 3545 Episcopi
1108 3488 1166 3547 per

79 3565 141 3606 suos
162 3547 339 3625 ministros,
362 3549 412 3607 vel
434 3548 651 3628 Presbyteros,
674 3544 909 3628 providentiam
925 3566 1083 3606 unacum
1104 3548 1166 3608 rei-

73 3628 207 3705 publicae
245 3630 398 3690 ministris
432 3629 594 3710 accipiant
631 3649 670 3686 ne
702 3636 733 3686 et
770 3626 803 3684 in
833 3625 893 3686 hac
926 3647 1019 3688 causa
1050 3631 1164 3690 modus

74 3707 248 3794 disciplinae
277 3712 557 3793 tramgrediiutur,
587 3709 643 3772 sed
664 3708 772 3770 taliter
798 3708 852 3766 fiat
876 3707 1016 3789 qualiter
1045 3721 1077 3768 et
1108 3711 1165 3771 ho-

73 3791 160 3862 mines
190 3795 403 3876 castigentur,
441 3803 474 3854 et
503 3793 592 3874 quasi
618 3813 676 3871 pro
702 3790 881 3848 intentione
909 3790 960 3848 vel
996 3793 1162 3854 occasione

74 3875 274 3958 castigationis
310 3875 512 3955 disciplinam
543 3877 722 3949 lenientes,
754 3881 919 3952 peccatum
949 3893 1013 3931 non
1051 3874 1163 3935 incur-

73 3967 147 4030 rant,
179 3970 212 4019 et
237 3957 440 4037 disciplinam
466 3958 660 4019 sustinentes
687 3955 720 4013 in
743 3975 878 4036 corpore
904 3974 961 4014 suo
989 3953 1162 4018 debiliores

73 4054 126 4096 non
147 4040 231 4099 liant.
254 4041 370 4116 ¹Quod
391 4039 417 4099 si
445 4041 516 4120 quis
538 4040 599 4099 hoc
615 4038 797 4096 mandatum
821 4045 963 4096 nostrum
983 4045 1160 4119 transgres-

72 4137 114 4178 sus
137 4123 250 4198 fuerit,
282 4121 373 4182 nobis
397 4121 434 4180 ab
457 4122 624 4204 Episcopis
652 4119 837 4190 nuntietur;
868 4128 1027 4199 quatenus
1053 4121 1160 4180 taliter

72 4203 227 4287 castigetur
249 4225 289 4266 ue
307 4204 458 4288 deinceps
481 4205 667 4266 mandatum
681 4209 825 4284 nostrum
841 4221 1035 4286 quemquam
1050 4203 1173 4265 deleo-t
