2746 4992
167 294 242 369 ffit)
601 285 828 364 'emensum

169 457 283 538 Anima
299 473 375 531 quae
398 445 606 532 saperbiendo
627 437 810 508 ‘mandatam
837 443 966 506 Domini
991 454 1183 518 transgresso
1194 439 1262 520 sue-

171 541 237 610 rit,
263 535 437 618 peribitde
458 534 574 616 populo
602 550 668 596 suo,
711 529 795 588 Hine
818 525 975 586 Dominus
1009 524 1042 581 in
1072 524 1260 603 Evangelio:
1347 591 1348 596 ἵ

172 622 236 702 Qui
257 641 308 678 vos
335 619 474 698 spernit,
498 635 545 672 me
561 613 690 694 spernit.
710 611 752 670 Et
768 612 892 692 Moyses
912 605 1151 666 contumacibus
1171 607 1259 666 dicit:

169 704 241 761 Il'on
259 713 368 759 contra
388 721 434 756 rae
458 710 503 756 est
527 714 668 755 nzurmur
698 706 836 752 vestrum
845 737 857 763 ,
881 689 938 749 sed
956 700 1067 750 contra
1089 689 1262 751 Dominum.

167 783 211 844 Et
225 769 402 844 Datbariet
415 779 535 839 Abiron
558 777 623 838 vivi
643 776 782 858 absorpti
804 784 896 849 sunt,
924 771 1000 854 quia
1021 768 1261 831 insurrexerunt

169 867 322 926 adversus
356 865 495 922 eundem
525 863 676 942 Moysen,
706 857 830 918 eteius
856 855 1043 915 mandatum
1069 863 1262 936 spreverunt.

168 949 210 1012 Et
228 947 300 1008 ideo
318 945 380 1007 tale
395 947 501 1006 scelus
517 942 699 1026 gravissime
714 939 946 1002 vindicandum
969 945 1026 1000 est.

169 1054 218 1114 Ne
242 1051 400 1133 nzuucipio
421 1049 631 1109 ecclesiastica
648 1049 682 1104 in
696 1045 865 1104 secularem
882 1043 1060 1103 servitutem
1074 1041 1261 1122 redigantur.

460 1131 516 1191 Ex
534 1129 684 1214 Capitulis
704 1127 748 1188 ad
775 1127 978 1192 Curisiacum,

252 1237 330 1306 XII.
374 1240 532 1300 Iniustum
550 1237 677 1300 videtur
696 1245 728 1296 et
742 1235 874 1317 impium
892 1245 928 1296 ut
951 1238 1112 1322 mancipia
1134 1259 1215 1318 qnae
1229 1235 1262 1298 fi-

168 1325 260 1388 deles
296 1323 360 1386 viri
396 1345 450 1384 seu
476 1322 613 1386 sominae
641 1341 700 1401 pro
726 1318 870 1378 remedio
899 1320 1023 1380 animae
1043 1343 1118 1383 suae
1146 1323 1214 1380 Deo
1238 1330 1265 1381 et

169 1407 300 1470 Sanctis
321 1406 390 1466 eius
409 1410 656 1478 consecrarunt,
680 1400 900 1480 cuiuscunque
920 1404 1074 1482 muneris,
1096 1401 1203 1486 pretii,
1218 1404 1264 1464 vel

170 1489 428 1554 commutationis
453 1485 645 1548 commercio
673 1485 789 1544 iterum
813 1482 847 1542 in
879 1486 1057 1546 secularem
1083 1487 1265 1548 servitutem

169 1575 378 1652 redigantur,
414 1593 487 1631 eum
511 1567 675 1630 Canonica
698 1567 868 1626 auctoritas
889 1589 994 1628 servos
1023 1570 1179 1650 fugitivos
1199 1577 1264 1626 tan-

168 1650 334 1719 tummodo
356 1653 488 1714 distrahi
508 1651 678 1734 permittat.
721 1652 762 1710 Et
778 1649 851 1708 ideo
869 1671 978 1710 omnes
994 1651 1147 1712 Rectores
1162 1651 1266 1710 Eccle-

170 1742 291 1799 siarnm
311 1758 510 1818 snnnnopore
543 1742 680 1794 caveant
710 1753 750 1791 ne
782 1731 880 1793 unius
906 1735 1110 1816 eleemosyna
1140 1734 1266 1796 alterius

166 1833 334 1902 peccatum
362 1820 422 1880 fiat.
465 1819 554 1878 Sicut
571 1816 657 1876 enim
680 1816 834 1874 indecens
856 1825 902 1874 est
919 1825 955 1874 ut
973 1840 1013 1878 ex
1033 1819 1137 1877 libero
1157 1837 1263 1876 servus

168 1907 241 1980 liat,
264 1906 309 1961 sic
326 1902 498 1962 absurdum
519 1910 555 1960 ut
574 1917 619 1960 ex·
632 1898 846 1958 ecclesiastica
862 1897 1015 1980 dignitate
1042 1922 1155 1964 servus
1181 1899 1266 1961 deci-

171 1988 250 2048 dens
272 1985 429 2048 lunnanae
449 1983 609 2044 obnoxius
627 1982 667 2042 sit
684 1980 841 2045 servituti,

318 2139 322 2148 .
489 2089 537 2148 De
558 2087 713 2164 sortilegis
735 2098 765 2143 et
785 2086 951 2148 sortiariis.

249 2170 346 2233 Xlll.
390 2174 432 2232 Ut
455 2170 607 2252 Episcopi
632 2169 928 2250 Episcoporumque
957 2168 1095 2232 ministri
1122 2171 1266 2234 omnihus

170 2254 291 2313 viribus
314 2255 486 2322 elaborare,
506 2256 658 2314 studeant
683 2261 719 2310 ut
739 2250 954 2332 perniciosam
975 2262 1005 2312 et
1026 2277 1044 2312 a
1071 2254 1199 2314 diabolo
1220 2255 1266 2312 in-

167 2347 295 2400 uentam
320 2338 502 2416 sortilegam
523 2346 554 2396 et
574 2332 750 2394 maleficam
770 2345 869 2392 artem
897 2335 1025 2414 penitus
1048 2357 1086 2396 ex
1111 2335 1267 2417 parochiis

160 2409 233 2483 ‘suis
255 2421 406 2494 eradant,
426 2419 500 2480 etsi
520 2417 660 2497 aliquem
679 2417 782 2476 uirum
803 2425 858 2474 aut
877 2417 1028 2477 seminam
1046 2417 1267 2480 huiuscemodi

168 2503 301 2576 sceleris
321 2512 508 2564 sectatorem
523 2499 720 2573 inuenerint,
739 2498 878 2578 turpiter
897 2499 1141 2562 dehonestatum
1163 2503 1204 2562 de
1220 2523 1268 2582 pa-

168 2584 289 2662 rochiis
313 2583 533 2646 suis-eiciant.
574 2581 737 2642 Aitenirn
758 2578 945 2660 Apostolus:
973 2582 1179 2644 Haereticam
1201 2596 1269 2665 post
1346 2627 1347 2668 ι

169 2689 263 2728 unam
291 2679 320 2725 et
347 2665 512 2726 seeundum
530 2661 772 2724 admonitionem
789 2663 905 2731 devitas
929 2666 1029 2724 sciens
1052 2668 1128 2747 quio
1145 2667 1269 2726 subaer-

168 2770 220 2811 sus
240 2764 286 2808 est
313 2751 367 2828 qai
392 2747 545 2808 eiusmodi
567 2759 620 2810 est.
671 2745 823 2808 Subversi
848 2754 976 2806 suntet
1002 2770 1019 2805 a
1044 2748 1178 2812 diabolo
1198 2771 1269 2830 eap-

169 2833 196 2891 ti
221 2842 377 2896 tenentur
406 2830 485 2912 qui,
508 2827 663 2889 derelicto
690 2831 840 2889 Creatore
867 2850 935 2905 suo,
958 2827 977 2888 b
1006 2830 1134 2890 diabolo
1160 2829 1267 2890 suffra·

171 2913 221 2994 gia
247 2925 417 2992 (perierunt.
480 2913 522 2971 Et
552 2909 630 2971 ideo
656 2933 673 2969 a
695 2911 752 2970 tali
775 2919 862 2992 poste
883 2911 1032 2972 mundari
1064 2913 1161 2972 debet
1180 2934 1269 2972 sanc·

170 3006 202 3056 ta
225 2997 379 3056 Ecclesia.
421 2995 510 3068 lllad
532 2995 627 3054 etiam
651 3015 716 3052 non
743 2993 966 3070 omittendum,
989 2995 1146 3075 quaedam
1168 2996 1268 3056 scele-

169 3086 257 3137 ratae
280 3079 433 3142 mulieres
461 3087 548 3138 retro
578 3085 649 3158 post
675 3079 822 3138 Satanam
849 3098 1044 3153 conversae,
1080 3077 1270 3138 daemonum

110 3179 113 3186 ·
166 3159 374 3222 allusionibus
399 3171 433 3222 et
454 3158 724 3240 phantasmatibus
742 3159 902 3233 seductae,
929 3160 1068 3219 credunt
1091 3182 1125 3220 se
1151 3172 1184 3221 et
1201 3181 1270 3242 pro-

168 3243 303 3304 fitentur
331 3243 498 3304 nocturnis
521 3243 608 3302 horis
634 3263 707 3302 curn
730 3240 843 3318 Diana,
865 3243 1066 3323 Paganorum
1085 3244 1165 3320 Dea,
1187 3253 1220 3304 et
1239 3243 1270 3300 in

168 3336 334 3389 numerata
368 3325 575 3388 multitudine
607 3324 781 3386 mulierum
813 3323 957 3406 equitare
990 3345 1087 3406 super
1121 3326 1270 3405 quasdam

167 3407 295 3486 bestias,
318 3418 349 3471 et
369 3410 469 3470 multa
492 3417 648 3466 terrarum
671 3406 770 3486 spatia
790 3405 997 3488 intempestae
1021 3405 1123 3467 noctis
1143 3407 1271 3468 silentio

168 3491 377 3575 pertransire,
401 3492 535 3570 eiusque
559 3489 754 3550 iussionibus
781 3490 872 3551 velut
901 3487 1050 3549 dominae
1079 3489 1222 3566 obedire,
1244 3497 1273 3551 et

170 3570 268 3635 certis
295 3574 441 3634 noctibus
466 3573 505 3632 ad
528 3573 596 3634 eius
617 3572 781 3634 servitium
806 3571 941 3634 evocari.
983 3571 1048 3632 Sed
1072 3572 1195 3633 utinam
1214 3571 1274 3632 hae

169 3658 256 3718 solae
282 3657 315 3714 in
341 3656 475 3738 perlidia
497 3677 553 3716 suu
572 3656 741 3737 perissent,
764 3663 796 3716 et
817 3676 883 3714 non
906 3653 1023 3714 multos
1047 3675 1157 3715 secum
1175 3656 1210 3714 in
1229 3654 1275 3712 in·

168 3737 332 3799 fidelitatis
348 3738 515 3799 interitum
536 3737 784 3820 pertraxissent·
814 3738 893 3798 Nam
914 3737 1083 3796 innumera
1101 3737 1271 3800 multitudo
1345 3739 1346 3746 ’

167 3822 229 3883 hac
250 3821 494 3903 falsaopionine
509 3821 652 3902 decepta,
673 3821 754 3880 haec
774 3841 846 3880 vera
860 3841 926 3879 esse
952 3819 1065 3896 credit,
1088 3830 1120 3880 ct
1135 3821 1270 3882 ereden—
1345 3871 1346 3874 ,

169 3906 211 3966 (10
238 3928 254 3964 a
280 3914 366 3964 recta
393 3903 455 3964 fide
484 3903 611 3972 deviat3
643 3912 674 3962 et
692 3902 726 3960 in
751 3923 892 3962 errorem
913 3902 1269 3982 Paganorumrcvolvi-

167 3997 241 4066 tur„
256 4010 329 4051 cum
348 3985 473 4067 aliquid
497 3984 671 4046 divinitatis
692 3994 748 4045 aut
768 3983 909 4044 numinis
935 3993 1023 4045 extra
1049 4006 1150 4044 unum
1168 3988 1269 4046 Deum

167 4091 236 4130 esse
261 4071 442 4143 arbitratur.
493 4061 698 4148 Quapropter
722 4067 908 4127 Sacerdotes
933 4086 991 4146 per
1019 4065 1182 4128 Ecclesias
1212 4068 1270 4130 sibi

167 4153 347 4232 commissas
372 4153 494 4234 populo
516 4174 590 4212 cum
612 4151 700 4210 omni
725 4148 876 4212 instantia
897 4149 1082 4232 praedicare
1100 4150 1221 4212 debent
1237 4163 1270 4210 ut

167 4237 320 4312 noverint
347 4236 426 4300 baec
449 4233 640 4302 omnimodis
664 4235 742 4298 falsa
765 4254 842 4311 ease,
867 4241 897 4294 et
920 4253 1019 4295 nona
1042 4231 1154 4298 divino
1178 4233 1233 4298 sed
1252 4255 1267 4292 a
