<?xml version="1.0" encoding="UTF-8"?>
<!DOCTYPE html PUBLIC "-//W3C//DTD XHTML 1.0 Transitional//EN"
    "http://www.w3.org/TR/xhtml1/DTD/xhtml1-transitional.dtd">
<html xmlns="http://www.w3.org/1999/xhtml" xml:lang="en" lang="en">
 <head>
  <title>
</title>
<meta http-equiv="Content-Type" content="text/html;charset=utf-8" />
  <meta name='ocr-system' content='tesseract 3.04.00' />
  <meta name='ocr-capabilities' content='ocr_page ocr_carea ocr_par ocr_line ocrx_word'/>
</head>
<body>
  <div class='ocr_page' id='page_1' title='image "./corpusiurisgerm01visigoog_0382.png"; bbox 0 0 2712 4992; ppageno 0'>
   <div class='ocr_carea' id='block_1_1' title="bbox 549 279 1179 370">
    <p class='ocr_par' dir='ltr' id='par_1_1' title="bbox 549 279 1179 370">
     <span class='ocr_line' id='line_1_1' title="bbox 549 279 1179 370; baseline 0.005 -9"><span class='ocrx_word' id='word_1_1' title='bbox 549 290 729 362; x_wconf 68' lang='lat' dir='ltr'><strong>nascatur</strong></span> <span class='ocrx_word' id='word_1_2' title='bbox 776 295 780 308; x_wconf 92' lang='grc'><strong>’</strong></span> <span class='ocrx_word' id='word_1_3' title='bbox 1110 279 1179 370; x_wconf 81' lang='grc' dir='ltr'><strong>371Ι</strong></span> 
     </span>
    </p>
   </div>
   <div class='ocr_carea' id='block_1_2' title="bbox 70 445 1204 678">
    <p class='ocr_par' dir='ltr' id='par_1_2' title="bbox 70 445 1204 678">
     <span class='ocr_line' id='line_1_2' title="bbox 70 445 1204 536; baseline 0.004 -26"><span class='ocrx_word' id='word_1_4' title='bbox 70 447 141 510; x_wconf 84' lang='lat' dir='ltr'><strong>suh</strong></span> <span class='ocrx_word' id='word_1_5' title='bbox 165 447 349 531; x_wconf 73' lang='lat' dir='ltr'><strong>signaculis.</strong></span> <span class='ocrx_word' id='word_1_6' title='bbox 389 447 432 510; x_wconf 80' lang='lat' dir='ltr'><strong>Et</strong></span> <span class='ocrx_word' id='word_1_7' title='bbox 455 447 535 511; x_wconf 87' lang='lat' dir='ltr'><strong>haec</strong></span> <span class='ocrx_word' id='word_1_8' title='bbox 558 453 642 530; x_wconf 86' lang='lat' dir='ltr'><strong>gesta</strong></span> <span class='ocrx_word' id='word_1_9' title='bbox 665 445 825 528; x_wconf 89' lang='lat' dir='ltr'><strong>quomodo</strong></span> <span class='ocrx_word' id='word_1_10' title='bbox 843 454 890 510; x_wconf 87' lang='lat' dir='ltr'><strong>est</strong></span> <span class='ocrx_word' id='word_1_11' title='bbox 910 452 1100 536; x_wconf 87' lang='lat' dir='ltr'><strong>conscripta,</strong></span> <span class='ocrx_word' id='word_1_12' title='bbox 1120 473 1204 515; x_wconf 65' lang='lat' dir='ltr'><strong>ma·</strong></span> 
     </span>
     <span class='ocr_line' id='line_1_3' title="bbox 72 529 1181 620; baseline 0.008 -29"><span class='ocrx_word' id='word_1_13' title='bbox 72 553 127 592; x_wconf 83' lang='lat' dir='ltr'><strong>nu</strong></span> <span class='ocrx_word' id='word_1_14' title='bbox 155 551 269 594; x_wconf 88' lang='lat' dir='ltr'><strong>eorum</strong></span> <span class='ocrx_word' id='word_1_15' title='bbox 286 530 444 610; x_wconf 87' lang='lat' dir='ltr'><strong>roborata,</strong></span> <span class='ocrx_word' id='word_1_16' title='bbox 471 530 584 594; x_wconf 80' lang='lat' dir='ltr'><strong>cirisi</strong></span> <span class='ocrx_word' id='word_1_17' title='bbox 610 529 729 592; x_wconf 85' lang='lat' dir='ltr'><strong>fuimns</strong></span> <span class='ocrx_word' id='word_1_18' title='bbox 752 529 940 610; x_wconf 80' lang='lat' dir='ltr'>tradidisse,</span> <span class='ocrx_word' id='word_1_19' title='bbox 975 533 1181 620; x_wconf 77' lang='lat' dir='ltr'><strong>stipulatione</strong></span> 
     </span>
     <span class='ocr_line' id='line_1_4' title="bbox 71 613 395 678; baseline 0.006 -2"><span class='ocrx_word' id='word_1_20' title='bbox 71 613 229 676; x_wconf 84' lang='lat' dir='ltr'><strong>subnixa.</strong></span> <span class='ocrx_word' id='word_1_21' title='bbox 270 613 395 678; x_wconf 83' lang='lat' dir='ltr'><strong>Actum.</strong></span> 
     </span>
    </p>
   </div>
   <div class='ocr_carea' id='block_1_3' title="bbox 553 712 782 835">
    <p class='ocr_par' dir='ltr' id='par_1_3' title="bbox 553 712 782 835">
     <span class='ocr_line' id='line_1_5' title="bbox 553 712 782 835; baseline 0 -25"><span class='ocrx_word' id='word_1_22' title='bbox 553 747 707 835; x_wconf 81' lang='lat' dir='ltr'><strong>Epistola.</strong></span> <span class='ocrx_word' id='word_1_23' title='bbox 762 712 782 720; x_wconf 25' lang='grc' dir='ltr'><strong><em>Ν</em></strong></span> 
     </span>
    </p>
   </div>
   <div class='ocr_carea' id='block_1_4' title="bbox 78 824 1182 949">
    <p class='ocr_par' dir='ltr' id='par_1_4' title="bbox 78 824 1182 949">
     <span class='ocr_line' id='line_1_6' title="bbox 78 824 1182 949; baseline 0.016 -33"><span class='ocrx_word' id='word_1_24' title='bbox 78 909 81 916; x_wconf 88' lang='grc'>,</span> <span class='ocrx_word' id='word_1_25' title='bbox 163 863 231 926; x_wconf 84' lang='lat' dir='ltr'><strong>LV.</strong></span> <span class='ocrx_word' id='word_1_26' title='bbox 272 824 443 946; x_wconf 81' lang='lat' dir='ltr'><strong>Magnifica</strong></span> <span class='ocrx_word' id='word_1_27' title='bbox 468 863 570 926; x_wconf 85' lang='lat' dir='ltr'><strong>amico</strong></span> <span class='ocrx_word' id='word_1_28' title='bbox 599 877 678 928; x_wconf 67' lang='lat' dir='ltr'><strong>ment</strong></span> <span class='ocrx_word' id='word_1_29' title='bbox 698 865 775 942; x_wconf 90' lang='lat' dir='ltr'><strong>illo,</strong></span> <span class='ocrx_word' id='word_1_30' title='bbox 808 885 867 948; x_wconf 79' lang='lat' dir='ltr'><strong>ego</strong></span> <span class='ocrx_word' id='word_1_31' title='bbox 895 865 966 929; x_wconf 58' lang='lat' dir='ltr'><strong>illel</strong></span> <span class='ocrx_word' id='word_1_32' title='bbox 1003 869 1182 949; x_wconf 77' lang='lat' dir='ltr'><strong>cognoscas</strong></span> 
     </span>
    </p>
   </div>
   <div class='ocr_carea' id='block_1_5' title="bbox 73 939 1353 1031">
    <p class='ocr_par' dir='ltr' id='par_1_5' title="bbox 73 939 1353 1031">
     <span class='ocr_line' id='line_1_7' title="bbox 73 939 1353 1031; baseline 0.005 -24"><span class='ocrx_word' id='word_1_33' title='bbox 73 947 173 1008; x_wconf 85' lang='lat' dir='ltr'><strong>iuxta</strong></span> <span class='ocrx_word' id='word_1_34' title='bbox 192 944 426 1013; x_wconf 86' lang='lat' dir='ltr'><strong>iniunctionem</strong></span> <span class='ocrx_word' id='word_1_35' title='bbox 443 951 546 1023; x_wconf 80' lang='lat' dir='ltr'><strong>taam,</strong></span> <span class='ocrx_word' id='word_1_36' title='bbox 568 958 678 1031; x_wconf 86' lang='lat' dir='ltr'><strong>utper</strong></span> <span class='ocrx_word' id='word_1_37' title='bbox 699 958 789 1008; x_wconf 87' lang='lat' dir='ltr'><strong>tuum</strong></span> <span class='ocrx_word' id='word_1_38' title='bbox 812 950 995 1009; x_wconf 86' lang='lat' dir='ltr'><strong>mandatum</strong></span> <span class='ocrx_word' id='word_1_39' title='bbox 1019 952 1098 1010; x_wconf 88' lang='lat' dir='ltr'><strong>mihi</strong></span> <span class='ocrx_word' id='word_1_40' title='bbox 1127 977 1183 1016; x_wconf 88' lang='lat' dir='ltr'><strong>ro·</strong></span> <span class='ocrx_word' id='word_1_41' title='bbox 1263 956 1265 962; x_wconf 79' lang='grc'><em>’</em></span> <span class='ocrx_word' id='word_1_42' title='bbox 1352 939 1353 982; x_wconf 58' lang='lat' dir='ltr'><strong>l</strong></span> 
     </span>
    </p>
   </div>
   <div class='ocr_carea' id='block_1_6' title="bbox 75 1027 1184 1770">
    <p class='ocr_par' dir='ltr' id='par_1_6' title="bbox 75 1027 1184 1770">
     <span class='ocr_line' id='line_1_8' title="bbox 75 1027 1183 1116; baseline 0.006 -28"><span class='ocrx_word' id='word_1_43' title='bbox 75 1027 182 1112; x_wconf 83' lang='lat' dir='ltr'><strong>gasti,</strong></span> <span class='ocrx_word' id='word_1_44' title='bbox 204 1028 245 1088; x_wconf 90' lang='lat' dir='ltr'><strong>ad</strong></span> <span class='ocrx_word' id='word_1_45' title='bbox 264 1027 322 1087; x_wconf 89' lang='lat' dir='ltr'><strong>illa</strong></span> <span class='ocrx_word' id='word_1_46' title='bbox 348 1027 477 1092; x_wconf 82' lang='lat' dir='ltr'><strong>civitate</strong></span> <span class='ocrx_word' id='word_1_47' title='bbox 494 1031 534 1091; x_wconf 93' lang='lat' dir='ltr'><strong>ad</strong></span> <span class='ocrx_word' id='word_1_48' title='bbox 554 1029 612 1091; x_wconf 93' lang='lat' dir='ltr'><strong>illo</strong></span> <span class='ocrx_word' id='word_1_49' title='bbox 632 1031 801 1092; x_wconf 88' lang='lat' dir='ltr'><strong>defensore</strong></span> <span class='ocrx_word' id='word_1_50' title='bbox 815 1031 866 1090; x_wconf 86' lang='lat' dir='ltr'><strong>rel</strong></span> <span class='ocrx_word' id='word_1_51' title='bbox 885 1031 973 1092; x_wconf 89' lang='lat' dir='ltr'><strong>curia</strong></span> <span class='ocrx_word' id='word_1_52' title='bbox 988 1034 1116 1114; x_wconf 88' lang='lat' dir='ltr'><strong>publica</strong></span> <span class='ocrx_word' id='word_1_53' title='bbox 1138 1037 1183 1116; x_wconf 89' lang='lat' dir='ltr'><strong>ip·</strong></span> 
     </span>
     <span class='ocr_line' id='line_1_9' title="bbox 76 1109 1183 1194; baseline 0.003 -20"><span class='ocrx_word' id='word_1_54' title='bbox 76 1113 148 1174; x_wconf 87' lang='lat' dir='ltr'><strong>sius</strong></span> <span class='ocrx_word' id='word_1_55' title='bbox 170 1109 309 1172; x_wconf 79' lang='lat' dir='ltr'><strong>civitatis</strong></span> <span class='ocrx_word' id='word_1_56' title='bbox 321 1131 371 1171; x_wconf 90' lang='lat' dir='ltr'><strong>me</strong></span> <span class='ocrx_word' id='word_1_57' title='bbox 387 1113 575 1188; x_wconf 78' lang='lat' dir='ltr'><strong>accessisse,</strong></span> <span class='ocrx_word' id='word_1_58' title='bbox 597 1122 628 1174; x_wconf 90' lang='lat' dir='ltr'><strong>et</strong></span> <span class='ocrx_word' id='word_1_59' title='bbox 645 1111 728 1172; x_wconf 88' lang='lat' dir='ltr'><strong>hanc</strong></span> <span class='ocrx_word' id='word_1_60' title='bbox 744 1111 935 1190; x_wconf 76' lang='lat' dir='ltr'><strong>chartolam,</strong></span> <span class='ocrx_word' id='word_1_61' title='bbox 957 1135 1020 1194; x_wconf 90' lang='lat' dir='ltr'><strong>qna</strong></span> <span class='ocrx_word' id='word_1_62' title='bbox 1035 1111 1183 1179; x_wconf 64' lang='lat' dir='ltr'><strong>&#39;infantes</strong></span> 
     </span>
     <span class='ocr_line' id='line_1_10' title="bbox 78 1191 1183 1276; baseline 0.005 -23"><span class='ocrx_word' id='word_1_63' title='bbox 78 1201 173 1270; x_wconf 88' lang='lat' dir='ltr'><strong>tuos,</strong></span> <span class='ocrx_word' id='word_1_64' title='bbox 195 1191 284 1273; x_wconf 90' lang='lat' dir='ltr'><strong>quod</strong></span> <span class='ocrx_word' id='word_1_65' title='bbox 301 1193 461 1254; x_wconf 77' lang='lat' dir='ltr'><strong>naturales</strong></span> <span class='ocrx_word' id='word_1_66' title='bbox 487 1203 579 1271; x_wconf 87' lang='lat' dir='ltr'><strong>sunt,</strong></span> <span class='ocrx_word' id='word_1_67' title='bbox 602 1193 799 1276; x_wconf 87' lang='lat' dir='ltr'><strong>inlegitima</strong></span> <span class='ocrx_word' id='word_1_68' title='bbox 812 1193 991 1258; x_wconf 88' lang='lat' dir='ltr'><strong>hereditate</strong></span> <span class='ocrx_word' id='word_1_69' title='bbox 1006 1200 1183 1259; x_wconf 87' lang='lat' dir='ltr'><strong>secundum</strong></span> 
     </span>
     <span class='ocr_line' id='line_1_11' title="bbox 80 1273 1184 1361; baseline 0.005 -26"><span class='ocrx_word' id='word_1_70' title='bbox 80 1275 194 1358; x_wconf 82' lang='lat' dir='ltr'><strong>legem</strong></span> <span class='ocrx_word' id='word_1_71' title='bbox 212 1273 398 1352; x_wconf 72' lang='lat' dir='ltr'><strong>instituisti,</strong></span> <span class='ocrx_word' id='word_1_72' title='bbox 420 1275 503 1336; x_wconf 88' lang='lat' dir='ltr'><strong>sicut</strong></span> <span class='ocrx_word' id='word_1_73' title='bbox 518 1275 551 1336; x_wconf 91' lang='lat' dir='ltr'><strong>in</strong></span> <span class='ocrx_word' id='word_1_74' title='bbox 568 1277 635 1359; x_wconf 87' lang='lat' dir='ltr'><strong>ipsa</strong></span> <span class='ocrx_word' id='word_1_75' title='bbox 651 1274 795 1337; x_wconf 88' lang='lat' dir='ltr'><strong>chartola</strong></span> <span class='ocrx_word' id='word_1_76' title='bbox 809 1283 873 1336; x_wconf 89' lang='lat' dir='ltr'><strong>tam</strong></span> <span class='ocrx_word' id='word_1_77' title='bbox 899 1277 938 1338; x_wconf 88' lang='lat' dir='ltr'><strong>de</strong></span> <span class='ocrx_word' id='word_1_78' title='bbox 966 1277 1062 1340; x_wconf 89' lang='lat' dir='ltr'><strong>rebus</strong></span> <span class='ocrx_word' id='word_1_79' title='bbox 1088 1302 1184 1361; x_wconf 87' lang='lat' dir='ltr'><strong>quam</strong></span> 
     </span>
     <span class='ocr_line' id='line_1_12' title="bbox 81 1355 1184 1442; baseline 0.005 -26"><span class='ocrx_word' id='word_1_80' title='bbox 81 1356 174 1420; x_wconf 87' lang='lat' dir='ltr'><strong>etde</strong></span> <span class='ocrx_word' id='word_1_81' title='bbox 192 1356 260 1437; x_wconf 83' lang='lat' dir='ltr'><strong>ipsa</strong></span> <span class='ocrx_word' id='word_1_82' title='bbox 277 1355 411 1416; x_wconf 79' lang='lat' dir='ltr'><strong>munera</strong></span> <span class='ocrx_word' id='word_1_83' title='bbox 431 1357 471 1418; x_wconf 91' lang='lat' dir='ltr'><strong>ad</strong></span> <span class='ocrx_word' id='word_1_84' title='bbox 486 1357 585 1440; x_wconf 88' lang='lat' dir='ltr'><strong>ipsius</strong></span> <span class='ocrx_word' id='word_1_85' title='bbox 602 1358 740 1418; x_wconf 87' lang='lat' dir='ltr'><strong>infantes</strong></span> <span class='ocrx_word' id='word_1_86' title='bbox 767 1357 974 1437; x_wconf 85' lang='lat' dir='ltr'><strong>continetur,</strong></span> <span class='ocrx_word' id='word_1_87' title='bbox 997 1361 1091 1442; x_wconf 86' lang='lat' dir='ltr'><strong>gestis</strong></span> <span class='ocrx_word' id='word_1_88' title='bbox 1112 1384 1184 1422; x_wconf 88' lang='lat' dir='ltr'><strong>mn·</strong></span> 
     </span>
     <span class='ocr_line' id='line_1_13' title="bbox 81 1437 1183 1525; baseline 0.005 -27"><span class='ocrx_word' id='word_1_89' title='bbox 81 1437 280 1520; x_wconf 90' lang='lat' dir='ltr'><strong>nicipalibus</strong></span> <span class='ocrx_word' id='word_1_90' title='bbox 294 1437 383 1498; x_wconf 83' lang='lat' dir='ltr'><strong>iuxta</strong></span> <span class='ocrx_word' id='word_1_91' title='bbox 403 1459 523 1500; x_wconf 85' lang='lat' dir='ltr'><strong>morem</strong></span> <span class='ocrx_word' id='word_1_92' title='bbox 556 1449 588 1504; x_wconf 91' lang='lat' dir='ltr'><strong>et</strong></span> <span class='ocrx_word' id='word_1_93' title='bbox 615 1439 882 1502; x_wconf 88' lang='lat' dir='ltr'><strong>consuetudinem</strong></span> <span class='ocrx_word' id='word_1_94' title='bbox 907 1441 1060 1524; x_wconf 80' lang='lat' dir='ltr'><strong>allegasse</strong></span> <span class='ocrx_word' id='word_1_95' title='bbox 1086 1453 1183 1525; x_wconf 89' lang='lat' dir='ltr'><strong>atque</strong></span> 
     </span>
     <span class='ocr_line' id='line_1_14' title="bbox 80 1519 1183 1606; baseline 0.004 -26"><span class='ocrx_word' id='word_1_96' title='bbox 80 1519 226 1582; x_wconf 83' lang='lat' dir='ltr'><strong>firmasse</strong></span> <span class='ocrx_word' id='word_1_97' title='bbox 248 1541 438 1602; x_wconf 80' lang='lat' dir='ltr'><strong>cognoscas,</strong></span> <span class='ocrx_word' id='word_1_98' title='bbox 461 1522 549 1582; x_wconf 90' lang='lat' dir='ltr'><strong>etde</strong></span> <span class='ocrx_word' id='word_1_99' title='bbox 568 1521 789 1606; x_wconf 89' lang='lat' dir='ltr'><strong>persecutione</strong></span> <span class='ocrx_word' id='word_1_100' title='bbox 811 1521 988 1599; x_wconf 87' lang='lat' dir='ltr'><strong>celebrata,</strong></span> <span class='ocrx_word' id='word_1_101' title='bbox 1009 1525 1097 1605; x_wconf 91' lang='lat' dir='ltr'><strong>quod</strong></span> <span class='ocrx_word' id='word_1_102' title='bbox 1120 1527 1183 1584; x_wconf 90' lang='lat' dir='ltr'><strong>mi-</strong></span> 
     </span>
     <span class='ocr_line' id='line_1_15' title="bbox 77 1601 1184 1690; baseline 0.007 -28"><span class='ocrx_word' id='word_1_103' title='bbox 77 1601 116 1662; x_wconf 91' lang='lat' dir='ltr'><strong>hi</strong></span> <span class='ocrx_word' id='word_1_104' title='bbox 132 1601 274 1684; x_wconf 84' lang='lat' dir='ltr'><strong>rogasti,</strong></span> <span class='ocrx_word' id='word_1_105' title='bbox 295 1601 472 1665; x_wconf 85' lang='lat' dir='ltr'><strong>rescribere</strong></span> <span class='ocrx_word' id='word_1_106' title='bbox 496 1605 549 1669; x_wconf 84' lang='lat' dir='ltr'><strong>rel</strong></span> <span class='ocrx_word' id='word_1_107' title='bbox 568 1623 764 1689; x_wconf 83' lang='lat' dir='ltr'><strong>prosequere</strong></span> <span class='ocrx_word' id='word_1_108' title='bbox 780 1601 858 1666; x_wconf 89' lang='lat' dir='ltr'><strong>mihi</strong></span> <span class='ocrx_word' id='word_1_109' title='bbox 876 1603 1004 1690; x_wconf 88' lang='lat' dir='ltr'><strong>pigrum</strong></span> <span class='ocrx_word' id='word_1_110' title='bbox 1017 1608 1184 1685; x_wconf 75' lang='lat' dir='ltr'><strong>nonfuit,</strong></span> 
     </span>
     <span class='ocr_line' id='line_1_16' title="bbox 76 1683 670 1770; baseline -0.002 -23"><span class='ocrx_word' id='word_1_111' title='bbox 76 1683 291 1770; x_wconf 82' lang='lat' dir='ltr'><strong>stipulatione</strong></span> <span class='ocrx_word' id='word_1_112' title='bbox 307 1683 452 1751; x_wconf 83' lang='lat' dir='ltr'><strong>subnixa.</strong></span> <span class='ocrx_word' id='word_1_113' title='bbox 668 1704 670 1707; x_wconf 85' lang='lat'>·</span> 
     </span>
    </p>
   </div>
   <div class='ocr_carea' id='block_1_7' title="bbox 342 1814 825 1938">
    <p class='ocr_par' dir='ltr' id='par_1_7' title="bbox 342 1814 825 1938">
     <span class='ocr_line' id='line_1_17' title="bbox 451 1814 825 1897; baseline 0 -21"><span class='ocrx_word' id='word_1_114' title='bbox 451 1814 546 1876; x_wconf 85' lang='lat' dir='ltr'><strong>Gesta</strong></span> <span class='ocrx_word' id='word_1_115' title='bbox 565 1815 825 1897; x_wconf 76' lang='lat' dir='ltr'><strong>manumissionis.</strong></span> 
     </span>
     <span class='ocr_line' id='line_1_18' title="bbox 342 1904 361 1938; baseline 0 0"><span class='ocrx_word' id='word_1_116' title='bbox 342 1904 361 1938; x_wconf 77' lang='lat' dir='ltr'><em>s</em></span> 
     </span>
    </p>
   </div>
   <div class='ocr_carea' id='block_1_8' title="bbox 82 1952 1220 3636">
    <p class='ocr_par' dir='ltr' id='par_1_8' title="bbox 82 1952 1220 3600">
     <span class='ocr_line' id='line_1_19' title="bbox 166 1952 1183 2038; baseline 0.002 -23"><span class='ocrx_word' id='word_1_117' title='bbox 166 1952 263 2018; x_wconf 68' lang='lat' dir='ltr'><strong>LVI.¹</strong></span> <span class='ocrx_word' id='word_1_118' title='bbox 293 1955 388 2033; x_wconf 89' lang='lat' dir='ltr'><strong>Quod</strong></span> <span class='ocrx_word' id='word_1_119' title='bbox 404 1955 582 2018; x_wconf 86' lang='lat' dir='ltr'><strong>secundnm</strong></span> <span class='ocrx_word' id='word_1_120' title='bbox 599 1956 703 2038; x_wconf 89' lang='lat' dir='ltr'><strong>legem</strong></span> <span class='ocrx_word' id='word_1_121' title='bbox 726 1957 898 2018; x_wconf 89' lang='lat' dir='ltr'><strong>Romanam</strong></span> <span class='ocrx_word' id='word_1_122' title='bbox 913 1965 1016 2018; x_wconf 88' lang='lat' dir='ltr'><strong>actum</strong></span> <span class='ocrx_word' id='word_1_123' title='bbox 1038 1965 1086 2018; x_wconf 87' lang='lat' dir='ltr'><strong>est</strong></span> <span class='ocrx_word' id='word_1_124' title='bbox 1106 1957 1183 2017; x_wconf 88' lang='lat' dir='ltr'><strong>nul·</strong></span> 
     </span>
     <span class='ocr_line' id='line_1_20' title="bbox 83 2037 1184 2120; baseline 0.002 -20"><span class='ocrx_word' id='word_1_125' title='bbox 83 2040 212 2100; x_wconf 81' lang='lat' dir='ltr'><strong>latenas</strong></span> <span class='ocrx_word' id='word_1_126' title='bbox 231 2047 411 2100; x_wconf 82' lang='lat' dir='ltr'><strong>revocetur.</strong></span> <span class='ocrx_word' id='word_1_127' title='bbox 441 2039 574 2119; x_wconf 56' lang='lat' dir='ltr'><strong>,ltaque</strong></span> <span class='ocrx_word' id='word_1_128' title='bbox 606 2039 665 2100; x_wconf 85' lang='lat' dir='ltr'><strong>sub</strong></span> <span class='ocrx_word' id='word_1_129' title='bbox 696 2037 748 2099; x_wconf 90' lang='lat' dir='ltr'><strong>die</strong></span> <span class='ocrx_word' id='word_1_130' title='bbox 778 2039 855 2118; x_wconf 90' lang='lat' dir='ltr'><strong>illo,</strong></span> <span class='ocrx_word' id='word_1_131' title='bbox 886 2060 971 2100; x_wconf 90' lang='lat' dir='ltr'><strong>anno</strong></span> <span class='ocrx_word' id='word_1_132' title='bbox 1004 2039 1062 2099; x_wconf 91' lang='lat' dir='ltr'><strong>illo</strong></span> <span class='ocrx_word' id='word_1_133' title='bbox 1090 2039 1184 2120; x_wconf 78' lang='lat' dir='ltr'><strong>regni</strong></span> 
     </span>
     <span class='ocr_line' id='line_1_21' title="bbox 82 2119 1183 2202; baseline 0.001 -20"><span class='ocrx_word' id='word_1_134' title='bbox 82 2119 205 2182; x_wconf 92' lang='lat' dir='ltr'><strong>Domni</strong></span> <span class='ocrx_word' id='word_1_135' title='bbox 224 2121 324 2180; x_wconf 89' lang='lat' dir='ltr'><strong>nostri</strong></span> <span class='ocrx_word' id='word_1_136' title='bbox 346 2120 434 2180; x_wconf 90' lang='lat' dir='ltr'><strong>illius</strong></span> <span class='ocrx_word' id='word_1_137' title='bbox 454 2121 573 2202; x_wconf 85' lang='lat' dir='ltr'><strong>Regis,</strong></span> <span class='ocrx_word' id='word_1_138' title='bbox 599 2119 780 2182; x_wconf 89' lang='lat' dir='ltr'><strong>lodictione</strong></span> <span class='ocrx_word' id='word_1_139' title='bbox 811 2121 886 2200; x_wconf 90' lang='lat' dir='ltr'><strong>illa,</strong></span> <span class='ocrx_word' id='word_1_140' title='bbox 915 2122 968 2184; x_wconf 80' lang='lat' dir='ltr'><strong>vir</strong></span> <span class='ocrx_word' id='word_1_141' title='bbox 989 2121 1183 2183; x_wconf 83' lang='lat' dir='ltr'><strong>venerabilis</strong></span> 
     </span>
     <span class='ocr_line' id='line_1_22' title="bbox 84 2201 1184 2286; baseline -0.001 -21"><span class='ocrx_word' id='word_1_142' title='bbox 84 2203 144 2266; x_wconf 88' lang='lat' dir='ltr'><strong>ille</strong></span> <span class='ocrx_word' id='word_1_143' title='bbox 160 2201 322 2263; x_wconf 82' lang='lat' dir='ltr'><strong>Diaconos</strong></span> <span class='ocrx_word' id='word_1_144' title='bbox 338 2211 471 2264; x_wconf 85' lang='lat' dir='ltr'><strong>testatur</strong></span> <span class='ocrx_word' id='word_1_145' title='bbox 485 2204 531 2263; x_wconf 89' lang='lat' dir='ltr'><strong>eis</strong></span> <span class='ocrx_word' id='word_1_146' title='bbox 557 2202 633 2284; x_wconf 89' lang='lat' dir='ltr'><strong>quia</strong></span> <span class='ocrx_word' id='word_1_147' title='bbox 656 2202 763 2262; x_wconf 90' lang='lat' dir='ltr'><strong>stabili</strong></span> <span class='ocrx_word' id='word_1_148' title='bbox 789 2205 847 2265; x_wconf 90' lang='lat' dir='ltr'><strong>sub</strong></span> <span class='ocrx_word' id='word_1_149' title='bbox 873 2203 1039 2286; x_wconf 85' lang='lat' dir='ltr'><strong>scripturis</strong></span> <span class='ocrx_word' id='word_1_150' title='bbox 1068 2225 1184 2264; x_wconf 88' lang='lat' dir='ltr'><strong>manu-</strong></span> 
     </span>
     <span class='ocr_line' id='line_1_23' title="bbox 84 2283 1193 2365; baseline 0.001 -19"><span class='ocrx_word' id='word_1_151' title='bbox 84 2284 214 2346; x_wconf 84' lang='lat' dir='ltr'><strong>mittere</strong></span> <span class='ocrx_word' id='word_1_152' title='bbox 233 2284 266 2342; x_wconf 93' lang='lat' dir='ltr'><strong>in</strong></span> <span class='ocrx_word' id='word_1_153' title='bbox 287 2284 433 2345; x_wconf 86' lang='lat' dir='ltr'><strong>Ecclesia</strong></span> <span class='ocrx_word' id='word_1_154' title='bbox 448 2284 504 2344; x_wconf 89' lang='lat' dir='ltr'><strong>illa</strong></span> <span class='ocrx_word' id='word_1_155' title='bbox 519 2283 725 2365; x_wconf 78' lang='lat' dir='ltr'><strong>vindictaque</strong></span> <span class='ocrx_word' id='word_1_156' title='bbox 744 2285 880 2346; x_wconf 84' lang='lat' dir='ltr'><strong>liberare</strong></span> <span class='ocrx_word' id='word_1_157' title='bbox 901 2287 1020 2346; x_wconf 87' lang='lat' dir='ltr'><strong>famulo</strong></span> <span class='ocrx_word' id='word_1_158' title='bbox 1043 2285 1101 2347; x_wconf 91' lang='lat' dir='ltr'><strong>illo</strong></span> <span class='ocrx_word' id='word_1_159' title='bbox 1123 2307 1193 2347; x_wconf 92' lang='lat' dir='ltr'><strong>suo.</strong></span> 
     </span>
     <span class='ocr_line' id='line_1_24' title="bbox 85 2363 1182 2431; baseline 0 -3"><span class='ocrx_word' id='word_1_160' title='bbox 85 2386 205 2428; x_wconf 86' lang='lat' dir='ltr'><strong>nomen</strong></span> <span class='ocrx_word' id='word_1_161' title='bbox 222 2365 281 2426; x_wconf 92' lang='lat' dir='ltr'><strong>illo</strong></span> <span class='ocrx_word' id='word_1_162' title='bbox 298 2365 380 2428; x_wconf 91' lang='lat' dir='ltr'><strong>bene</strong></span> <span class='ocrx_word' id='word_1_163' title='bbox 396 2366 456 2427; x_wconf 92' lang='lat' dir='ltr'><strong>sibi</strong></span> <span class='ocrx_word' id='word_1_164' title='bbox 472 2365 585 2426; x_wconf 87' lang='lat' dir='ltr'><strong>merito</strong></span> <span class='ocrx_word' id='word_1_165' title='bbox 601 2366 778 2427; x_wconf 87' lang='lat' dir='ltr'><strong>secundum</strong></span> <span class='ocrx_word' id='word_1_166' title='bbox 798 2367 1059 2431; x_wconf 88' lang='lat' dir='ltr'><strong>constitutionem</strong></span> <span class='ocrx_word' id='word_1_167' title='bbox 1078 2363 1182 2428; x_wconf 73' lang='lat' dir='ltr'><strong>bourie</strong></span> 
     </span>
     <span class='ocr_line' id='line_1_25' title="bbox 85 2446 1182 2531; baseline -0.002 -21"><span class='ocrx_word' id='word_1_168' title='bbox 85 2446 258 2510; x_wconf 88' lang='lat' dir='ltr'><strong>memoriae</strong></span> <span class='ocrx_word' id='word_1_169' title='bbox 279 2447 480 2512; x_wconf 82' lang='lat' dir='ltr'><strong>Constantini</strong></span> <span class='ocrx_word' id='word_1_170' title='bbox 502 2447 601 2530; x_wconf 86' lang='lat' dir='ltr'><strong>legis,</strong></span> <span class='ocrx_word' id='word_1_171' title='bbox 622 2447 798 2529; x_wconf 78' lang='lat' dir='ltr'><strong>qualinam</strong></span> <span class='ocrx_word' id='word_1_172' title='bbox 815 2459 863 2512; x_wconf 89' lang='lat' dir='ltr'><strong>est</strong></span> <span class='ocrx_word' id='word_1_173' title='bbox 879 2460 916 2510; x_wconf 89' lang='lat' dir='ltr'><strong>ut</strong></span> <span class='ocrx_word' id='word_1_174' title='bbox 927 2471 1036 2510; x_wconf 87' lang='lat' dir='ltr'><strong>omues</strong></span> <span class='ocrx_word' id='word_1_175' title='bbox 1048 2449 1105 2531; x_wconf 91' lang='lat' dir='ltr'><strong>qui</strong></span> <span class='ocrx_word' id='word_1_176' title='bbox 1122 2449 1182 2510; x_wconf 86' lang='lat' dir='ltr'><strong>sub</strong></span> 
     </span>
     <span class='ocr_line' id='line_1_26' title="bbox 85 2527 1181 2613; baseline -0.004 -21"><span class='ocrx_word' id='word_1_177' title='bbox 85 2530 189 2592; x_wconf 90' lang='lat' dir='ltr'><strong>oculis</strong></span> <span class='ocrx_word' id='word_1_178' title='bbox 219 2527 474 2612; x_wconf 82' lang='lat' dir='ltr'><strong>Episcoporum,</strong></span> <span class='ocrx_word' id='word_1_179' title='bbox 504 2531 789 2613; x_wconf 87' lang='lat' dir='ltr'><strong>Presbyterornm,</strong></span> <span class='ocrx_word' id='word_1_180' title='bbox 817 2553 875 2592; x_wconf 86' lang='lat' dir='ltr'><strong>sen</strong></span> <span class='ocrx_word' id='word_1_181' title='bbox 902 2531 1121 2598; x_wconf 84' lang='lat' dir='ltr'><strong>Diaconorum</strong></span> <span class='ocrx_word' id='word_1_182' title='bbox 1147 2529 1181 2588; x_wconf 90' lang='lat' dir='ltr'><strong>in</strong></span> 
     </span>
     <span class='ocr_line' id='line_1_27' title="bbox 83 2610 1184 2696; baseline -0.002 -22"><span class='ocrx_word' id='word_1_183' title='bbox 83 2610 227 2674; x_wconf 87' lang='lat' dir='ltr'><strong>Ecclesia</strong></span> <span class='ocrx_word' id='word_1_184' title='bbox 244 2613 528 2690; x_wconf 87' lang='lat' dir='ltr'><strong>manumittuntur,</strong></span> <span class='ocrx_word' id='word_1_185' title='bbox 550 2612 590 2672; x_wconf 91' lang='lat' dir='ltr'><strong>ad</strong></span> <span class='ocrx_word' id='word_1_186' title='bbox 606 2611 766 2673; x_wconf 87' lang='lat' dir='ltr'><strong>civitatem</strong></span> <span class='ocrx_word' id='word_1_187' title='bbox 794 2613 968 2696; x_wconf 89' lang='lat' dir='ltr'><strong>pertineat,</strong></span> <span class='ocrx_word' id='word_1_188' title='bbox 999 2620 1031 2673; x_wconf 87' lang='lat' dir='ltr'><strong>et</strong></span> <span class='ocrx_word' id='word_1_189' title='bbox 1059 2613 1098 2672; x_wconf 88' lang='lat' dir='ltr'><strong>ab</strong></span> <span class='ocrx_word' id='word_1_190' title='bbox 1123 2613 1184 2672; x_wconf 87' lang='lat' dir='ltr'><strong>Ec·</strong></span> 
     </span>
     <span class='ocr_line' id='line_1_28' title="bbox 84 2693 1182 2774; baseline 0.001 -19"><span class='ocrx_word' id='word_1_191' title='bbox 84 2693 184 2756; x_wconf 88' lang='lat' dir='ltr'><strong>clesia</strong></span> <span class='ocrx_word' id='word_1_192' title='bbox 201 2693 400 2771; x_wconf 80' lang='lat' dir='ltr'><strong>defensetur,</strong></span> <span class='ocrx_word' id='word_1_193' title='bbox 424 2703 456 2755; x_wconf 87' lang='lat' dir='ltr'><strong>et</strong></span> <span class='ocrx_word' id='word_1_194' title='bbox 470 2693 543 2756; x_wconf 82' lang='lat' dir='ltr'><strong>vult</strong></span> <span class='ocrx_word' id='word_1_195' title='bbox 564 2715 645 2774; x_wconf 86' lang='lat' dir='ltr'><strong>eam¹</strong></span> <span class='ocrx_word' id='word_1_196' title='bbox 663 2693 751 2755; x_wconf 84' lang='lat' dir='ltr'><strong>iuxta</strong></span> <span class='ocrx_word' id='word_1_197' title='bbox 774 2694 1062 2772; x_wconf 90' lang='lat' dir='ltr'><strong>consuetudinem,</strong></span> <span class='ocrx_word' id='word_1_198' title='bbox 1090 2693 1182 2756; x_wconf 77' lang='lat' dir='ltr'><strong>cuine</strong></span> 
     </span>
     <span class='ocr_line' id='line_1_29' title="bbox 88 2775 1184 2858; baseline -0.004 -20"><span class='ocrx_word' id='word_1_199' title='bbox 88 2776 347 2838; x_wconf 85' lang='lat' dir='ltr'><strong>commemoratio</strong></span> <span class='ocrx_word' id='word_1_200' title='bbox 364 2775 555 2858; x_wconf 85' lang='lat' dir='ltr'><strong>subpravida</strong></span> <span class='ocrx_word' id='word_1_201' title='bbox 576 2785 634 2854; x_wconf 86' lang='lat' dir='ltr'><strong>est,</strong></span> <span class='ocrx_word' id='word_1_202' title='bbox 656 2775 696 2836; x_wconf 90' lang='lat' dir='ltr'><strong>ad</strong></span> <span class='ocrx_word' id='word_1_203' title='bbox 711 2775 871 2838; x_wconf 84' lang='lat' dir='ltr'><strong>civitatem</strong></span> <span class='ocrx_word' id='word_1_204' title='bbox 889 2776 1050 2858; x_wconf 90' lang='lat' dir='ltr'><strong>pertinere</strong></span> <span class='ocrx_word' id='word_1_205' title='bbox 1066 2777 1184 2836; x_wconf 86' lang='lat' dir='ltr'><strong>Roma·</strong></span> 
     </span>
     <span class='ocr_line' id='line_1_30' title="bbox 86 2856 1183 2940; baseline -0.005 -18"><span class='ocrx_word' id='word_1_206' title='bbox 86 2878 171 2936; x_wconf 88' lang='lat' dir='ltr'><strong>uam,</strong></span> <span class='ocrx_word' id='word_1_207' title='bbox 186 2878 223 2918; x_wconf 89' lang='lat' dir='ltr'><strong>ea</strong></span> <span class='ocrx_word' id='word_1_208' title='bbox 239 2866 344 2919; x_wconf 86' lang='lat' dir='ltr'><strong>tamen</strong></span> <span class='ocrx_word' id='word_1_209' title='bbox 364 2858 558 2920; x_wconf 89' lang='lat' dir='ltr'><strong>conditione</strong></span> <span class='ocrx_word' id='word_1_210' title='bbox 572 2867 609 2919; x_wconf 89' lang='lat' dir='ltr'><strong>ut</strong></span> <span class='ocrx_word' id='word_1_211' title='bbox 629 2866 678 2918; x_wconf 93' lang='lat' dir='ltr'><strong>eat</strong></span> <span class='ocrx_word' id='word_1_212' title='bbox 694 2856 825 2940; x_wconf 90' lang='lat' dir='ltr'><strong>ubique,</strong></span> <span class='ocrx_word' id='word_1_213' title='bbox 840 2879 935 2938; x_wconf 88' lang='lat' dir='ltr'><strong>quam</strong></span> <span class='ocrx_word' id='word_1_214' title='bbox 956 2857 1095 2920; x_wconf 83' lang='lat' dir='ltr'><strong>voluerit</strong></span> <span class='ocrx_word' id='word_1_215' title='bbox 1107 2879 1183 2940; x_wconf 87' lang='lat' dir='ltr'><strong>par·-</strong></span> 
     </span>
     <span class='ocr_line' id='line_1_31' title="bbox 85 2940 1182 3024; baseline -0.001 -22"><span class='ocrx_word' id='word_1_216' title='bbox 85 2949 151 3002; x_wconf 88' lang='lat' dir='ltr'><strong>tem</strong></span> <span class='ocrx_word' id='word_1_217' title='bbox 167 2949 296 3022; x_wconf 84' lang='lat' dir='ltr'><strong>pergat,</strong></span> <span class='ocrx_word' id='word_1_218' title='bbox 317 2950 468 3022; x_wconf 86' lang='lat' dir='ltr'><strong>tanquam</strong></span> <span class='ocrx_word' id='word_1_219' title='bbox 486 2941 512 3002; x_wconf 91' lang='lat' dir='ltr'><strong>si</strong></span> <span class='ocrx_word' id='word_1_220' title='bbox 530 2941 568 3000; x_wconf 89' lang='lat' dir='ltr'><strong>ab</strong></span> <span class='ocrx_word' id='word_1_221' title='bbox 588 2940 736 3022; x_wconf 86' lang='lat' dir='ltr'><strong>ingenuis</strong></span> <span class='ocrx_word' id='word_1_222' title='bbox 754 2941 940 3024; x_wconf 89' lang='lat' dir='ltr'><strong>parentibus</strong></span> <span class='ocrx_word' id='word_1_223' title='bbox 957 2941 1071 3002; x_wconf 85' lang='lat' dir='ltr'><strong>luisset</strong></span> <span class='ocrx_word' id='word_1_224' title='bbox 1087 2949 1182 3001; x_wconf 88' lang='lat' dir='ltr'><strong>natus</strong></span> 
     </span>
     <span class='ocr_line' id='line_1_32' title="bbox 85 3021 1220 3104; baseline -0.004 -18"><span class='ocrx_word' id='word_1_225' title='bbox 85 3022 140 3086; x_wconf 75' lang='lat' dir='ltr'><strong>rel</strong></span> <span class='ocrx_word' id='word_1_226' title='bbox 163 3031 364 3102; x_wconf 90' lang='lat' dir='ltr'><strong>procreatus,</strong></span> <span class='ocrx_word' id='word_1_227' title='bbox 387 3033 419 3084; x_wconf 92' lang='lat' dir='ltr'><strong>et</strong></span> <span class='ocrx_word' id='word_1_228' title='bbox 446 3022 528 3082; x_wconf 88' lang='lat' dir='ltr'><strong>nulli</strong></span> <span class='ocrx_word' id='word_1_229' title='bbox 558 3021 715 3082; x_wconf 88' lang='lat' dir='ltr'><strong>heredum</strong></span> <span class='ocrx_word' id='word_1_230' title='bbox 740 3044 776 3082; x_wconf 92' lang='lat' dir='ltr'><strong>ac</strong></span> <span class='ocrx_word' id='word_1_231' title='bbox 802 3021 1018 3104; x_wconf 80' lang='lat' dir='ltr'><strong>proheredum</strong></span> <span class='ocrx_word' id='word_1_232' title='bbox 1037 3043 1183 3084; x_wconf 88' lang='lat' dir='ltr'><strong>meorum</strong></span> <span class='ocrx_word' id='word_1_233' title='bbox 1216 3083 1220 3090; x_wconf 73' lang='grc'>,</span> 
     </span>
     <span class='ocr_line' id='line_1_33' title="bbox 87 3102 1180 3188; baseline -0.002 -22"><span class='ocrx_word' id='word_1_234' title='bbox 87 3102 217 3166; x_wconf 87' lang='lat' dir='ltr'><strong>minime</strong></span> <span class='ocrx_word' id='word_1_235' title='bbox 236 3104 407 3187; x_wconf 87' lang='lat' dir='ltr'><strong>quicquam</strong></span> <span class='ocrx_word' id='word_1_236' title='bbox 423 3104 537 3166; x_wconf 88' lang='lat' dir='ltr'><strong>debeat</strong></span> <span class='ocrx_word' id='word_1_237' title='bbox 547 3104 719 3181; x_wconf 80' lang='lat' dir='ltr'><strong>servitutis,</strong></span> <span class='ocrx_word' id='word_1_238' title='bbox 731 3126 791 3166; x_wconf 89' lang='lat' dir='ltr'><strong>nec</strong></span> <span class='ocrx_word' id='word_1_239' title='bbox 806 3104 1022 3165; x_wconf 88' lang='lat' dir='ltr'><strong>libertinitatis</strong></span> <span class='ocrx_word' id='word_1_240' title='bbox 1037 3103 1180 3188; x_wconf 81' lang='lat' dir='ltr'><strong>gratiam,</strong></span> 
     </span>
     <span class='ocr_line' id='line_1_34' title="bbox 89 3185 1181 3270; baseline 0 -24"><span class='ocrx_word' id='word_1_241' title='bbox 89 3207 150 3246; x_wconf 90' lang='lat' dir='ltr'><strong>nee</strong></span> <span class='ocrx_word' id='word_1_242' title='bbox 163 3193 347 3267; x_wconf 80' lang='lat' dir='ltr'><strong>patronatus</strong></span> <span class='ocrx_word' id='word_1_243' title='bbox 372 3186 582 3268; x_wconf 85' lang='lat' dir='ltr'><strong>obsequium,</strong></span> <span class='ocrx_word' id='word_1_244' title='bbox 602 3186 679 3263; x_wconf 87' lang='lat' dir='ltr'><strong>sed,</strong></span> <span class='ocrx_word' id='word_1_245' title='bbox 700 3185 783 3247; x_wconf 88' lang='lat' dir='ltr'><strong>sicut</strong></span> <span class='ocrx_word' id='word_1_246' title='bbox 800 3185 887 3263; x_wconf 83' lang='lat' dir='ltr'><strong>dixi,</strong></span> <span class='ocrx_word' id='word_1_247' title='bbox 910 3187 969 3247; x_wconf 92' lang='lat' dir='ltr'><strong>sub</strong></span> <span class='ocrx_word' id='word_1_248' title='bbox 999 3187 1122 3270; x_wconf 87' lang='lat' dir='ltr'><strong>integra</strong></span> <span class='ocrx_word' id='word_1_249' title='bbox 1140 3196 1181 3270; x_wconf 58' lang='lat' dir='ltr'><strong>uet</strong></span> 
     </span>
     <span class='ocr_line' id='line_1_35' title="bbox 89 3259 1180 3351; baseline 0.001 -22"><span class='ocrx_word' id='word_1_250' title='bbox 89 3267 228 3350; x_wconf 87' lang='lat' dir='ltr'><strong>legitima</strong></span> <span class='ocrx_word' id='word_1_251' title='bbox 248 3267 445 3351; x_wconf 87' lang='lat' dir='ltr'><strong>ingenuitate</strong></span> <span class='ocrx_word' id='word_1_252' title='bbox 459 3269 572 3330; x_wconf 88' lang='lat' dir='ltr'><strong>debeat</strong></span> <span class='ocrx_word' id='word_1_253' title='bbox 589 3289 775 3351; x_wconf 88' lang='lat' dir='ltr'><strong>permanere</strong></span> <span class='ocrx_word' id='word_1_254' title='bbox 795 3266 954 3350; x_wconf 82' lang='lat' dir='ltr'><strong>ingenuus</strong></span> <span class='ocrx_word' id='word_1_255' title='bbox 972 3278 1068 3350; x_wconf 86' lang='lat' dir='ltr'><strong>atque</strong></span> <span class='ocrx_word' id='word_1_256' title='bbox 1086 3259 1180 3330; x_wconf 75' lang='lat' dir='ltr'><strong>seen-</strong></span> 
     </span>
     <span class='ocr_line' id='line_1_36' title="bbox 88 3349 1180 3433; baseline 0 -21"><span class='ocrx_word' id='word_1_257' title='bbox 88 3371 165 3428; x_wconf 83' lang='lat' dir='ltr'><strong>rus,</strong></span> <span class='ocrx_word' id='word_1_258' title='bbox 187 3359 220 3412; x_wconf 92' lang='lat' dir='ltr'><strong>et</strong></span> <span class='ocrx_word' id='word_1_259' title='bbox 237 3371 362 3433; x_wconf 90' lang='lat' dir='ltr'><strong>semper</strong></span> <span class='ocrx_word' id='word_1_260' title='bbox 382 3350 423 3411; x_wconf 89' lang='lat' dir='ltr'><strong>ad</strong></span> <span class='ocrx_word' id='word_1_261' title='bbox 443 3350 605 3412; x_wconf 85' lang='lat' dir='ltr'><strong>civitatem</strong></span> <span class='ocrx_word' id='word_1_262' title='bbox 618 3349 732 3410; x_wconf 88' lang='lat' dir='ltr'><strong>debeat</strong></span> <span class='ocrx_word' id='word_1_263' title='bbox 748 3349 909 3432; x_wconf 89' lang='lat' dir='ltr'><strong>pertinere</strong></span> <span class='ocrx_word' id='word_1_264' title='bbox 923 3351 1107 3429; x_wconf 87' lang='lat' dir='ltr'><strong>Romanam,</strong></span> <span class='ocrx_word' id='word_1_265' title='bbox 1119 3359 1180 3412; x_wconf 89' lang='lat' dir='ltr'><strong>tes·</strong></span> 
     </span>
     <span class='ocr_line' id='line_1_37' title="bbox 89 3431 1178 3516; baseline 0.005 -24"><span class='ocrx_word' id='word_1_266' title='bbox 89 3439 261 3494; x_wconf 89' lang='lat' dir='ltr'><strong>tamentum</strong></span> <span class='ocrx_word' id='word_1_267' title='bbox 284 3433 379 3494; x_wconf 89' lang='lat' dir='ltr'><strong>etiam</strong></span> <span class='ocrx_word' id='word_1_268' title='bbox 399 3433 538 3494; x_wconf 89' lang='lat' dir='ltr'><strong>faciendi</strong></span> <span class='ocrx_word' id='word_1_269' title='bbox 558 3431 692 3494; x_wconf 89' lang='lat' dir='ltr'><strong>liberam</strong></span> <span class='ocrx_word' id='word_1_270' title='bbox 714 3431 748 3492; x_wconf 89' lang='lat' dir='ltr'><strong>iu</strong></span> <span class='ocrx_word' id='word_1_271' title='bbox 768 3431 914 3495; x_wconf 87' lang='lat' dir='ltr'><strong>omnibus</strong></span> <span class='ocrx_word' id='word_1_272' title='bbox 931 3431 1043 3496; x_wconf 88' lang='lat' dir='ltr'><strong>habeat</strong></span> <span class='ocrx_word' id='word_1_273' title='bbox 1071 3441 1178 3516; x_wconf 81' lang='lat' dir='ltr'><strong>potes·</strong></span> 
     </span>
     <span class='ocr_line' id='line_1_38' title="bbox 90 3513 462 3600; baseline -0.003 -24"><span class='ocrx_word' id='word_1_274' title='bbox 90 3523 193 3584; x_wconf 82' lang='lat' dir='ltr'><strong>tatem.</strong></span> <span class='ocrx_word' id='word_1_275' title='bbox 234 3515 269 3578; x_wconf 83' lang='lat' dir='ltr'><strong>Si</strong></span> <span class='ocrx_word' id='word_1_276' title='bbox 290 3513 462 3600; x_wconf 78' lang='lat' dir='ltr'><strong>quievero.</strong></span> 
     </span>
    </p>

    <p class='ocr_par' dir='ltr' id='par_1_9' title="bbox 184 3611 186 3636">
     <span class='ocr_line' id='line_1_39' title="bbox 184 3611 186 3636; baseline 0 0"><span class='ocrx_word' id='word_1_277' title='bbox 184 3611 186 3636; x_wconf 82' lang='lat' dir='ltr'><strong>l</strong></span> 
     </span>
    </p>
   </div>
   <div class='ocr_carea' id='block_1_9' title="bbox 540 3645 787 3717">
    <p class='ocr_par' dir='ltr' id='par_1_10' title="bbox 540 3645 787 3717">
     <span class='ocr_line' id='line_1_40' title="bbox 540 3645 787 3717; baseline 0.008 -11"><span class='ocrx_word' id='word_1_278' title='bbox 540 3645 734 3713; x_wconf 80' lang='lat' dir='ltr'><strong>Tradr&#39;toria.</strong></span> <span class='ocrx_word' id='word_1_279' title='bbox 781 3703 787 3717; x_wconf 85' lang='grc'>,</span> 
     </span>
    </p>
   </div>
   <div class='ocr_carea' id='block_1_10' title="bbox 89 3771 1224 4198">
    <p class='ocr_par' dir='ltr' id='par_1_11' title="bbox 89 3771 1224 4198">
     <span class='ocr_line' id='line_1_41' title="bbox 169 3771 1176 3864; baseline -0.003 -17"><span class='ocrx_word' id='word_1_280' title='bbox 169 3775 279 3852; x_wconf 46' lang='lat' dir='ltr'>LVII(</span> <span class='ocrx_word' id='word_1_281' title='bbox 313 3772 432 3845; x_wconf 84' lang='lat' dir='ltr'><strong>Notitia</strong></span> <span class='ocrx_word' id='word_1_282' title='bbox 452 3771 685 3860; x_wconf 84' lang='lat' dir='ltr'><strong>traditionalis,</strong></span> <span class='ocrx_word' id='word_1_283' title='bbox 706 3781 845 3864; x_wconf 89' lang='lat' dir='ltr'><strong>qualiter</strong></span> <span class='ocrx_word' id='word_1_284' title='bbox 863 3781 918 3845; x_wconf 82' lang='lat' dir='ltr'><strong>vel</strong></span> <span class='ocrx_word' id='word_1_285' title='bbox 945 3780 1062 3863; x_wconf 89' lang='lat' dir='ltr'><strong>quibus</strong></span> <span class='ocrx_word' id='word_1_286' title='bbox 1081 3802 1176 3864; x_wconf 88' lang='lat' dir='ltr'><strong>prae-</strong></span> 
     </span>
     <span class='ocr_line' id='line_1_42' title="bbox 89 3864 1224 3947; baseline -0.007 -16"><span class='ocrx_word' id='word_1_287' title='bbox 89 3867 228 3931; x_wconf 88' lang='lat' dir='ltr'><strong>sentibus</strong></span> <span class='ocrx_word' id='word_1_288' title='bbox 250 3867 340 3931; x_wconf 80' lang='lat' dir='ltr'><strong>venit</strong></span> <span class='ocrx_word' id='word_1_289' title='bbox 364 3865 459 3925; x_wconf 88' lang='lat' dir='ltr'><strong>homo</strong></span> <span class='ocrx_word' id='word_1_290' title='bbox 492 3864 610 3947; x_wconf 89' lang='lat' dir='ltr'><strong>aliquis</strong></span> <span class='ocrx_word' id='word_1_291' title='bbox 641 3866 769 3926; x_wconf 90' lang='lat' dir='ltr'><strong>nomine</strong></span> <span class='ocrx_word' id='word_1_292' title='bbox 800 3864 856 3926; x_wconf 89' lang='lat' dir='ltr'><strong>ille</strong></span> <span class='ocrx_word' id='word_1_293' title='bbox 884 3865 924 3925; x_wconf 88' lang='lat' dir='ltr'><strong>ad</strong></span> <span class='ocrx_word' id='word_1_294' title='bbox 954 3865 1012 3926; x_wconf 90' lang='lat' dir='ltr'><strong>illo</strong></span> <span class='ocrx_word' id='word_1_295' title='bbox 1045 3885 1174 3941; x_wconf 87' lang='lat' dir='ltr'><strong>manso,</strong></span> <span class='ocrx_word' id='word_1_296' title='bbox 1223 3913 1224 3916; x_wconf 63' lang='lat'><strong>,</strong></span> 
     </span>
     <span class='ocr_line' id='line_1_43' title="bbox 92 3945 1176 4032; baseline -0.005 -20"><span class='ocrx_word' id='word_1_297' title='bbox 92 3972 184 4032; x_wconf 89' lang='lat' dir='ltr'><strong>quem</strong></span> <span class='ocrx_word' id='word_1_298' title='bbox 203 3959 276 4016; x_wconf 87' lang='lat' dir='ltr'><strong>ante</strong></span> <span class='ocrx_word' id='word_1_299' title='bbox 304 3949 362 4010; x_wconf 85' lang='lat' dir='ltr'><strong>hos</strong></span> <span class='ocrx_word' id='word_1_300' title='bbox 390 3947 458 4008; x_wconf 88' lang='lat' dir='ltr'><strong>dies</strong></span> <span class='ocrx_word' id='word_1_301' title='bbox 483 3968 543 4030; x_wconf 88' lang='lat' dir='ltr'><strong>per</strong></span> <span class='ocrx_word' id='word_1_302' title='bbox 569 3945 743 4009; x_wconf 89' lang='lat' dir='ltr'><strong>chartolam</strong></span> <span class='ocrx_word' id='word_1_303' title='bbox 771 3945 965 4008; x_wconf 79' lang='lat' dir='ltr'><strong>venditionis</strong></span> <span class='ocrx_word' id='word_1_304' title='bbox 1001 3945 1041 4008; x_wconf 88' lang='lat' dir='ltr'><strong>ad</strong></span> <span class='ocrx_word' id='word_1_305' title='bbox 1073 3946 1176 4007; x_wconf 75' lang='lat' dir='ltr'><strong>filiuni</strong></span> 
     </span>
     <span class='ocr_line' id='line_1_44' title="bbox 91 4023 1174 4112; baseline -0.005 -18"><span class='ocrx_word' id='word_1_306' title='bbox 91 4055 179 4094; x_wconf 87' lang='lat' dir='ltr'><strong>snum</strong></span> <span class='ocrx_word' id='word_1_307' title='bbox 199 4030 396 4106; x_wconf 80' lang='lat' dir='ltr'><strong>adfirmavit,</strong></span> <span class='ocrx_word' id='word_1_308' title='bbox 416 4051 516 4112; x_wconf 89' lang='lat' dir='ltr'><strong>per..</strong></span> <span class='ocrx_word' id='word_1_309' title='bbox 531 4074 559 4091; x_wconf 89' lang='lat'><strong>..</strong></span> <span class='ocrx_word' id='word_1_310' title='bbox 580 4028 665 4104; x_wconf 82' lang='lat' dir='ltr'><strong>risus</strong></span> <span class='ocrx_word' id='word_1_311' title='bbox 685 4029 749 4090; x_wconf 88' lang='lat' dir='ltr'><strong>fuit</strong></span> <span class='ocrx_word' id='word_1_312' title='bbox 767 4023 933 4105; x_wconf 77' lang='lat' dir='ltr'><strong>tradidisse</strong></span> <span class='ocrx_word' id='word_1_313' title='bbox 960 4030 1013 4092; x_wconf 83' lang='lat' dir='ltr'><strong>vel</strong></span> <span class='ocrx_word' id='word_1_314' title='bbox 1048 4029 1174 4112; x_wconf 87' lang='lat' dir='ltr'><strong>consig-</strong></span> 
     </span>
     <span class='ocr_line' id='line_1_45' title="bbox 92 4109 970 4198; baseline -0.005 -20"><span class='ocrx_word' id='word_1_315' title='bbox 92 4136 196 4196; x_wconf 89' lang='lat' dir='ltr'><strong>nasse,</strong></span> <span class='ocrx_word' id='word_1_316' title='bbox 219 4126 252 4180; x_wconf 90' lang='lat' dir='ltr'><strong>et</strong></span> <span class='ocrx_word' id='word_1_317' title='bbox 271 4113 391 4180; x_wconf 86' lang='lat' dir='ltr'><strong>exitum</strong></span> <span class='ocrx_word' id='word_1_318' title='bbox 412 4112 488 4178; x_wconf 90' lang='lat' dir='ltr'><strong>inde</strong></span> <span class='ocrx_word' id='word_1_319' title='bbox 508 4111 630 4176; x_wconf 80' lang='lat' dir='ltr'><strong>fecisse.</strong></span> <span class='ocrx_word' id='word_1_320' title='bbox 671 4111 727 4175; x_wconf 88' lang='lat' dir='ltr'><strong>His</strong></span> <span class='ocrx_word' id='word_1_321' title='bbox 742 4109 970 4198; x_wconf 84' lang='lat' dir='ltr'><strong>praesentibus.</strong></span> 
     </span>
    </p>
   </div>
   <div class='ocr_carea' id='block_1_11' title="bbox 0 0 1374 4992">
    <p class='ocr_par' dir='ltr' id='par_1_12' title="bbox 0 0 1374 4992">
     <span class='ocr_line' id='line_1_46' title="bbox 0 0 1374 4992; baseline 0 0"><span class='ocrx_word' id='word_1_322' title='bbox 0 0 1374 4992; x_wconf 95' lang='lat' dir='ltr'><strong> </strong></span> 
     </span>
    </p>
   </div>
  </div>
 </body>
</html>
