2786 4980
276 326 310 381 a.
328 275 411 380 can
523 315 654 374 moun
683 315 921 376 rmncoauu.
1034 321 1095 392 aas.
1218 299 1241 370 9

136 467 284 554 gentihus
301 464 392 524 iuxta
409 456 601 542 qualitatem
620 466 652 520 et
667 457 879 540 quantitatem
892 453 1124 526 moderationis
1148 460 1242 526 adhi-

133 555 249 616 heatur
265 559 298 610 et
315 544 539 606 ministretur:
560 541 664 624 etqui
683 541 794 602 eadem
809 542 880 604 loca
892 543 1079 623 tenuerint,
1100 545 1146 608 eis
1163 547 1239 610 inde

133 635 219 696 sicut
237 641 270 693 et
290 629 330 691 de
346 627 426 688 aliis
441 623 641 686 Christianae
667 624 835 706 religionis
858 627 1014 708 negotiis,
1036 649 1095 711 pro
1122 627 1242 691 Christi

133 725 167 780 et
181 723 299 776 uestra
319 708 526 784 reverentia,
549 706 726 770 obediatur.
769 709 866 784 Quod
882 712 907 768 si
924 709 997 790 quis
1017 732 1083 771 non
1103 712 1238 790 lecerit,

124 798 342 884 provisorum
359 812 456 853 curae
472 790 532 851 erit
553 799 588 848 nt
602 790 643 849 ad
667 798 804 850 vestram
824 789 885 850 hoc
901 793 1046 852 notitiam
1072 796 1240 872 referant,

133 891 169 944 et
188 889 296 942 restra
313 872 505 950 dominatio,
526 872 700 934 secundum
722 872 784 932 sihi
809 872 917 933 iiDeo
952 875 1155 938 commissum
1180 877 1242 938 mi·

135 963 335 1038 nisterium,
356 978 414 1040 pro
433 957 527 1016 modo
546 955 656 1037 cnlpae
684 976 767 1037 quae
796 955 994 1018 emendanda
1018 969 1112 1038 snut,
1134 960 1239 1022 corri-

137 1055 203 1130 get.
244 1045 311 1106 Per
327 1039 397 1100 loca
416 1039 509 1098 etiam
530 1035 701 1098 monastica
724 1037 869 1100 eiusdem
904 1040 1027 1102 ordinis
1059 1044 1239 1124 provisores

103 1167 108 1176 »
140 1147 273 1190 necesse
295 1123 356 1185 erit
372 1121 558 1202 disponere,
580 1141 653 1181 cum
675 1129 780 1180 restra
801 1121 974 1183 auctoritas
999 1143 1053 1184 eos
1074 1125 1131 1207 qni
1150 1126 1240 1188 vices

140 1208 261 1272 Christi
282 1203 458 1268 secundum
472 1203 615 1285 regulam
632 1201 793 1265 divinitus
813 1201 964 1265 dictatam
985 1205 1019 1266 in
1039 1208 1240 1272 monasteriis

139 1301 245 1376 agant,
265 1285 423 1350 studuerit
447 1285 607 1351 ordinare.

217 1373 271 1437 VI.
313 1367 455 1432 Petimus
479 1377 605 1428 tantum
626 1377 664 1428 ut
686 1366 765 1430 ordo
788 1368 1035 1451 ecclesiasticus,
1058 1372 1091 1436 iu
1109 1372 1241 1457 quihus-

132 1475 262 1538 ounque
283 1451 313 1513 ei
334 1450 434 1510 fuerit
455 1471 587 1512 necesse
608 1451 885 1533 rigoremoalutis
912 1453 1069 1518 hnmanae
1093 1476 1240 1536 exerere,

131 1560 191 1623 per
211 1543 400 1619 potestatem
417 1543 569 1611 vestram,
589 1542 622 1606 et
636 1554 696 1615 per
715 1532 929 1596 ministerium
950 1537 1171 1602 ministrorum
1184 1539 1241 1601 do·

132 1618 321 1683 minationis
340 1625 475 1693 vestrae,
494 1617 674 1678 secundnm
690 1616 855 1698 antiquam
881 1622 1166 1703 consuetudinem,
1184 1645 1239 1686 su-

134 1726 190 1764 um
208 1685 353 1784 vigorem
370 1697 507 1780 recipiat
513 1723 526 1768 ;
548 1709 581 1760 et
600 1698 713 1782 populi
733 1699 935 1781 generalitas,
958 1725 1113 1767 unacum
1132 1708 1239 1769 eccle-

134 1785 264 1849 siastica
286 1782 473 1859 devotione,
496 1781 673 1857 iudicium,
694 1782 784 1864 quod
807 1781 913 1845 honor
932 1786 1028 1868 Regis
1056 1788 1185 1872 diligit,
1207 1798 1242 1852 et

137 1866 304 1942 iustitiam,
325 1883 388 1948 qua
405 1863 541 1925 thronus
567 1864 637 1927 eius
652 1864 807 1941 firmatur,
826 1888 887 1948 per
906 1868 1147 1950 dispositionem
1166 1893 1240 1935 ves-

138 1960 222 2011 tram
247 1947 397 2027 suscipiat
405 1972 414 2018 ;
441 1967 498 2008 seu
525 1947 745 2009 admonitione
767 1956 863 2030 atque
886 1952 1022 2013 consilio
1049 1955 1239 2018 sacerdotali

73 2095 74 2098 ,
137 2043 245 2096 vestra
265 2023 505 2108 sublimitas,'et
526 2031 663 2112 quisque
693 2029 727 2090 in
754 2031 1008 2111 quolibetstatu
1033 2037 1087 2098 vel
1111 2039 1238 2118 ordine,

134 2117 177 2178 de
198 2112 321 2196 rapinis
349 2122 381 2174 et
411 2110 567 2191 caeteris,
601 2134 683 2195 qnae
712 2111 890 2178 discordiae
918 2117 1002 2180 malo
1030 2121 1238 2200 acciderunt,

132 2195 319 2282 praeteritis
340 2194 521 2272 erroribus,
543 2196 789 2277 poenitudinem
805 2209 904 2279 gerat,
927 2209 958 2260 et
974 2204 1106 2264 Domini
1126 2226 1241 2266 recon-

134 2279 334 2344 ciliationem
362 2278 553 2361 expostulet.
594 2280 698 2355 Quam
725 2279 822 2340 facile
851 2283 953 2346 omnis
979 2286 1037 2368 qui
1061 2289 1238 2370 quaesierit
1343 2341 1346 2350 .

119 2363 294 2439 inveniet,
317 2360 343 2422 si
367 2360 401 2421 in
427 2361 501 2422 loco
529 2360 707 2424 discordiae
726 2361 867 2444 plantata
884 2366 985 2429 fuerit
1004 2370 1131 2449 caritas,
1153 2393 1237 2454 quae

134 2443 280 2526 cooperit
294 2441 538 2522 multitudinem
551 2454 767 2527 peccatorum,
789 2467 928 2528 eumque
940 2451 1048 2532 potius
1064 2474 1161 2534 quam
1178 2477 1236 2517 nos

138 2529 173 2589 in
194 2526 344 2605 consilio,
368 2547 433 2587 non
453 2534 574 2605 nostro,
596 2527 652 2588 sed
676 2526 751 2606 Dei,
771 2530 954 2608 attendatis,
975 2533 1033 2615 qui
1050 2535 1148 2596 dixit:
1204 2539 1238 2598 ui

136 2631 194 2672 uos
213 2608 315 2688 audit,
337 2630 385 2670 me
404 2608 494 2671 audit
501 2633 514 2678 ,·
548 2611 653 2692 etqui
675 2631 734 2671 nos
753 2614 892 2693 spernit,
916 2633 963 2674 mc
991 2619 1121 2698 spernit.
1195 2640 1236 2680 on

123 2693 218 2752 enim
238 2712 297 2752 vos
320 2693 395 2774 estis
416 2693 472 2774 qui
491 2691 667 2774 loquimini,
690 2691 749 2753 scd
771 2691 911 2776 Spiritus
929 2695 1036 2758 Patris
1066 2700 1161 2760 vestri
1181 2702 1237 2782 qui

134 2775 273 2856 loquitur
291 2776 326 2834 in
346 2775 446 2836 uobis.

467 2892 763 2956 TITULUS
825 2895 896 2957 111.

365 3026 548 3070 concreti
582 3030 619 3070 ln
651 3030 779 3072 ΗΜΘ
814 3031 1001 3079 Pusillo.

131 3119 197 3194 (De
220 3119 462 3200 calamitatibus,
484 3131 553 3184 tum
574 3123 608 3184 in
630 3125 741 3204 Claro,
761 3135 829 3189 tum
851 3130 885 3190 in
908 3131 1034 3194 Ordine
1056 3129 1235 3195 Monastico

565 3207 803 3291 resarciendis).

97 3363 100 3372 .
134 3309 313 3380 canones·
335 3313 492 3386 Consilii
515 3318 556 3388 in
573 3321 861 3400 vernoPalatio
886 3323 1020 3418 habiti,
1044 3325 1110 3398 ubi
1120 3352 1236 3419 prae-

128 3411 227 3481 sedit
258 3411 449 3498 Ebroinus
475 3417 716 3490 Pictuvorum
742 3421 983 3519 EpiscopuS,
1008 3415 1063 3518 'et'
1085 3429 1234 3498 Wenilo

128 3509 318 3584 Senonum
350 3510 694 3612 Archiepiscopus‚
738 3545 881 3594 necnon
918 3537 954 3596 et
973 3527 1238 3598 Hludouvicus

118 3611 253 3680 ,rariori
277 3611 458 3702 Dyonisii
485 3615 639 3712 Abdus,
675 3631 711 3690 et
733 3622 968 3695 Hincmarus
992 3637 1080 3720 post
1102 3627 1237 3696 Remo-

129 3731 215 3778 rum
241 3709 471 3807 Episcopus,
495 3741 596 3808 annuo
632 3723 759 3814 quinto
790 3724 896 3814 regni
932 3724 1079 3796 Domni
1117 3729 1237 3795 nostri

128 3809 280 3895 Karoii,
291 3809 620 3900 filii‘Hiuciouvici
638 3821 898 3914 Imperatoris,
916 3825 1039 3897 meuse
1058 3822 1236 3898 Decemd.

513 3917 724 3989 Indictione
750 3921 847 3992 ,VIL

503 4067 847 4130 reserasse

128 4133 276 4255 Gratius
299 4191 511 4276 omnipotenti
523 4198 592 4258 Deo
606 4202 786 4282 referimus,
811 4205 931 4288 inclyte
947 4209 1015 4270 Rex
1034 4209 1165 4288 Karole,
1179 4233 1235 4274 nos

126 4276 279 4362 Episcopi
303 4272 474 4340 effrenion
496 4281 606 4345 fideles
630 4287 685 4365 qui
707 4307 747 4350 ex
770 4287 905 4354 diuersis
926 4292 1068 4376 partibus
1091 4294 1133 4359 ud
1153 4293 1233 4358 Ver-
