2786 4980
144 287 197 364 80
356 303 486 358 scus.
594 301 833 358 curremus
939 304 1000 362 sse.

142 447 258 512 iniberi
280 445 447 530 potuisset,
471 442 495 504 si
517 441 651 518 nostris,
682 441 762 522 quin
788 443 894 524 potius
916 443 1035 504 divinis
1057 443 1203 508 consiliis
1224 454 1259 506 st

144 528 425 596 obseruationibus
445 535 539 608 atque
562 525 829 586 obtestationibus
852 547 994 609 superno
1026 538 1174 610 respectu
1197 528 1258 588 obss
1301 593 1305 598 ,

144 628 330 698 temperare
353 609 552 679 voluissetis;
576 608 653 690 quis
676 627 742 667 nou
766 618 874 670 nostra
904 609 1106 691 scripsimus,
1128 611 1260 671 manda.

143 697 262 776 vimus,
283 695 440 770 diximus,
463 691 519 752 sed
542 712 625 770 quae
646 690 786 751 dictante
809 692 953 768 caritate,
975 711 1058 772 quae
1078 694 1167 754 Deus
1195 703 1258 770 est,

144 784 179 846 in
204 780 320 844 litteris
341 775 437 840 sacris
453 775 651 850 invenimus,
672 781 704 834 et
720 794 801 854 quae
822 784 954 836 naturae
977 773 1072 834 insita
1087 796 1260 858 recognos-

144 868 259 929 cimus.
302 861 474 922 Caeterum
496 879 578 939 quae
605 864 718 918 contra
741 856 797 916 illa
820 877 904 936 quae
927 855 1132 938 scripsimus,
1163 880 1259 917 man.

144 948 313 1021 davimus,
341 940 499 1017 diximus,
523 949 593 998 acta
620 947 698 1000 sunt
717 939 769 1000 vel
802 947 963 1020 aguntur,
994 942 1149 1003 naturalis
1176 941 1260 1022 legis

143 1031 278 1092 morbus
303 1034 336 1088 et
352 1025 467 1085 vitium
487 1023 618 1084 etiamn
641 1020 747 1081 minus
764 1021 962 1104 sapientibus
978 1043 1045 1082 esse
1068 1021 1260 1086 dinoscitur.

145 1117 220 1191 Qun
239 1113 281 1173 de
301 1131 337 1170 re
359 1107 503 1190 prudens
518 1105 657 1186 quisque
674 1104 851 1186 resipiscat,
874 1111 907 1164 et
933 1103 1035 1186 sapiat
1049 1125 1144 1186 qnam
1165 1127 1262 1188 gran·

146 1184 235 1258 diicr
254 1197 343 1254 Deus
360 1189 534 1250 offenditur
550 1187 680 1269 qnando
698 1185 730 1244 in
749 1187 796 1246 sie
813 1185 988 1268 grandibus
1004 1197 1037 1247 et
1054 1188 1172 1270 apertis
1191 1209 1258 1246 non

145 1280 336 1360 ignoranter
355 1281 518 1355 peccatur.
562 1270 654 1331 Unde
673 1268 913 1350 scriptumest:
944 1269 1146 1330 Descendunt
1165 1273 1199 1330 in
1212 1270 1261 1328 in·

136 1365 273 1448 fernum
289 1360 442 1427 viventes,
465 1355 570 1430 idest,
593 1353 743 1412 lalmntur
758 1352 791 1412 in
811 1361 978 1432 peccatum
995 1353 1144 1418 scientes.
1165 1354 1261 1430 Quae

146 1444 261 1508 divina
276 1438 487 1526 permissione
505 1435 620 1497 merito
641 1434 754 1494 mundi
773 1434 943 1516 patientis,
964 1443 1097 1517 propter
1120 1457 1265 1496 commu-

105 1543 112 1560 '
147 1529 205 1589 nia
223 1532 352 1608 peccata
375 1531 495 1594 nostra,
517 1528 679 1601 pastorum
704 1516 829 1578 scilicet
845 1527 877 1580 et
899 1537 1042 1599 gregum,
1061 1528 1194 1601 propter
1208 1517 1266 1576 de.

146 1611 226 1672 licta
243 1606 339 1688 Regis
354 1613 387 1663 et
399 1603 505 1684 regni,
527 1601 695 1677 eveniunt,
716 1601 801 1660 sicut
827 1601 983 1684 scriptum
1002 1608 1068 1661 θεῖς
1089 1601 1264 1660 Immissio.

148 1715 206 1756 nes
226 1712 285 1776 per
297 1687 436 1764 Angelos
453 1683 566 1754 malos,
586 1685 672 1742 viam
682 1681 766 1762 fecit
779 1684 936 1744 Dominus
952 1683 1079 1744 semitae
1094 1685 1160 1742 irae
1176 1702 1264 1744 suae.

147 1777 286 1850 Tamen,
307 1771 391 1832 sicut
405 1767 522 1828 veritas
544 1774 748 1849 protestatur,
771 1767 916 1826 nouerit
938 1765 1008 1826 sine
1034 1763 1161 1826 ultione
1185 1765 1264 1825 vin-

149 1859 258 1920 dictae
279 1875 340 1915 nec
364 1851 423 1934 ipsi
446 1851 536 1932 virga
558 1849 677 1910 furoris
696 1841 839 1909 Domini.
882 1848 935 1910 Sic
954 1848 1109 1930 legimus,
1132 1846 1177 1908 sic
1203 1867 1266 1906 au-

150 1941 300 2009 divimus;
324 1935 370 1998 sic
389 1934 540 2010 vidimus,
564 1939 595 1992 et
613 1953 671 2013 pro
689 1942 777 1992 certo
802 1931 847 1991 sic
875 1930 940 1991 cito
957 1930 1162 2002 uidebimus:
1184 1948 1271 2010 quo-

149 2025 241 2086 niam
262 2021 339 2082 }icet
359 2025 544 2102 peccatores
572 2015 687 2091 simus,
716 2014 1012 2094 sed'poenitentes,
1037 2022 1069 2073 et
1095 2013 1128 2072 in
1151 2011 1267 2073 diviua

148 2105 324 2170 clementia
344 2101 472 2162 fortiter
494 2097 705 2172 confidentes,
729 2095 945 2156 ministerium
962 2117 1087 2158 sacrum
1110 2102 1267 2176 operante

150 2189 279 2274 Spiritu
300 2194 408 2248 sancto
424 2181 642 2264 suscepimus,
666 2181 735 2242 sine
760 2201 825 2259 qno
848 2201 934 2239 sacra
951 2201 1015 2240 non
1033 2177 1269 2250 ministram,

151 2286 184 2337 et
207 2271 299 2332 nobis
318 2268 441 2330 dictum
471 2267 487 2325 d
511 2265 648 2326 veritate
674 2264 833 2324 veraciter
863 2262 1001 2323 scimusz
1022 2262 1096 2322 Non
1112 2281 1169 2319 vos
1187 2260 1265 2320 estis

151 2361 210 2444 qui
228 2351 406 2437 loquimini,
419 2347 478 2408 sed
490 2348 630 2432 Spiritus
645 2348 753 2407 Patris
770 2346 865 2404 vestri
878 2346 933 2427 quii
951 2345 1093 2428 loquitur
1116 2345 1149 2402 in
1168 2341 1267 2402 vobis.

174 2480 287 2569 (Quod
303 2481 427 2566 saepius
448 2476 538 2538 illum
556 2473 600 2616 apl
620 2472 878 2631 i‘rzeuprlnchum
889 2469 999 2552 snitre
1019 2469 1224 2534 concordium
1264 2491 1269 2500 ·

600 2568 696 2618 ortatu
713 2567 785 2614 sint.

140 2681 141 2690 ¹
166 2737 170 2748 .
237 2679 302 2746 ΙΙΙ.
342 2679 386 2740 Et
404 2678 483 2738 lieet
499 2672 675 2738 dominatio
688 2679 792 2732 vestra
812 2670 929 2732 melius
947 2667 1076 2730 noverit
1093 2665 1268 2748 dequibus

152 2767 300 2852 scriptis,
322 2760 496 2836 mandatis,
519 2769 553 2820 et
571 2755 664 2817 dictis
688 2753 850 2831 dicamus,
874 2762 980 2813 tamen
1009 2773 1075 2811 non
1094 2749 1132 2810 ab
1158 2770 1194 2811 re
1218 2757 1271 2810 est

153 2855 180 2917 si
199 2852 297 2914 etiam
319 2855 351 2908 et
371 2867 429 2905 nos
447 2843 506 2902 illa
529 2841 569 2900 ad
587 2836 773 2899 memoriam
785 2843 933 2897 -vestram
950 2835 1150 2898 reducamus.
1191 2830 1248 2892 Pri

153 2957 208 2998 mo
224 2931 358 3015 quidem
374 2949 433 3010 per
450 2921 690 3005 Hildegarium,
713 2919 933 2980 venerabilem
947 2917 1144 2999 Episcopum
1163 2914 1270 2996 scrip-

152 3021 195 3080 tis
228 3026 259 3077 et
284 3010 395 3080 dictis3
419 3007 562 3070 secundo
583 3002 814 3088 perdensam,
835 2997 1271 3080 honorabilemEpiscopum

152 3098 274 3169 litteris
297 3104 329 3156 et
348 3090 473 3162 verbis3
498 3089 574 3149 item
592 3092 651 3166 p'er
670 3085 815 3146 Aeneam
829 3083 946 3159 verbis,
970 3081 1273 3162 deindeperHinc-

152 3203 282 3252 marum
294 3179 487 3240 Remensem
502 3181 535 3232 et
557 3166 770 3232 Wenilonem
791 3167 1057 3246 Rotomagenscm
1081 3161 1274 3246 Archiepis-

150 3288 273 3353 napos,
297 3262 416 3321 iterum
430 3277 488 3339 per
501 3253 651 3326 eosdem,
674 3271 748 3310 cum
768 3248 839 3308 aliis
864 3269 944 3328 (lues
967 3247 1026 3328 ipsi
1049 3245 1203 3320 vocastis,
1233 3263 1274 3303 ea

153 3373 242 3438 quue
263 3343 360 3410 saluti
381 3343 518 3401 fuerunt
535 3355 679 3416 congrua
693 3331 890 3392 sufficienter
913 3329 1068 3403 audistis,
1091 3324 1276 3408 quandosi-

155 3442 214 3502 cut
230 3442 262 3494 et
285 3437 359 3488 ante
379 3423 554 3506 petivimus
573 3427 610 3477 ut
627 3417 729 3475 frater
752 3421 860 3476 vester
873 3421 905 3474 et
920 3433 1031 3472 omnes
1051 3409 1163 3470 fideles
1181 3407 1276 3468 illius

155 3527 232 3582 ante
250 3503 391 3576 vestram
407 3503 617 3583 fideliumque
637 3506 819 3560 vestrorum
842 3495 1057 3578 praesentiam
1075 3493 1108 3551 in
1129 3491 1276 3551 rationes

156 3606 232 3666 loeo
258 3606 291 3658 et
311 3603 457 3674 tempore
484 3604 628 3667 congruo
658 3579 875 3656 venissemus,
906 3586 938 3638 et
965 3597 1048 3658 quae
1073 3574 1156 3634 male
1187 3581 1277 3656 gesta

156 3689 287 3754 forent,
311 3688 417 3740 vestro
433 3669 571 3732 consilio
593 3675 625 3728 et
641 3662 859 3724 anxilio-cum
886 3659 947 3722 Dei
975 3657 1136 3718 adiutorio
1157 3656 1277 3716 fierent

156 3764 339 3833 emendata.
381 3759 445 3818 Pro
470 3751 588 3832 quibus
616 3745 765 3807 omnibus
802 3744 896 3804 dictis
927 3763 992 3800 non
1022 3739 1276 3800 obaudientibus

158 3851 256 3915 valde
279 3846 429 3904 timemus
443 3835 533 3923 quod
551 3831 693 3893 dicitur:
723 3827 761 3886 Si
790 3846 964 3886 sermonem
996 3845 1097 3883 metim
1126 3841 1279 3882 servave-

160 3945 255 4003 runt,
280 3940 310 3988 et
332 3915 678 3986 oestrumservabunt:
703 3919 735 3970 et
757 3909 883 3988 reliqna
901 3927 983 3988 quae
1002 3904 1161 3966 Dominus
1191 3922 1280 3964 com-

160 4018 315 4082 minatur.
356 4009 400 4068 Et
420 4004 447 4064 si
470 3999 526 4060 illa
552 4017 617 4058 non
633 4002 711 4058 sunt
730 3991 898 4066 exaudita,
921 3989 1025 4072 putari
1049 3996 1154 4071 potest
1168 3995 1199 4052 et
1216 4005 1280 4044 nec

160 4103 245 4175 ista,
268 4114 350 4178 quae
365 4111 422 4150 vos
437 4083 544 4146 dicitis
564 4079 650 4163 apud
670 4095 728 4136 nos
747 4073 833 4135 velle
852 4092 1007 4156 quaerere
1029 4082 1061 4132 et
1080 4070 1204 4145 audire,
1225 4089 1282 4126 ex-

112 4205 115 4208 ·
162 4182 348 4246 audientur.
391 4170 595 4248 Videturque
612 4159 824 4242 quibusdam,
845 4166 882 4218 ut
897 4155 981 4216 sicut
998 4153 1285 4234 Dominus,quan-

164 4269 208 4341 do
229 4256 392 4356 ‹punesivjit
412 4254 491 4315 ficus
513 4250 548 4310 in
570 4244 710 4310 ficulnea
731 4240 784 4304 cui
798 4238 976 4315 maledixit,
998 4258 1073 4300 cum
1095 4257 1163 4300 nou
1183 4240 1283 4310 esset,
