2712 4992
219 263 293 340 308
668 285 850 344 serranus

215 446 276 487 nec
295 421 525 508 patrocinium,
548 445 608 485 nec
630 426 755 488 nullum
773 427 847 490 obse
873 427 981 507 uiam,
1004 449 1064 492 nec
1082 451 1136 512 ego
1152 432 1271 514 ipse,nec

216 508 302 568 ullus
321 507 360 568 de
375 506 547 568 heredibus
568 506 666 585 meis,
689 531 748 570 nec
769 447 923 591 qnislbiet
935 512 1079 594 opposita
1094 518 1271 594 persona,tibi

215 589 330 650 exinde
347 587 450 648 nullas
469 588 662 666 calumuias,
685 612 746 652 neo
766 591 985 672 fatigationes,
1015 614 1076 656 uec
1099 597 1272 676 repetitiones

215 690 327 752 agere,
350 691 409 730 nec
432 691 605 750 generare,
635 693 695 732 nec
721 683 866 754 repetere
899 695 964 734 uun
991 675 1166 738 debeamus.
1202 679 1272 755 Quod

214 753 271 834 qui
292 755 483 830 tentaverit,
506 762 538 814 et
565 753 582 812 h
600 753 714 815 merel
730 753 902 816 heredibus
920 755 998 818 meis
1015 759 1206 819 defensatum
1226 783 1271 819 non

212 834 328 911 luerit,
351 835 522 896 inferamus
544 835 602 894 tibi
622 857 686 895 una
702 856 776 896 cum
791 838 877 897 socio
897 837 972 898 lisco
990 839 1060 899 auri
1076 841 1181 901 uncias
1198 851 1272 902 tantas

212 937 279 976 esse
298 917 482 992 multando,
505 926 537 977 et
550 939 697 998 praeseus
710 918 961 1000 redemptionale
988 922 1077 980 omui
1093 933 1222 1007 tempore
1235 924 1271 983 fir·

211 1019 261 1058 ma
279 1007 480 1081 permaneat,
502 998 708 1082 stipulatione
727 1000 871 1062 subnixa.
912 1001 1028 1062 Actum
1048 1004 1116 1064 illo.

560 1125 563 1132 ’
645 1129 866 1194 Herodotoria.

288 1245 406 1311 XLIX.
449 1229 640 1310 Dulcissimo
666 1255 760 1327 atque
778 1247 811 1306 in
836 1248 982 1310 omnibus
1003 1249 1206 1310 amantissima
1226 1249 1270 1308 filia

207 1352 276 1392 meu
299 1330 364 1396 illa.
406 1329 475 1410 Ego
502 1329 587 1390 enim
606 1330 656 1390 vir
674 1330 859 1409 magnificus
882 1331 951 1395 ille.
990 1333 1149 1392 Omnibus
1166 1353 1219 1390 nnn
1234 1332 1269 1389 ha·

205 1416 301 1476 betur
324 1411 523 1491 incognitum
545 1414 642 1494 quod,
673 1413 755 1472 sicut
773 1414 839 1472 Lex
867 1413 971 1473 Salica
999 1413 1160 1491 continet,
1185 1413 1217 1473 de
1236 1434 1269 1472 res

206 1518 308 1570 meas,
329 1496 418 1575 quod
443 1494 521 1552 mihi
546 1517 585 1555 ex
605 1494 696 1554 alode
718 1503 884 1575 parentum
900 1515 1045 1555 meorum
1060 1496 1195 1572 obvenit,
1211 1495 1269 1574 apul

205 1597 371 1661 germanos
392 1585 461 1638 tuos
488 1576 570 1636 filios
596 1599 683 1638 meos
709 1575 840 1635 minime
867 1574 901 1635 in
928 1575 1108 1638 hereditate
1134 1579 1270 1637 succedere

204 1661 343 1743 potebas.
396 1660 568 1738 Propterea
602 1659 678 1718 mihi
706 1657 886 1738 praepatuit
911 1658 1098 1738 plenissima
1122 1668 1151 1718 et
1177 1660 1268 1735 integra

205 1741 353 1805 voluntas
369 1748 403 1798 ut
422 1739 502 1800 hanc
520 1743 682 1822 epistolam
699 1740 934 1800 heredetoriam
957 1739 989 1799 in
1013 1752 1046 1802 te
1068 1741 1136 1802 lieri
1155 1749 1182 1802 et
1199 1740 1269 1798 adtir-

203 1845 289 1884 mnre
309 1821 431 1903 rogavi,
454 1830 490 1881 ut
511 1823 536 1881 si
559 1822 638 1881 mihi
665 1823 698 1882 in
711 1822 772 1882 hoc
791 1823 901 1882 seculo
916 1822 1091 1902 subprestis
1110 1821 1266 1903 apparueris,

203 1907 237 1965 in
270 1927 379 1966 omnes
412 1927 460 1964 res
487 1926 580 1979 mens,
603 1913 666 1964 tam
686 1927 725 1964 ex
746 1904 837 1964 alode
863 1913 1030 1986 parentum
1047 1927 1184 1966 meorum
1198 1925 1266 1984 quan

204 2009 243 2048 ex
272 2009 343 2047 meo
367 1997 532 2046 contractu
555 1986 631 2044 mihi
656 1987 798 2061 obvenit,
820 1985 851 2043 in
880 2006 958 2066 pago
984 1986 1059 2064 illo,
1095 1991 1128 2046 in
1150 1985 1266 2063 locoqui

203 2069 321 2132 dicitur
340 2069 414 2140 illc,
437 2077 469 2128 et
491 2070 523 2127 in
544 2069 789 2148 quibuscunque
816 2067 904 2150 pagis
932 2076 987 2125 ant
1006 2067 1187 2140 territoriis,
1212 2063 1265 2124 uhi-

202 2173 331 2231 cunque
358 2151 473 2210 habere
501 2152 623 2226 videor,
647 2160 708 2209 tarn
731 2149 857 2224 mansis,
881 2149 1038 2227 domibus,
1064 2147 1265 2222 aedificiis,vi-

201 2235 290 2308 neis,
313 2233 421 2307 olicis,
450 2233 549 2307 silvis,
571 2233 698 2314 campis,
719 2232 826 2314 pratis,
848 2231 983 2310 pascuis,
1005 2233 1108 2312 aquis,
1125 2251 1262 2312 aquarum·

200 2336 240 2375 ve
267 2315 462 2389 decursibus,
485 2316 640 2395 quicquid
664 2313 727 2374 dici
748 2323 801 2372 aut
823 2313 977 2372 nominari
993 2323 1107 2396 potest,
1129 2320 1262 2394 qnantum-

199 2417 328 2478 cnnque
351 2398 390 2456 de
415 2418 484 2456 meo
509 2398 635 2478 proprio
653 2396 791 2457 moriens
811 2394 1025 2474 dereliquero,
1056 2397 1091 2456 in
1112 2415 1207 2456 omnes
1225 2412 1260 2450 res

198 2499 282 2541 meas
305 2480 339 2538 in
361 2478 537 2538 hereditate
562 2479 645 2560 apud
668 2498 832 2558 germanos
858 2485 928 2536 tuus
954 2477 1037 2538 lilios
1067 2499 1151 2538 meos
1176 2493 1259 2536 succe·

198 2563 271 2638 das,
304 2571 336 2624 et
360 2561 561 2642 aequalentia
587 2561 744 2620 intervos
766 2558 881 2619 exinde
902 2558 1047 2620 dividere
1069 2559 1120 2621 vel
1139 2574 1259 2632 exaequa-

196 2665 232 2704 re
261 2642 395 2706 t'aciatis.
434 2643 476 2702 Et
502 2643 589 2722 quod
610 2643 649 2701 ad
673 2652 794 2722 partem
813 2650 898 2698 tuam
920 2639 1036 2700 exinde
1059 2637 1176 2720 recipis,
1194 2634 1258 2716 quic·

196 2726 277 2806 quid
298 2723 414 2785 exinde
441 2725 546 2783 facere
571 2723 721 2798 volueris,
744 2722 876 2784 liberam
900 2729 931 2780 et
950 2720 1154 2782 firmissimam
1173 2717 1200 2776 in
1213 2736 1259 2774 on-

196 2808 291 2866 nihus
315 2806 429 2866 habeas
450 2815 637 2889 potestatem
657 2805 807 2866 faciendi.
848 2801 880 2863 Si
899 2803 971 2884 quis
999 2823 1095 2882 vero,
1122 2799 1198 2883 quud
1215 2815 1257 2856 nec

197 2889 266 2951 fieri
289 2888 395 2952 credo.
989 2924 991 2930 ·

598 3016 706 3078 Cautio
729 3016 768 3076 de
791 3018 886 3078 vinea.

276 3138 311 3200 L.
353 3134 491 3195 Domino
508 3133 597 3192 fratri
618 3131 676 3191 illo
697 3129 765 3193 ille.
805 3130 855 3190 Ad
867 3130 1021 3211 petitione
1042 3151 1112 3196 mea
1127 3125 1195 3188 mihi
1207 3143 1252 3183 nou

196 3218 376 3299 denegasti,
406 3216 468 3275 nisi
499 3215 590 3274 utin
614 3233 732 3274 summa
764 3213 949 3272 necessitate
979 3233 1049 3272 mea
1078 3217 1195 3292 argento
1214 3204 1252 3263 vel

195 3302 310 3363 amicto
338 3298 481 3358 ardentes
503 3297 620 3357 solidos
642 3303 746 3353 tantos
773 3294 806 3352 in
829 3315 925 3353 manu
945 3315 1014 3354 mea
1034 3295 1075 3356 ad
1099 3289 1252 3378 praestitum

193 3382 386 3446 beneficium
412 3379 490 3438 mibi
514 3376 706 3460 praestitisti.
747 3373 920 3456 Propterea
943 3376 1117 3458 oppignoro
1144 3371 1192 3432 tibi
1213 3389 1249 3427 n·

194 3487 286 3528 neam
307 3462 509 3544 proprietatis
535 3482 621 3520 meae
651 3459 683 3516 in
706 3479 786 3542 pago
817 3459 893 3536 ille,
925 3457 958 3516 in
987 3459 1059 3518 loco
1087 3457 1139 3538 qui
1159 3451 1249 3514 dicitur

193 3549 252 3609 illo
276 3548 445 3626 aripennos
470 3551 583 3604 tantos.
633 3538 805 3620 Subiungit
832 3539 872 3599 de
900 3539 1050 3601 ambobus
1074 3535 1206 3598 lateribus
1226 3536 1249 3588 el

193 3630 345 3691 ambobus
366 3626 522 3685 frontibus
543 3634 626 3684 terra
640 3622 697 3698 lui,
717 3623 801 3681 infra
824 3621 891 3703 ipsa
903 3619 1123 3682 terminatione
1140 3626 1168 3680 et
1181 3632 1247 3707 meq-

192 3734 265 3774 sura
289 3711 330 3770 ad
345 3708 514 3788 integrum,
537 3716 568 3768 et
588 3725 689 3785 usque
716 3724 814 3764 annos
827 3712 932 3763 tantos
951 3704 1091 3764 fructum
1109 3719 1192 3783 quem
1206 3694 1247 3752 ibl-

193 3797 265 3857 dem
289 3795 375 3854 Deus
397 3791 539 3863 dederit,
562 3788 601 3846 ad
633 3795 720 3866 parte
748 3796 801 3846 tua
833 3784 998 3864 elidiatum
1026 3785 1138 3846 babere
1157 3777 1244 3839 debeas

193 3888 225 3938 et
250 3897 308 3959 per
331 3873 532 3954 temetipsum
554 3869 619 3950 ipsa
636 3890 705 3927 mea
728 3867 914 3948 condirgere
936 3867 1046 3939 faciam
1068 3853 1243 3956 ecquomodo

192 3959 203 4019 i
226 3979 261 4026 so
293 3960 414 4016 fructus
439 3963 542 4014 tantos
562 3972 661 4010 annos
676 3957 846 4010 transactos
867 3947 1027 4026 habueris,
1049 3958 1080 4011 ct
1093 3945 1185 4008 debito
1200 3945 1241 4026 tuo

192 3981 251 4102 tibi
271 4038 453 4112 reddidero,
475 4034 654 4096 cautionem
679 4053 781 4092 meam
805 4049 864 4115 per
883 4029 1028 4102 munibus
1045 4027 1188 4118 recipiam,
1198 4025 1241 4081 sil·

190 4121 353 4208 pulsatione
375 4116 517 4182 subnixa.
558 4115 671 4179 Actum
692 4114 759 4176 illo.
