2746 4992
230 319 259 372 l.
281 320 348 370 cira
462 312 584 372 neuun
603 317 817 370 Fttlrtcotttttl
921 317 983 373 aas.
1127 297 1197 366 229

1214 425 1222 448 ἱ

106 457 139 516 in
155 455 410 516 consideratione
436 457 607 538 Episcopi,
643 457 818 518 seeundum
834 453 837 460 Δ
855 455 1064 537 quantitatem
1100 455 1195 514 laeti:

106 539 182 618 quia
197 537 425 598 fornicationes
440 548 471 598 et
495 538 651 600 adulteria
667 549 761 620 atque
787 537 978 614 homicidia,
1001 557 1127 596 necnon
1149 537 1197 594 in-

105 619 239 694 cendia,
262 618 439 696 ebrietates,
460 620 585 702 aliaque
600 623 789 706 quamplura
803 621 879 680 vitia
893 619 1009 679 exinde
1024 621 1194 699 prodeunt.

104 702 139 760 si
160 700 233 780 quis
252 711 358 760 autem
378 704 541 782 negaverit
558 705 695 777 lactum,
718 705 742 763 si
757 702 975 784 comprobatus
994 721 1058 758 non
1078 701 1195 777 suerit,

102 781 234 864 propria
253 803 348 841 manu
365 781 541 844 iuramento
556 807 587 844 se
608 786 796 845 excondicat
807 810 815 855 ;
839 792 970 865 excepto
997 782 1110 841 nostris
1131 804 1198 843 vas-

104 867 147 926 sis
172 863 368 939 dominicis,
380 887 438 946 pro
463 866 578 946 quibus
603 866 733 925 illorum
764 867 909 926 homines
938 862 1085 924 meliores
1114 863 1197 921 inra-

103 942 249 1005 mentum
266 947 458 1025 persolvent.
500 949 567 1009 Hoc
588 970 664 1008 vero
692 965 765 1009 cum
801 969 920 1009 summa
949 943 1115 1026 diligentia
1141 947 1197 1004 tali

103 1028 199 1088 modo
217 1029 450 1109 procurabitur,
1074 1027 1076 1032 ’

187 1108 226 1172 V.
268 1110 444 1192 Episcopus
459 1112 492 1170 in
515 1110 767 1192 cuiusparoohia
797 1109 914 1192 aliquis
939 1109 1115 1171 consistens
1137 1109 1194 1168 ali-

90 1190 185 1272 -quia
203 1189 411 1272 depraedatus
429 1193 541 1264 fuerit3
565 1193 664 1254 semel
683 1193 774 1255 etbis
790 1205 884 1276 atque
902 1193 1008 1268 tertio,
1025 1191 1196 1250 si'necesse

103 1273 222 1349 fuerit,
243 1273 370 1333 vocabit
395 1274 488 1334 illum
506 1297 561 1335 sua
589 1275 804 1336 admonitione
834 1295 893 1356 per
914 1293 1007 1334 suum
1027 1273 1196 1354 Presbyte-

90 1376 177 1415 rum
194 1355 349 1414 canonice
368 1357 407 1415 ad
422 1356 785 1436 emendationem·[sive
805 1359 844 1418 ad
860 1354 1143 1436 compositionem]
1165 1362 1198 1413 ct

104 1437 146 1496 ad
167 1437 415 1516 poenitentiam,
438 1448 474 1498 ut
490 1441 559 1498 Deo
581 1447 612 1499 et
628 1437 790 1500 Ecclesiae
804 1439 973 1500 satisfaciat
990 1457 1083 1516 quam
1098 1436 1197 1499 laesit.

103 1521 140 1578 Si
158 1528 264 1578 autem
286 1519 465 1600 despexerit
486 1531 581 1600 atque
605 1521 830 1603 contempserit
853 1521 921 1581 eius
948 1518 1197 1578 admonitionem

102 1610 200 1680 atque
220 1600 460 1664 saluberrimam
482 1603 724 1678 invitationem,
747 1602 844 1664 feriat
859 1601 953 1663 illum
962 1599 1116 1662 Pastorali
1137 1600 1197 1660 vir-

102 1705 152 1762 ga,
176 1681 238 1741 hoe
258 1692 315 1758 est,
338 1684 495 1744 sententia
516 1684 863 1761 excommunicationis,
886 1693 954 1744 uta
974 1681 1199 1742 communione

89 1773 233 1824 vsanctae
260 1764 422 1825 Ecclesiae
448 1767 653 1846 omniumque
684 1767 936 1828 Christianorum
955 1765 1005 1824 ,it
1037 1773 1196 1844 separatus

101 1846 266 1926 usquead
291 1869 463 1928 congruam
482 1849 728 1908 satisfactionem
760 1858 792 1909 et
814 1849 977 1930 [dignam]
1001 1845 1198 1904 emendatio*

104 1949 191 1990 nem.
214 1928 317 2014 Quam
332 1929 693 2009 excommunicationem
708 1931 835 1992 debebit
852 1931 935 1990 idem
951 1928 1127 2010 Episcopus
1143 1928 1198 1986 Se·

104 2009 194 2082 nipri
215 2009 301 2074 illius
328 2019 434 2071 uotam
456 2012 561 2074 facere
589 2021 620 2072 et
648 2012 794 2072 omnibus
823 2011 888 2072 suis
908 2011 1131 2092 'Coepiscopis,
1155 2028 1195 2068 nc

102 2113 181 2152 eum
205 2092 363 2173 recipiant
387 2115 487 2172 usque
511 2095 550 2154 ad
580 2093 750 2174 [dignam]
773 2093 1009 2156 satisfationem.

189 2171 246 2232 Vl.
287 2176 334 2232 De
352 2175 416 2235 illis
428 2175 598 2255 autemqui
617 2175 700 2235 infra
713 2176 895 2257 parochiam
909 2175 1065 2235 beneficia
1083 2181 1114 2232 et
1130 2171 1195 2230 alo-

88 2255 185 2314 ·dum
208 2271 271 2314 non
289 2255 478 2332 habent,et
495 2257 625 2317 alterius
651 2259 801 2340 Episcopi
829 2255 1014 2338 parochiani
1043 2265 1134 2330 sunt,
1163 2262 1194 2314 et

102 2337 185 2394 dum
206 2338 244 2396 ad
259 2347 380 2396 curtem
398 2350 553 2419 pergunt,
575 2348 630 2396 ant
653 2340 691 2399 de
710 2341 781 2400 loco
800 2343 839 2400 ad
859 2340 966 2399 loc'um
987 2339 1048 2398 iter
1060 2337 1194 2410 faciunt,

99 2419 232 2498 rapinas
247 2430 279 2480 et
295 2419 556 2498 depraedationes
590 2421 671 2480 infra
698 2423 879 2502 parochiam
906 2420 1046 2497 faciunt,
1075 2416 1197 2499 placuit

101 2502 199 2562 nobis
220 2503 271 2578 [et
290 2501 435 2561 fidelibus
453 2502 587 2580 nostris]
610 2512 645 2560 ut
663 2502 688 2561 si
715 2505 754 2561 ita
778 2525 877 2585 prope
910 2502 1121 2582 Episcopum,
1161 2507 1197 2556 ut

100 2583 136 2642 ei
152 2583 354 2663 depraedatio
372 2584 502 2642 illorum
524 2593 596 2642 nota
617 2584 687 2642 fieri
701 2587 808 2668 possit,
830 2593 998 2664 antequam
1014 2579 1195 2662 parochiam

100 2664 177 2724 eius
196 2673 328 2740 exeant,
350 2665 452 2724 mittat
484 2676 649 2726 strenuum
672 2677 704 2725 et
734 2667 925 2749 prudentem
951 2664 1193 2745 Presbyterum,

100 2747 164 2826 qui
185 2767 240 2806 sua
254 2747 323 2806 vice
338 2747 571 2807 rationabiliter
592 2749 663 2807 illos
681 2750 720 2808 ad
743 2749 998 2808 emendationem
1019 2755 1118 2804 uocet.
1155 2743 1192 2802 ln

99 2849 172 2906 quo
188 2829 333 2907 superior
346 2831 456 2889 modus
467 2829 703 2908 compositionis
716 2839 746 2890 et
763 2830 992 2890 emendationis
1005 2827 1194 2902 servabitur,

100 2912 131 2972 si
147 2910 251 2970 vocati
266 2909 374 2970 venire
394 2912 565 2975 voluerint.
607 2912 640 2971 Si
658 2933 735 2970 vero
751 2912 948 2972 vocationem
966 2919 1060 2992 atquc
1081 2928 1195 2991 ammo-¹

101 2991 265 3050 ultionem
284 2993 434 3074 Episcopi
455 2994 589 3073 superbe
615 2994 886 3073 contempserint,
914 2988 1008 3052 simili
1035 2989 1195 3051 sententia

101 3074 445 3134 excommunicationis
462 3076 620 3134 feriantur
639 3097 699 3156 qua
718 3087 753 3135 et
764 3075 812 3135 illi
836 3075 891 3155 qui
910 3075 991 3134 infra
1011 3073 1195 3155 parochiam

101 3177 158 3215 res
174 3165 228 3218 aut
244 3157 399 3216 beuelieia
418 3156 557 3232 habent,
580 3165 612 3215 et
626 3158 759 3238 insuper
790 3158 1122 3229 excommunicentur,
1155 3176 1195 3215 ne

103 3247 199 3296 extra
223 3238 403 3318 parochiam
436 3247 551 3330 exeunt
592 3249 761 3318 antequam
784 3239 928 3318 superius
953 3247 1067 3298 statuta
1095 3236 1194 3296 adim·
1283 3257 1285 3264 ·

102 3319 228 3400 pleant.
270 3322 414 3396 Quorum
434 3321 718 3380 excommunicatio
743 3321 869 3380 Seniori
892 3321 1021 3379 illorum
1055 3329 1085 3378 et
1118 3341 1195 3398 pro-

102 3399 180 3480 prio
204 3422 315 3460 eorum
335 3403 493 3484 Episcopo
518 3403 725 3484 significanda
747 3411 813 3476 est,
837 3425 875 3462 ne
899 3423 952 3462 eos
971 3401 1126 3482 recipiant
1142 3423 1195 3456 an-

101 3492 238 3622 tequapr
255 3482 333 3544 illue
349 3485 481 3546 redeant
495 3485 550 3544 ubi
569 3487 711 3570 rapinam
730 3486 897 3561 fecerunt,
920 3483 1028 3566 ibique
1056 3482 1195 3564 pleniter

104 3585 199 3624 emen
226 3574 329 3624 entur.

191 3665 267 3728 Vll.
309 3671 350 3728 Et
367 3670 518 3751 quoniam
531 3670 701 3752 Episcopi,
722 3672 778 3752 qui
794 3669 907 3731 nostris
929 3680 960 3730 et
978 3669 1042 3729 suis
1062 3676 1092 3728 et
1113 3691 1212 3726 com·-

105 3751 256 3812 munibus
283 3751 448 3814 Ecclesiae
470 3765 563 3834 atque
588 3755 683 3814 totius
699 3754 788 3835 regni
808 3751 1046 3814 necessitatibus
1063 3772 1196 3828 ¹occupa-

106 3834 132 3890 ti
153 3846 250 3910 sunt,
274 3856 337 3893 non
357 3836 466 3896 valent
490 3845 605 3896 cuncta
639 3837 699 3896 soli
724 3843 753 3918 q)
786 3835 966 3917 prospicere
999 3855 1079 3914 quae
1113 3833 1194 3889 infra

106 3915 188 3975 fines
207 3916 372 3996 parochiae
396 3919 524 3978 illorum
543 3928 789 4000 perpetrantur,
811 3917 975 3977 statuimus
989 3927 1024 3975 ut
1053 3914 1195 3994 quoties·

107 4017 237 4077 cunque
256 3999 404 4082 Episcopi
421 4001 438 4058 d
457 4000 584 4089 propria
598 4000 728 4062 civitate
738 3999 986 4081 digrediuntur,
1008 3997 1086 4060 tales
1107 3995 1195 4056 adiu-

115 4151 425 4166 m

146 4234 181 4304 q)
199 4233 236 4287 al.
256 4251 302 4291 ιι,
322 4236 383 4291 sibu
