2786 4980
270 343 304 398 ι
321 340 404 399 cna.
509 335 893 396 maturassemus
1008 339 1067 398 sn.
1174 320 1223 398 st

112 481 299 628 primemus,
326 479 381 541 rel
403 475 559 548 indebitis
578 477 871 542 machinationibus
897 475 1087 564 affligemus.
1129 479 1171 546 Et
1188 481 1225 542 il·

129 585 232 641 orum,
259 562 384 624 scilicet
402 561 564 622 veraciter
585 560 678 622 nobis
698 557 864 640 fidelium,
887 563 1051 623 communi
1076 563 1226 642 consilio,

110 646 296 710 seeundum
307 642 370 705 Dei
387 643 602 720 voluntatem,
619 651 652 706 et
663 664 832 704 commune
851 645 1093 723 salvamentum,
1111 645 1151 706 sd
1164 665 1229 706 res·

109 729 305 791 titutionem
323 733 452 786 sanetae
473 723 535 786 Dei
547 724 724 801 Ecclesiae,
746 735 779 786 et
799 733 916 786 statum
931 728 1035 809 regni,
1058 738 1091 790 et
1107 725 1146 788 ad
1167 726 1229 788 bu-

112 831 232 872 norem
248 809 377 890 regium
397 817 491 888 atque
512 827 622 886 pacem
640 807 753 892 populi
770 807 928 869 commissi
951 810 1043 872 nobis
1060 808 1227 892 pertiuen-

113 893 163 964 ai,
202 891 377 951 adsensum
399 888 644 971 praebebimus;
673 889 709 949 in
736 887 798 950 boc
821 890 924 950 atilli
944 911 1008 952 non
1029 892 1133 954 solu‘m
1160 911 1226 950 uon

115 975 187 1037 sint
205 973 300 1032 nobis
322 971 576 1032 contradicentes
604 978 637 1031 ct
659 971 846 1031 resistentes
868 972 907 1032 ud
930 971 985 1032 ista
1007 973 1226 1056 exsequenda,

117 1077 242 1119 ‘verum
262 1053 356 1114 etiam
372 1052 418 1114 sie
441 1053 505 1114 sint
525 1052 614 1113 nobis
633 1052 745 1113 lideles
763 1061 795 1113 et
814 1053 1011 1128 obedientes,
1030 1079 1066 1117 ac
1088 1054 1155 1116 veri
1174 1055 1229 1116 ad·

118 1139 249 1198 'autores
272 1145 368 1216 atque
392 1143 627 1216 cooperatores,
658 1153 737 1196 vero
763 1136 900 1197 consiliu
928 1145 961 1197 et
986 1136 1112 1199 siucero
1135 1136 1228 1196 suxi·

122 1220 172 1280 lio
198 1219 239 1278 ad
259 1218 317 1277 ista
336 1216 516 1299 peragenda
541 1237 624 1300 quae
648 1217 887 1300 praemisimus,
910 1219 994 1279 sieut
1021 1225 1228 1300 perrectum

122 1299 347 1381 unusquisque
372 1298 406 1358 in
429 1319 486 1360 suo
513 1299 627 1360 ordine
648 1307 683 1360 et
702 1307 787 1362 statu
802 1321 861 1361 suo
875 1299 1021 1384 Principi
1043 1308 1076 1362 et
1097 1320 1157 1361 suo
1173 1301 1228 1362 Se·

119 1383 208 1443 niori
226 1403 293 1442 esse
318 1379 424 1445 debet.

202 1464 276 1529 Vll.
318 1465 360 1522 Ut
380 1463 426 1522 sic
448 1461 544 1522 simul
566 1460 732 1523 coniuncti
753 1469 784 1522 et
808 1479 866 1524 nos
890 1462 1004 1524 fratres
1023 1462 1062 1523 ud
1085 1462 1226 1526 invicem

115 1554 152 1608 et
176 1565 235 1605 nos
259 1563 334 1605 cum
350 1543 502 1606 fidelibus
520 1545 647 1623 nostris,
669 1553 701 1606 et
721 1544 834 1605 fideles
864 1545 964 1606 nostri
990 1545 1169 1623 uobiscum,
1194 1555 1226 1608 et

115 1647 232 1689 omnes
251 1626 354 1688 simul*
369 1647 444 1686 cum
465 1629 536 1687 Deo
562 1643 620 1687 nos
644 1627 930 1706 reeoniungamus,
964 1635 999 1688 et
1017 1639 1053 1688 nt
1075 1628 1167 1690 nobis
1183 1629 1225 1690 sit

115 1708 294 1794 propitius,
319 1707 370 1768 illi
388 1729 448 1790 pro
471 1709 589 1774 devoto
605 1729 739 1770 munere
760 1708 928 1770 offeramus
946 1717 982 1768 ut
1001 1711 1225 1794 unusquisque

113 1791 272 1852 ‘omnium
294 1799 445 1867 nostram,
469 1790 589 1871 absque
614 1811 670 1850 sua
687 1790 816 1872 propria
833 1791 1039 1852 excusatione
1063 1793 1116 1855 vel
1136 1792 1226 1854 insti·

123 1873 291 1948 beaticus,
319 1892 580 1955 recognoscamus
600 1870 633 1930 in
653 1871 770 1954 quibus
791 1882 847 1933 aut
866 1872 1053 1954 singillatim
1069 1883 1124 1933 aut
1139 1895 1225 1934 eom-

124 1953 273 2014 muniter
287 1963 394 2014 eontra
411 1954 504 2015 illius
519 1953 666 2016 mandatu
682 1963 714 2014 et
736 1955 866 2016 decretu
884 1976 1013 2015 suorum
1034 1957 1226 2022 Sanctorum

122 2037 263 2098 fecimus
279 2045 331 2096 aut
353 2036 571 2098 consensimus
583 2035 617 2096 in
641 2035 755 2098 ordine
771 2035 986 2098 ecclesiastico
1006 2045 1038 2098 et
1056 2048 1139 2099 statu
1156 2057 1226 2120 reg-

123 2117 172 2196 ni,
196 2127 229 2178 et
239 2139 298 2200 per
315 2117 441 2201 singula
456 2118 490 2177 iu
511 2116 654 2179 medium
665 2117 724 2178 illa
743 2119 966 2202 producamus,
989 2128 1020 2180 et
1034 2141 1127 2180 nemo
1150 2140 1226 2181 uos-

121 2209 212 2260 trnm
227 2221 286 2260 suu
303 2209 355 2260 aut
372 2200 475 2261 amico
494 2209 550 2260 aut
569 2199 765 2284 propinquo,
786 2209 842 2261 aut
862 2201 1104 2278 confoederato,
1127 2201 1225 2262 immo

121 2303 186 2343 nee
205 2281 266 2342 sibi
287 2282 476 2343 seculariter
495 2289 623 2364 parent,
644 2289 682 2341 ut
704 2281 891 2362 spiritaliter
913 2291 945 2342 et
964 2284 1137 2344 salubriter
1154 2305 1226 2366 par·

122 2385 200 2426 cere
224 2365 332 2445 possit.
372 2363 475 2440 Quin,
496 2364 578 2425 sieut
591 2363 809 2447 praemisimus
824 2364 858 2424 iu
878 2365 1082 2460 praecedenti
1104 2367 1227 2448 capitu·

121 2447 177 2524 lo,
197 2464 284 2518 ‚vcro
309 2445 447 2507 consilio
468 2454 499 2506 et
519 2445 646 2508 sincero
660 2445 782 2508 auxilio
804 2446 860 2508 illa
878 2468 912 2506 ιιι
933 2467 1102 2508 commune
1120 2458 1225 2510 certa·

121 2528 182 2588 tim
196 2529 367 2590 emendare
386 2527 463 2589 totis
476 2527 599 2590 viribus
618 2547 839 2612 procuremus,
861 2549 958 2611 quam
971 2529 1066 2590 citius
1085 2529 1225 2592 ratione·

122 2608 237 2670 biliter
253 2610 440 2692 poterimus.
774 2679 776 2684 ,
962 2671 965 2678 ,

209 2691 301 2754 Vlll.
341 2693 429 2754 Etsi
451 2691 569 2774 aliquis
590 2689 630 2752 de
655 2691 790 2754 subditis
821 2691 855 2751 in
882 2711 1080 2773 quocunque
1108 2689 1225 2754 ordino

118 2781 160 2838 et
178 2781 261 2834 statu
285 2775 324 2836 de
354 2773 414 2836 hae
434 2773 662 2836 convenientia
684 2774 802 2835 exierit
823 2781 879 2834 aut
900 2795 933 2834 sc
956 2773 1143 2851 retraxerit,
1170 2775 1225 2835 vel

120 2854 203 2938 baie
230 2857 389 2916 communi
419 2855 548 2918 decreto
580 2857 827 2932 contradixerit,
851 2855 1001 2916 Seniores
1032 2876 1106 2916 cum
1134 2875 1226 2918 vera·

119 2939 206 2998 citer
230 2937 378 2999 fidelibus
399 2936 464 2999 suis
487 2937 567 2998 baec
594 2937 773 3000 secundum
794 2937 856 3000 Dei
885 2939 1085 3000 voluntatem
1115 2948 1148 3000 et
1174 2939 1225 2999 le·

119 3042 219 3102 gum,
251 3043 285 3080 ac
313 3020 426 3080 iustam
455 3021 630 3095 rationem,
659 3020 740 3081 velit
766 3029 821 3080 aut
851 3021 934 3082 nolit
953 3021 1011 3082 ille
1034 3021 1090 3104 qui
1112 3017 1224 3082 divino

119 3102 263 3174 consilio
283 3111 317 3164 et
337 3103 477 3178 decreto,
499 3101 531 3162 et
551 3100 628 3163 huic
653 3102 901 3165 convenientiae
925 3104 1078 3166 resistens
1100 3112 1133 3164 et
1149 3123 1225 3163 eou-

119 3179 287 3246 tradieeus
307 3183 426 3261 luerit,
453 3193 680 3265 exsequantur.
715 3183 762 3245 ‘Et
784 3183 811 3246 si
831 3186 947 3267 aliquis
969 3186 1009 3247 de
1034 3185 1224 3247 Senioribus

119 3266 164 3327 de
192 3267 253 3326 hae
277 3266 504 3326 convenientia
518 3265 635 3327 exierit
650 3273 705 3325 aut
721 3287 754 3327 se
774 3269 955 3346 retraxerit,
973 3267 1025 3328 vel
1042 3267 1120 3328 huic
1140 3289 1225 3330 cum·

118 3348 217 3409 muni
239 3349 381 3424 decreto,
403 3348 491 3430 quod
512 3347 602 3425 absit,
624 3347 867 3425 contradixerit,
882 3371 955 3409 cum
976 3348 1086 3431 plures
1107 3350 1224 3412 Senio·

118 3451 198 3492 rum
220 3439 400 3490 nostrorum
426 3430 536 3491 fideles
554 3439 586 3492 et
602 3451 775 3510 regnorum
796 3431 950 3510 primores
969 3437 1002 3491 iu
1023 3451 1126 3492 uuum
1143 3451 1224 3492 eon·

121 3511 288 3589 venerint,
311 3531 422 3572 eorum
437 3513 493 3594 qui
516 3509 595 3574 haec
622 3510 864 3573 observaverint
887 3512 1058 3574 Seniorum
1082 3512 1222 3572 consilio

121 3604 156 3656 ct
171 3595 406 3676 Episcoporum
425 3593 546 3655 iudicio
567 3615 604 3654 ac
625 3594 787 3654 communi
818 3613 994 3669 consensu,
1023 3594 1163 3674 qualiter
1185 3592 1226 3653 de

124 3697 165 3738 eo
188 3677 248 3757 qui
270 3677 376 3736 debite
401 3676 582 3738 admonitus
599 3673 828 3757 incorrigibilis
850 3675 1105 3756 perseveraverit
1125 3691 1226 3756 agen-

124 3759 204 3820 dum
229 3758 281 3835 sit,
303 3757 429 3819 favente
451 3759 591 3820 Domino
613 3760 834 3820 decernemus.
875 3757 918 3816 Et
932 3765 968 3816 ut
991 3755 1143 3816 obnixius
1174 3775 1226 3815 su-

122 3841 302 3920 prascripta
320 3841 459 3922 capitula
489 3863 507 3902 u
533 3839 636 3915 nobis,
663 3839 838 3900 auxiliante
864 3837 1026 3913 Domino,
1057 3836 1227 3899 inviolabi-

124 3923 200 3983 liter
226 3924 455 4001 observentur,
484 3932 587 3984 et'nos
609 3921 666 3981 illa
687 3922 908 3982 observaturos
925 3919 1043 3982 certius
1066 3919 1232 3995 credatur,

124 4005 434 4087 manibuspropriis
455 4006 568 4065 eadem
587 4003 697 4066 subter
718 4002 922 4065 firmavimus.

385 4085 672 4148 Aurunrrsrro
715 4088 956 4149 Heoraanrr.

205 4169 365 4230 Volumus
384 4179 421 4229 ut
442 4191 498 4230 vos
520 4163 648 4251 sapiatis
670 4167 751 4251 quid
775 4177 883 4230 noster
906 4167 1063 4229 adventus
1082 4164 1136 4228 bic
1156 4167 1229 4230 iuo-

125 4249 175 4312 rit.
218 4250 376 4316 Venimus
399 4251 453 4314 bic
474 4259 511 4312 ut
530 4251 647 4332 simul,
669 4251 846 4316 adiurante.
863 4253 954 4329 Deo,
980 4269 1054 4310 eum
1078 4249 1228 4314 fidelibus
