2658 4978
185 335 256 409 114
392 349 521 404 acan.
626 311 864 402 eiriromam
968 349 1030 402 sss.

179 499 223 561 Et
247 493 341 557 etiam
368 509 441 550 suos
462 488 574 549 fratres
603 491 735 567 nepotes
764 492 889 548 nostros
920 483 954 546 in
984 481 1047 545 hac
1075 481 1261 550 adunationis

180 577 326 640 firmitate
340 571 507 632 nobiseum
521 568 721 648 recepimus,
743 565 786 628 ita
801 576 906 629 tamen
929 567 956 629 si
973 575 1006 628 et
1026 565 1089 651 ipsi
1116 565 1196 630 hanc
1215 569 1261 632 fir·

181 661 322 724 mitatem
344 675 419 736 erga
441 673 498 714 nos
516 651 653 713 feceriut
673 657 707 710 et
726 649 977 712 observaverint.

264 770 325 836 lll.
366 770 409 830 Et
436 767 540 829 sciatis
569 765 646 848 quia
677 785 741 824 non
767 765 916 826 volumus
937 772 975 824 ut
1000 763 1089 825 ullus
1114 761 1262 826 internos

182 857 298 921 abhinc
313 853 441 912 inantea
463 850 526 910 alia
549 849 646 911 verba
669 855 796 930 portet,
828 847 890 910 nisi
913 846 991 906 talia
1016 868 1099 928 quae
1122 849 1188 906 Deo
1210 847 1263 906 siut

180 940 308 1086 placita,
328 944 360 996 et
377 953 459 1015 quae
483 931 522 991 ad
551 940 691 991 nostram
708 950 909 989 communem
927 931 1067 990 salutem
1086 937 1118 987 et
1138 938 1263 989 nostrum

207 1039 339 1084 onorem
357 1014 540 1099 pertineant
548 1023 566 1083 ;'
587 1021 623 1072 nt
642 1011 688 1072 sic
711 1011 808 1074 simus
837 1011 920 1072 sicut
939 1012 1056 1072 fratres
1082 1011 1116 1068 iu
1141 1011 1263 1072 invicem

182 1117 215 1167 et
235 1101 337 1186 patrui
360 1118 434 1158 cum
463 1095 649 1175 nepotibus,
680 1101 712 1154 et
734 1102 865 1174 nepotes
892 1114 966 1155 cum
991 1093 1115 1174 patruis
1133 1113 1196 1152 esse
1216 1093 1263 1152 de·

182 1189 269 1249 beut.
309 1183 352 1242 Et
376 1180 402 1241 si
428 1175 543 1257 aliquis
567 1174 665 1236 luerit
690 1174 746 1255 qui
768 1173 831 1235 hoc
857 1175 962 1236 facere
986 1174 1177 1249 tentaverit,
1201 1195 1264 1255 pro·

183 1271 320 1331 ducatur
340 1262 372 1322 in
392 1259 534 1322 medium
556 1259 593 1319 ad
615 1256 790 1333 rationem,
812 1265 845 1317 et
874 1257 982 1319 taliter
1011 1257 1090 1318 inde
1113 1256 1265 1338 castigetur

183 1361 220 1413 ut
241 1368 336 1410 nemo
360 1344 441 1404 alius
463 1339 578 1402 similia
600 1359 693 1421 agere
718 1346 829 1404 tentet.

266 1429 325 1491 lV.
367 1427 409 1487 Et
431 1424 580 1486 volumus
597 1431 633 1480 ut
653 1418 818 1481 Ecclesiae
840 1429 872 1481 et
885 1420 983 1482 Casae
1000 1419 1076 1498 Dei,
1098 1429 1131 1481 et
1148 1419 1263 1503 Episco-

184 1515 218 1600 pi
238 1521 271 1574 et
288 1507 349 1571 Dei
373 1506 530 1580 homines,
554 1503 673 1564 Clerici
698 1511 731 1563 et
753 1501 921 1579 Monachi‚
950 1512 983 1563 et
1013 1503 1158 1579 Nonnae,
1183 1503 1263 1563 talem

185 1589 440 1659 mundeburdem
465 1596 498 1648 et
517 1585 674 1646 honorem
699 1582 835 1646 habeant
859 1583 943 1647 sicut
963 1593 1111 1669 tempore
1137 1595 1263 1646 anteces-

185 1698 293 1744 sorum
313 1681 494 1734 nostrorum
514 1667 706 1728 habuerunt.

266 1781 306 1845 V.
347 1778 390 1840 Et
405 1775 551 1835 volumus
577 1782 612 1834 nt
635 1794 692 1833 ros
711 1782 743 1834 et
766 1774 883 1835 caeteri
908 1771 1058 1835 homines
1080 1771 1185 1834 fideles
1208 1795 1264 1834 uos·

184 1866 227 1930 tri
247 1864 344 1924 talem
363 1861 467 1939 legem
485 1867 516 1918 et
536 1854 764 1917 rectitudinem
783 1864 815 1916 ct
833 1858 896 1918 tale
917 1857 1150 1917 salvamentum
1167 1854 1197 1914 in
1209 1877 1264 1938 reg·

187 1949 236 2009 nis
256 1942 371 2005 nostris
394 1938 536 1999 habeatis
562 1938 645 1999 sicut
672 1945 888 2000 antecessores
906 1937 1004 2000 vestri
1025 1947 1168 2020 tempore
1190 1948 1263 1998 ante·

187 2047 349 2092 sessorum
375 2030 556 2083 nostrorum
579 2019 776 2090 habuerunt;
806 2029 838 2082 et
864 2041 922 2081 nos
951 2021 1051 2080 talem
1077 2021 1223 2080 honorem
1240 2028 1263 2078 et

186 2121 307 2174 rectam
330 2113 515 2189 potestatem
538 2102 572 2161 in
589 2109 695 2160 nostro
718 2100 807 2182 regio
829 2101 958 2163 nomine
980 2102 1068 2183 apud
1089 2124 1142 2163 ros
1165 2101 1262 2174 habea-

188 2215 258 2255 mus
280 2190 363 2252 sicut
384 2185 484 2247 nostri
508 2193 721 2244 antecessores
746 2182 831 2263 apud
855 2194 976 2246 vestros
996 2176 1205 2246 antecessores
1221 2185 1262 2242 ha·

187 2279 345 2338 buerunt:
368 2279 401 2331 et
416 2266 535 2327 iustitia
557 2275 589 2325 et
606 2265 659 2325 len
675 2265 822 2326 omuibus
840 2276 1061 2343 conservetur,
1084 2276 1116 2328 et
1130 2287 1261 2349 pauperes

189 2356 334 2420 homines
351 2351 445 2411 talem
463 2346 683 2410 defensionem
705 2345 843 2408 habeant
869 2347 953 2408 sicut
978 2357 1123 2430 tempore
1142 2360 1261 2408 anteces-

190 2459 298 2504 sorum
316 2443 496 2495 nostrorum
520 2432 574 2490 lex
595 2437 627 2488 et
653 2428 850 2490 consuetudo
864 2430 935 2507 fnit,
954 2439 985 2490 et
1004 2430 1092 2490 sieut
1107 2431 1157 2492 hic
1173 2431 1260 2491 fideles

191 2519 291 2583 nostri
309 2515 523 2579 communiter
535 2518 776 2586 consenserunt,
798 2521 829 2570 et
847 2512 964 2594 scripto
981 2513 1075 2573 nobis
1096 2514 1261 2574 demonstra·

191 2610 321 2677 verunt,
347 2607 378 2660 et
400 2618 457 2658 nos
478 2617 552 2656 cum
573 2591 702 2652 illorum
729 2593 864 2654 consilio
884 2594 1102 2656 consentimus
1125 2605 1156 2656 et
1178 2596 1262 2656 obser·
1310 2639 1311 2644 1

189 2684 258 2750 vari
279 2679 490 2744 communiter
510 2676 666 2737 volumus.
706 2675 748 2734 Et
764 2675 790 2736 si
810 2676 926 2758 uliquis
946 2676 1009 2736 hoc
1029 2678 1206 2759 perturbare
1220 2697 1261 2735 ro·

192 2766 310 2842 luerit,
332 2787 351 2823 a
369 2761 461 2822 nullo
489 2767 632 2818 nostrum
659 2755 852 2837 recipiatur,
875 2757 936 2819 nisi
960 2766 997 2818 ut
1025 2761 1140 2820 autad
1163 2768 1260 2820 rectam

192 2852 351 2912 rationem
378 2852 432 2903 aut
466 2841 506 2902 ad
538 2837 760 2899 rationabilem
793 2837 1013 2922 indulgentiae
1048 2843 1260 2904 concessionem

195 2932 381 2994 deducatur.
1102 2935 1107 2945 ·

275 3011 334 3071 Vl.
377 3003 440 3067 Sed
462 3013 493 3065 et
517 3002 557 3064 de
580 3001 646 3062 istis
668 3001 786 3084 rapinis
810 3013 843 3063 et
864 3002 1174 3084 depraedationibus,
1200 3024 1259 3083 qum

196 3099 259 3158 iam
276 3088 366 3174 quasi
387 3087 530 3169 prolege
548 3084 641 3144 multi
652 3096 722 3164 'per
737 3086 1005 3167 consuetudinem
1024 3097 1145 3162 tenent,
1166 3087 1259 3146 abhoc

199 3179 251 3239 die
278 3183 310 3235 et
329 3170 480 3250 deinceps
501 3168 540 3227 de
560 3167 621 3226 Dei
635 3166 741 3226 banno
763 3167 851 3227 etde
871 3178 979 3228 nostro
1000 3170 1097 3228 verbo
1119 3170 1259 3230 bannimus

199 3269 235 3320 ut
264 3275 356 3315 nemo
385 3251 448 3310 boc
473 3249 607 3332 amplius
636 3257 821 3330 praesumat.
876 3251 942 3316 Sed
963 3252 1178 3332 unusquisque
1196 3251 1261 3311 inlra

118 3397 122 3403 ,
198 3338 332 3423 patriam
353 3355 426 3395 curn
449 3353 525 3414 pace
544 3340 576 3391 et
596 3331 664 3391 sine
688 3330 890 3413 oppressione
907 3355 1083 3412 pauperum
1106 3345 1136 3395 et
1147 3334 1260 3395 circnm-

200 3417 399 3484 manentium
420 3414 604 3489 consistant,
620 3423 659 3473 et
676 3410 706 3470 iu
724 3413 846 3473 hostem
871 3415 922 3475 vel
943 3416 982 3474 ad
998 3416 1147 3496 placitum
1165 3417 1219 3477 sire
1231 3407 1260 3470 ad

201 3512 323 3568 curtem
336 3498 478 3572 veniens,
500 3497 540 3556 de
558 3516 614 3556 suo
630 3493 675 3554 sic
691 3494 842 3554 watrnitus
863 3505 894 3556 et
911 3497 1062 3557 dedomo
1079 3521 1132 3560 sua
1150 3501 1259 3568 moveat,

202 3598 238 3648 ut
260 3600 430 3663 cumpace
453 3578 563 3640 venire
590 3585 622 3636 et
647 3575 811 3635 nobiscum
837 3587 917 3638 stare
940 3590 972 3639 et
994 3579 1034 3639 ad
1055 3581 1178 3641 domum
1194 3595 1260 3640 suam

200 3668 308 3732 redire
333 3661 439 3746 possit.
480 3661 522 3720 Et
538 3658 594 3740 qui
617 3658 677 3717 boc
702 3660 1047 3739 transgressusfuerit,
1068 3664 1146 3724 sicut
1168 3655 1259 3736 tempo·

201 3775 237 3813 re
263 3756 498 3807 antecessorum
525 3750 705 3802 nostrornm
726 3742 923 3802 consuetudo
947 3743 1028 3817 fuit,
1050 3754 1082 3804 et
1101 3746 1132 3805 iu
1157 3744 1258 3803 illorum

202 3829 358 3913 Capitulis
381 3825 577 3968 pontinetur,
602 3823 749 3884 volomus
765 3831 801 3882 ut
820 3821 881 3885 hoc
907 3824 1026 3887 inillis
1049 3818 1258 3910 transgressori-

201 3917 261 3976 bus
287 3931 377 3970 emen
404 3917 484 3967 etur.

286 4016 360 4081 Vll.
402 4011 558 4076 Similiter
573 4023 605 4074 et
620 4012 658 4073 de
683 4011 990 4094 conspirationibus,
1016 4022 1047 4073 et
1067 4012 1105 4074 de
1125 4006 1209 4092 raptis
1228 4001 1241 4061 l
1251 4031 1259 4045 ·

202 4101 362 4163 minarum
384 4109 446 4158 tam
477 4097 643 4174 viduarum
672 4117 767 4178 qnam
791 4105 822 4156 et
849 4096 1031 4177 puellarum
1047 4095 1142 4175 atque'
1162 4105 1260 4176 nonna·

203 4205 287 4259 rum,
308 4180 477 4244 bannimus
502 4177 632 4258 exo-Dei
659 4185 691 4237 et
715 4187 822 4240 nostro
851 4177 949 4239 verbo
973 4187 1009 4236 ut
1037 4178 1141 4238 nullus
1162 4173 1212 4231 hoo
1235 4180 1258 4220 ¹¹¹

202 4264 311 4348 regnis
331 4261 447 4351 nostrip
472 4257 565 4345 ogere
589 4267 778 4346 praesumat.
819 4259 862 4322 Et
885 4257 910 4320 si
933 4259 1004 4344 quis
1025 4257 1087 4322 hoc
1108 4265 1258 4343 praesump-
