2712 4992
525 321 835 380 transmontanus
876 367 879 373 .
1150 305 1221 390 315

551 472 632 528 Item
658 467 800 546 prologo.

201 581 238 639 In
262 579 392 641 nomine
413 589 538 641 sanctae
551 581 728 642 Trinitatis.
769 584 981 661 Prosperum,
1006 576 1154 655 salubre,
1189 589 1223 642 et

112 659 192 721 satis
219 661 394 724 iocandum
424 682 492 723 csse
524 665 705 726 censuimus
732 675 768 724 ut
796 665 891 724 homo
922 663 961 722 da
987 665 1106 726 caduca
1126 661 1230 744 quise,
1292 697 1295 704 ¹

109 741 203 822 piam
226 742 327 803 seculi
349 743 388 802 ad
411 753 539 826 peccata
564 769 619 808 sua
648 747 871 807 redimendum
891 745 996 805 valeat
1014 744 1140 823 offerre,
1163 751 1223 804 aut

109 825 198 902 quid
225 826 421 907 promptiore
447 828 599 904 consilio,
626 837 661 889 ut
703 829 799 890 Immo
834 829 873 888 de
911 827 1082 890 mundanis
1117 825 1214 887 rebus

110 904 218 970 secuti
258 917 420 989 comparet
456 905 657 992 paradisum,
696 920 728 972 et
757 913 797 972 de
828 920 955 971 terrena
981 907 1156 971 substantia
1180 927 1218 970 se

111 991 288 1050 transferat
318 991 534 1054 incoelestia.
576 995 689 1076 ltaque
716 1014 776 1074 ego
798 992 853 1052 ille
874 1011 932 1072 pro
960 991 1071 1053 divino
1097 989 1220 1052 intuitu

112 1080 148 1131 et
168 1071 232 1132 mei
252 1073 401 1132 mercede
426 1076 633 1156 compendii,
657 1079 692 1134 ut
712 1097 763 1136 me
785 1073 941 1136 Dominus
959 1074 1152 1134 infuturum
1166 1089 1221 1133 ve·
1263 1070 1270 1100 ‘³

114 1153 203 1214 triam
224 1155 586 1236 concedere'dignetur,
609 1156 661 1218 vel
679 1166 715 1216 at
736 1177 853 1218 nomeu
875 1153 983 1216 meum
1001 1156 1037 1228 in
1060 1155 1143 1216 libro
1168 1155 1218 1215 vi-

114 1245 167 1297 tae
190 1235 409 1312 adscribatur,
431 1238 517 1298 dono
538 1239 577 1299 ad
609 1238 758 1300 iamdicto
778 1238 970 1300 monasterio
991 1238 1025 1298 in
1048 1236 1219 1299 luminari·

114 1319 175 1378 bus
196 1317 360 1381 Ecclesiae
382 1319 432 1379 vel
455 1320 488 1378 in
515 1321 888 1403 stipendiispanperum'
907 1332 961 1383 aut
975 1318 1218 1394 Monachorum,

115 1400 334 1483 donatumque
356 1399 426 1461 iure
450 1403 593 1484 legitimo
615 1412 683 1467 esse
705 1403 790 1464 volo.

536 1511 783 1591 Itemsprologo.

194 1593 280 1652 Dum
299 1589 395 1652 huius
415 1591 555 1673 exempli
578 1592 611 1650 in
632 1593 770 1673 quodam
793 1592 938 1654 noscitur
950 1590 1121 1668 cecidisse,
1135 1588 1218 1672 pati»

107 1694 189 1734 mur
208 1695 384 1751 erumnam,
406 1683 440 1735 et
459 1675 510 1735 die
527 1674 638 1735 mortis
655 1675 773 1736 cotidie
795 1685 868 1736 ante
891 1675 1001 1737 oculos
1020 1673 1219 1754 suspicamur

107 1777 181 1817 esse
202 1756 400 1838 propinqua,
430 1766 554 1838 oportet
582 1756 761 1837 unicuique
789 1759 830 1817 ob
853 1778 958 1816 amore
987 1755 1136 1819 coelestis
1159 1775 1218 1836 pa-

105 1838 192 1898 triae
214 1837 394 1898 devotionis
423 1840 511 1899 lucra
540 1839 708 1920 complecti
725 1847 756 1900 et
775 1861 825 1899 res
851 1839 911 1900 sibi
937 1839 1023 1907 datas
1038 1838 1071 1895 in
1086 1837 1219 1897 Sancto·

105 1942 185 1980 rum
212 1921 264 1980 vel
290 1920 384 1980 etlam
412 1921 626 2002 indigentium
653 1921 761 1982 usibus
783 1925 919 2004 alegatas
943 1913 1151 2001 relinquere,
1182 1927 1219 1977 ut

133 2012 317 2063 eccatornm
339 2004 493 2084 pondera,
518 2023 601 2084 quae
629 2004 830 2084 pontificium
853 2003 1051 2086 poenitendo
1076 2021 1141 2060 non
1167 2023 1218 2060 va·

108 2025 323 2162 lent'laxare,
344 2085 383 2144 ab
405 2107 512 2146 eorum
540 2086 769 2146 intercessione
791 2086 921 2170 plenius
942 2086 983 2148 ad
1011 2082 1140 2149 veniam
1159 2082 1219 2143 de-

108 2167 209 2228 beant
231 2167 412 2250 pervenire.
455 2167 578 2228 Idcirco
600 2190 659 2249 ego
681 2169 748 2233 ille.

194 2270 275 2333 Item
296 2274 358 2333 olio
377 2273 509 2356 prologo
531 2276 690 2358 cumipse
712 2275 881 2335 donatione
903 2273 947 2334 od
966 2275 1031 2334 lroc·
1045 2294 1134 2356 opas.

148 2401 149 2406 κ
193 2355 250 2420 111.
293 2357 405 2417 Mundi
441 2357 613 2416 terminum
649 2358 752 2417 ruinis
797 2356 1073 2418 crebrescentibus
1105 2353 1221 2436 adpro-

105 2436 322 2518 pinquantem
344 2437 465 2498 indicia
483 2449 569 2499 certa
590 2441 793 2499 manifestant
822 2448 854 2498 et
876 2438 1096 2520 experimenta
1120 2434 1219 2514 liqui·v

106 2521 152 2579 da
175 2521 336 2580 declarare
360 2531 546 2598 noscuntur,
569 2523 661 2582 etad
682 2521 899 2582 discutiendas
919 2529 1084 2598 torpentes
1105 2516 1220 2588 infide-¹

106 2601 193 2660 lium
219 2613 341 2663 mentes
365 2603 421 2662 illa
445 2605 566 2664 dudum
591 2604 623 2662 in
645 2604 821 2684 evangeliis
845 2604 862 2662 a
887 2603 1026 2662 Domino
1050 2601 1134 2660 dicta
1151 2618 1220 2673 ora·-¹

107 2684 187 2742 cula
214 2683 398 2745 incumbere
421 2697 606 2750 noscuntur.
655 2687 741 2767 Ergo
772 2705 886 2766 operae
912 2684 1052 2766 pretium
1079 2680 1218 2739 arbitror
1306 2710 1308 2716 1

104 2767 257 2842 futurum
281 2767 503 2848 uicissitudine
523 2789 759 2851 praeoccupans
785 2766 981 2848 anticipare,
1003 2775 1036 2825 et
1056 2763 1217 2822 incertum

105 2847 270 2908 hnmanae
286 2850 481 2912 conditionis
498 2860 648 2910 eventum
662 2849 763 2931 sagaci
776 2850 890 2910 mentis
904 2844 1024 2908 intuitu
1036 2843 1217 2930 providere5

106 2935 272 3010 quartanas
294 2953 332 2992 ex
354 2933 416 2993 hoc
441 2933 571 2993 inllictis
585 2933 762 2992 facinorum
783 2932 981 3008 vulneribus,
1006 2929 1132 2990 indulta
1152 2926 1220 3010 ple-

109 3019 187 3087 tate,
210 3015 352 3074 remedia
372 3036 496 3075 merear
515 3013 657 3097 adipisci.
698 3017 783 3096 Ergo
803 3035 862 3096 ego
883 3015 915 3073 in
938 3015 998 3076 Dei
1025 3008 1218 3073 nominei‘l-

111 3093 198 3152 leet
221 3096 339 3156 coniux
362 3119 431 3156 mea
459 3098 780 3157 illacensidcrantes
805 3119 868 3178 qua
898 3117 1068 3178 gravamur
1094 3092 1220 3155 sarcina

111 3187 336 3257 peccatorum,
360 3192 392 3241 et
416 3180 660 3240 reminiscentes
685 3179 862 3259 bonitatem
882 3179 943 3238 Dei
968 3177 1127 3239 dicentis:
1149 3175 1219 3235 Da-

114 3269 142 3315 te
172 3259 423 3338 eleemosynam,
451 3277 480 3322 et
499 3265 604 3322 onznia
629 3263 744 3321 mimda
756 3263 849 3345 finnt
873 3263 976 3333 vobio,
1000 3263 1039 3322 de
1061 3267 1147 3320 tanta
1162 3254 1219 3338 igi·

112 3348 165 3398 tur
186 3341 390 3404 miseratione
418 3353 450 3404 et
471 3337 589 3427 pietate
612 3345 743 3404 Domini
767 3344 889 3421 confisi,
913 3343 1033 3404 idcirco
1059 3339 1218 3424 perhanc

112 3421 281 3503 epistolam
301 3426 475 3503 donamus,
499 3428 714 3508 donatumque
744 3427 777 3484 in
806 3434 999 3508 perpetuum
1025 3445 1092 3486 esse
1119 3423 1219 3482 ‘rolu-

111 3525 201 3580 mus,
236 3516 332 3588 atque
362 3510 401 3570 de
436 3509 506 3568 iure
536 3519 643 3570 nostro
677 3511 709 3567 in
746 3518 899 3589 potestate
931 3517 962 3568 et
1000 3504 1217 3568 dominatione

111 3588 302 3672 M'onasterii
328 3591 417 3652 illius
439 3591 472 3648 in
494 3592 617 3651 honore
647 3591 754 3650 Sancti
783 3591 871 3651 illius
893 3590 927 3650 in
949 3611 1030 3671 pago
1057 3590 1114 3649 illo
1137 3607 1218 3646 con·

111 3671 247 3750 structi,
270 3673 323 3733 ubi
347 3683 473 3755 praeest
487 3673 679 3735 venerabilis
694 3674 751 3734 ille
777 3674 877 3748 Abba,
892 3673 942 3731 vel
958 3683 1064 3732 turma
1081 3669 1219 3751 plurima

111 3752 345 3816 Monachorum
375 3757 530 3834 adunata,
565 3755 807 3816 transmittimus
841 3765 935 3836 atque
965 3753 1219 3830 transfundimus

110 3833 206 3895 villas
234 3849 456 3918 nuncupantes
478 3839 561 3912 illas,
583 3839 659 3900 sitas
680 3837 716 3896 in
737 3861 817 3922 pago
843 3837 913 3914 itto,
938 3859 1011 3898 cum
1035 3837 1138 3912 ternis,
1159 3836 1219 3896 due

111 3917 229 3998 mibus,
251 3922 416 3998 aediliciis,
441 3921 618 3999 accolabus,
640 3922 819 4002 mancipiis,
849 3921 971 3996 vineis,
1001 3919 1108 3994 silvis,
1132 3939 1219 3979 carn.-

111 4003 173 4082 pis,
195 4003 305 4082 pratis,
328 4005 464 4086 pascuis,
487 4004 590 4084 aquis,
610 4024 803 4084 aquarumve
827 4003 1024 4078 decursibus,
1047 4001 1241 4075 adiunctis*

113 4085 312 4164 adiacentiis,
336 4087 547 4166 appendiciis,
569 4087 732 4166 peculium
755 4086 923 4168 utriusque
950 4091 1063 4160 senas,
1085 4084 1219 4144 'mobilit-

112 4169 172 4229 bus
202 4177 235 4230 et
258 4167 483 4240 immobilibus;
506 4171 589 4230 sicut
614 4191 630 4228 a
654 4169 747 4229 *nobis
775 4167 1102 4247 moderno·tedrpore
1122 4168 1221 4248 possi

114 4252 301 4333 detur,ch
327 4255 356 4316 si
380 4254 509 4314 inantea
537 4253 581 4312 ibi
612 4253 830 4334 undecunque
857 4251 983 4334 aliquid
1006 4246 1220 4332 zauss'nlentuae
