2712 4992
522 307 623 364 arasa
655 305 788 364 seruus
1143 294 1213 364 301

112 458 195 510 tram
215 447 375 510 firmamus
381 471 391 524 ,-
413 448 647 532 praecipientes
669 450 756 510 enim
777 456 814 510 ut
833 449 918 514 sicut
938 450 974 512 et'
989 445 1110 531 reliqui
1129 474 1217 514 man·

109 531 228 609 suarii,
250 531 309 615 qui
329 551 390 613 per
410 531 506 592 talem
526 527 658 592 titulum
678 531 696 590 i
717 531 793 614 iugo
814 533 976 594 servitutis
1005 529 1038 591 in
1061 554 1218 614 praesen·

109 613 157 673 tia
176 613 367 696 Principum
386 624 654 690 noscunturnesse
675 613 810 674 relaxati
831 614 987 698 ingenui,
1009 613 1053 675 ita
1076 625 1108 676 et
1127 639 1217 678 amo·

109 697 154 756 tio
176 699 368 780 memoratus
388 696 445 758 ille
465 716 526 777 per
546 705 656 756 nostro
677 705 850 778 praecepto
870 698 1000 779 plenius
1022 695 1056 756 in
1076 698 1139 760 Dei
1160 721 1217 761 uo·

108 777 200 839 mine
222 778 428 840 confirmatus
450 777 578 839 nullum
598 779 836 860 inquietantem
861 781 932 842 Deo
960 778 1137 842 auxiliante
1157 804 1217 864 pe-

108 859 290 943 rennisque
316 861 514 944 temporibus
543 880 617 922 cum
637 863 710 938 Dei¹
722 871 755 920 et
775 871 883 924 nostra
904 861 1006 948 gratia
1026 861 1131 926 valeat
1146 886 1218 950 per-

109 963 242 1008 manere
261 943 528 1028 bercingeuuus
549 953 644 1026 utque
663 965 807 1009 securus.
1035 946 1038 954 '

424 1073 543 1136 Charta
564 1073 604 1134 de
625 1095 720 1136 causo
740 1089 900 1158 suspensa.

193 1188 325 1258 XXIII.
367 1189 751 1274 Cognoscatmagnitudo
772 1210 830 1250 seu
853 1185 978 1251 utilitas
1000 1195 1117 1268 vestre,
1139 1189 1217 1254 dum

117 1283 152 1337 et
171 1293 227 1336 nos
249 1275 290 1336 ad
310 1294 461 1358 praesens
484 1271 756 1356 apostolicoriro
787 1271 846 1332 illo
877 1273 945 1348 (aut
963 1271 1102 1334 ¹inlustri
1135 1275 1217 1354 viro)

114 1379 175 1440 pro
192 1357 308 1420 nostris
327 1356 518 1419 utilitatibus
537 1355 699 1426 ambulare
713 1351 1050 1436 praecepimus,ideo
1068 1355 1216 1420 iubemur

11 1455 18 1464 ·
115 1447 152 1499 ut
182 1439 259 1500 dum
278 1439 343 1502 illis
364 1438 507 1522 partibus
527 1438 629 1500 fuerit
650 1436 850 1512 demoratus,
884 1431 995 1498 omues¹
1015 1457 1124 1500 causas
1145 1463 1217 1503 suas

112 1521 246 1601 suisque
268 1521 377 1582 amicis
398 1530 453 1582 aut
475 1521 632 1604 gasindis,
654 1517 713 1580 s‘eu
733 1517 953 1602 undecunque
980 1519 1043 1603 ipsi
1072 1520 1217 1604 legitimo

110 1604 240 1667 redebit
261 1604 382 1682 mittio,
412 1604 447 1667 in
469 1625 623 1686 suspenso
659 1601 799 1662 debeant
826 1602 981 1664 residere.
1039 1603 1218 1688 Propterea

108 1707 173 1768 per
192 1697 394 1770 praesentem
414 1687 618 1748 decernimus
639 1707 677 1745 ac
697 1684 845 1744 iuhemus
868 1685 1081 1768 Praeceptum
1106 1697 1144 1748 ut
1164 1687 1218 1747 in·

108 1767 208 1830 terim
230 1769 317 1850 quod
339 1769 379 1830 de
400 1769 466 1830 illis
487 1769 631 1852 partibus
652 1767 846 1844 revertitur,
868 1787 978 1830 omues
1008 1790 1117 1831 causas
1147 1770 1217 1832 eius

110 1859 169 1910 aut
181 1853 364 1916 ,amicorum
383 1873 531 1929 suorum,
553 1861 617 1912 tam
639 1849 770 1910 illorum
788 1849 846 1930 qui
868 1870 943 1910 cum
963 1848 1032 1934 ipso
1052 1861 1217 1935 pergunt,

112 1955 211 2014 quam
231 1935 288 2016 qui
311 1935 350 1997 ad
367 1935 497 2018 propria
517 1955 629 1996 eorum
649 1931 793 1993 resident
804 1973 815 2010 ‚
836 1932 888 1992 vel
906 1934 1126 2016 undecunque
1147 1935 1217 2018 ipse

111 2015 258 2098 legitimo
280 2017 405 2078 redebit
430 2016 554 2094 mittio,
582 2016 617 2074 in
651 2033 805 2096 suspenso
840 2013 1020 2095 resideant,
1049 2026 1083 2078 et
1106 2030 1218 2101 postea

114 2099 292 2182 unicuique
320 2120 379 2180 pro
408 2099 485 2182 ipsis
507 2099 547 2159 de
567 2097 724 2180 reputatis
740 2095 981 2159 conditionibus
1010 2109 1043 2161 et
1063 2097 1219 2164 iustitiam

111 2181 226 2244 reddat
247 2191 279 2244 et
300 2184 339 2244 ab
360 2181 431 2243 aliis
453 2181 551 2243 simili
571 2180 665 2241 modo
688 2179 857 2255 veritatem
875 2180 1045 2264 percipiat

230 2303 242 2370 .’
279 2315 396 2380 Charta
416 2314 456 2377 de
481 2299 697 2377 mundeburde
723 2307 815 2393 Regis
837 2324 867 2374 et
887 2314 1052 2400 Principis.

195 2429 323 2496 xxiv<
360 2435 497 2495 Rectum
520 2439 568 2492 est
592 2439 628 2490 ut
647 2428 764 2510 regalis
789 2437 928 2510 potestas
955 2429 1021 2493 illis
1044 2431 1218 2498 tuitionem
1290 2495 1292 2498 .

113 2515 277 2597 impertiat
301 2537 439 2597 quorum
462 2511 632 2575 necessitas
662 2511 894 2594 comprobatur.
947 2511 1050 2596 igitur
1079 2539 1218 2600 cognos-

113 2606 166 2661 cat
183 2598 371 2680 magnitudo
399 2619 457 2659 seu
475 2596 596 2656 utilitas
617 2603 724 2655 vestra
748 2593 834 2674 quod
862 2607 919 2655 nos
947 2597 1123 2678 apostolico
1145 2602 1218 2675 (aut
1283 2641 1285 2648 ,

113 2681 319 2750 venerabilel
341 2682 413 2743 viro
436 2677 494 2740 illo
509 2680 548 2740 de
570 2677 697 2739 civitate
721 2677 796 2745 (aut
813 2676 853 2737 de
877 2679 1086 2760 monasterio)
1108 2681 1142 2740 iu
1157 2682 1219 2743 ho·

113 2785 194 2824 nore
216 2763 325 2824 Sancti
345 2762 436 2824 illius
460 2770 654 2837 constructo,
684 2781 758 2819 cum
782 2759 930 2820 omnibus
955 2761 1052 2823 rebus
1076 2763 1130 2823 vel
1154 2762 1217 2825 bo·

111 2845 254 2906 minibus
286 2846 351 2908 suis
374 2856 428 2906 aut
455 2844 606 2926 gasindis,
628 2842 681 2904 vel
705 2841 827 2919 amicis,
853 2863 911 2904 seu
929 2843 1149 2928 undecunque
1171 2845 1219 2932 ip·

111 2950 146 2989 se
168 2929 312 3011 legitimo
329 2929 477 2990 reddebit
499 2926 624 3001 mittio,
646 2926 734 2985 iuxta
757 2924 826 2985 eius
849 2924 1063 3007 petitionem,
1086 2937 1220 3012 propter

110 3012 269 3071 malorum
283 3011 449 3073 bominum
461 3005 600 3069 inlicitas
617 3007 849 3084 infestationes,
866 3007 926 3069 sub
946 3030 1092 3080 sermone
1110 3011 1222 3074 tuitio·

112 3093 164 3153 nis
182 3104 306 3154 nostrae
320 3093 382 3156 visi
400 3094 519 3154 fuimus
537 3090 705 3171 recepisse,
720 3099 757 3150 ut
774 3088 833 3150 sub
850 3087 1073 3168 mundeburde
1092 3089 1145 3170 rel
1165 3095 1220 3158 de-

110 3177 259 3237 fensioue
273 3176 417 3238 inlustris
436 3175 497 3238 viri
520 3174 609 3235 illius
626 3171 755 3232 Maioris
773 3172 884 3234 domus
899 3174 1000 3234 nostri
1018 3196 1091 3236 cum
1111 3179 1218 3236 omni-

112 3259 173 3320 bus
189 3259 286 3319 rebus
306 3261 465 3340 praefatae
483 3256 645 3318 Ecclesiae
668 3263 724 3334 aut
737 3254 921 3315 Mouasterii
952 3252 1081 3338 quietus
1105 3259 1222 3321 debeat

111 3341 267 3418 residere,
289 3351 323 3402 et
340 3342 399 3403 sub
423 3341 492 3423 ipso
517 3341 587 3402 viro
604 3337 662 3397 illo
686 3335 830 3397 inlustris
848 3337 898 3397 vir
923 3337 980 3399 ille
1003 3360 1112 3402 causas
1136 3342 1216 3424 ipsi·

114 3446 151 3485 us
176 3424 344 3485 Pontificis
369 3433 423 3484 aut
446 3422 575 3484 Abbatis
602 3418 655 3481 vel
678 3418 843 3481 Ecclesiae
866 3429 921 3481 aut
945 3419 1143 3500 Mouasterii,
1163 3425 1218 3486 rel

113 3506 172 3588 qui
198 3528 256 3588 per
278 3530 353 3570 eum
385 3527 513 3589 sperare
542 3505 710 3579 videntur,
741 3502 792 3564 vel
819 3502 1040 3584 undecunque
1073 3504 1218 3588 legitimo

112 3588 261 3649 reddebit
282 3589 407 3667 mittio,
430 3598 493 3648 tam
515 3587 548 3647 in
569 3605 649 3670 pago
671 3607 767 3666 quarn
786 3585 820 3644 in
840 3584 960 3667 palatio
982 3593 1091 3670 nostro
1113 3608 1220 3670 perse·

112 3671 171 3752 qui
195 3671 335 3734 deberet.
376 3675 550 3754 Propterea
572 3690 630 3750 per
653 3675 852 3748 praesentem
871 3667 1075 3728 decernimus
1102 3691 1138 3732 ac
1166 3671 1219 3730 iu-

111 3754 225 3815 bemus
257 3759 469 3838 Praeceptum
497 3763 535 3813 ut
562 3760 752 3812 memoratus
778 3749 930 3812 Pontifex
960 3759 1014 3810 aut
1044 3750 1133 3812 Abba
1160 3754 1219 3814 sub

113 3843 223 3896 nostro
254 3859 400 3902 sermone
432 3847 464 3899 et
488 3831 712 3896 mundeburde
734 3831 888 3894 antedicti
909 3831 970 3893 viri
993 3837 1120 3913 quietus
1138 3836 1220 3896 resi·
1268 3912 1271 3918 Ι

112 3919 197 3990 deat,
219 3931 251 3980 et
270 3942 330 3982 nec
354 3941 421 3997 ros,
443 3941 504 3980 nec
523 3918 677 3990 iuniores,
709 3924 763 3976 aut
784 3935 983 3976 successores
1010 3916 1133 3994 vestri,
1165 3918 1220 3980 rel

112 4001 269 4081 quislibet
292 4025 367 4064 enm
390 4003 430 4064 de
461 4000 622 4083 inquisitis
650 3997 872 4060 occasionibus
900 3997 1056 4058 iniuriare
1082 4020 1143 4060 nec
1167 3999 1220 4059 in·
1269 4012 1271 4016 ’

112 4083 259 4165 quietare
289 4107 355 4145 uon
385 4083 602 4167 praesumatis.
650 4083 692 4141 Et
721 4080 747 4143 si
778 4080 902 4161 aliquas
930 4101 1038 4143 causas
1065 4081 1219 4144 adversus

112 4188 188 4227 eum
209 4166 263 4230 vel
289 4190 347 4229 suo
371 4168 473 4228 mittio
494 4164 711 4238 surrexerint,
733 4184 815 4245 quae
840 4165 873 4220 in
897 4185 978 4245 pago
1009 4162 1126 4246 absque
1151 4165 1221 4228 eius

113 4248 202 4332 gravi
227 4249 395 4335 dispendio
422 4249 572 4313 definitae
596 4268 661 4308 non
689 4246 829 4324 fuerint,
859 4243 892 4305 in
919 4246 1019 4309 nostri
1040 4251 1220 4328 praesentia
1289 4271 1292 4281 ⁴
