2786 4980
239 345 278 400 Α.
299 343 383 402 cna.
496 341 624 394 aeona
657 339 875 396 tusscorum
985 344 1047 404 ssa
1160 329 1210 404 40

86 488 157 546 Rex
175 483 322 546 Karalus
343 483 378 542 in
403 479 560 542 Concilio
581 490 754 543 memorato
777 482 864 564 apud
893 481 1073 544 suessionis
1095 485 1208 548 civita-

88 579 152 629 tem
169 589 260 626 sacro
278 565 452 648 proposuit
478 565 676 638 conventui,
708 585 815 625 coram
836 565 986 625 fidelibus
1007 567 1073 628 suis
1095 568 1127 626 in
1155 591 1208 629 eo-

88 652 160 709 dem
175 650 300 730 palatio
325 647 500 710 Vermeria
519 646 622 728 relegi
639 646 730 726 fecit,
752 656 785 708 et
799 646 839 708 ab
860 649 1010 710 omnibus
1030 671 1210 712 consonan-

86 741 137 794 ter
155 741 308 816 suscepta
328 740 406 792 sunt
427 737 459 790 et
480 738 622 812 accepta.

325 909 756 974 TITULUS
827 909 980 980 Xlll.

404 1045 517 1088 arun
567 1046 906 1090 veterrimas.

299 1133 370 1209 (De
398 1129 585 1191 utilitatibus
612 1131 718 1214 Regni
748 1141 781 1192 et
810 1132 1009 1208 Ecclesiae).

104 1243 245 1312 Deliis
271 1237 452 1334 Capitulis
471 1266 565 1334 qnae
592 1240 864 1334 subsequentur
885 1247 1205 1323 adnuntiaverunt

96 1343 238 1434 populo
259 1341 403 1412 Domni
427 1343 550 1433 Reges
572 1343 799 1414 Hlotbarins
814 1356 849 1414 et
867 1347 1050 1432 Karolns,
1079 1373 1204 1439 quon-

98 1443 147 1508 do
168 1442 208 1510 in
226 1443 309 1531 isam
331 1467 431 1511 niano
458 1443 735 1514 incarnationis
764 1443 926 1514 Domini
954 1462 1207 1519 convenerunt

191 1542 246 1610 od
274 1539 525 1611 Valentiniana
545 1565 615 1633 per
643 1565 805 1611 mensem
831 1543 1105 1614 Novembrium.

279 1669 567 1732 Anauuralrao
600 1671 735 1732 Donat
776 1669 1017 1736 Huoraanu.

174 1817 204 1884 l.
225 1764 296 1882 De
315 1821 419 1881 Missis
443 1820 573 1882 directis
592 1840 651 1903 per
677 1841 835 1902 regnum,
871 1832 906 1882 ut
929 1825 1069 1906 populus
1091 1848 1203 1908 pacem

96 1913 128 1965 et
141 1902 298 1962 iustitiam
312 1903 435 1964 habeat.
476 1907 525 1964 De
547 1902 740 1986 raptoribus,
762 1903 1070 1985 depraedatoribus,
1099 1909 1137 1970 de
1158 1911 1202 1972 la·

94 1985 257 2063 tronibus,
281 1995 310 2046 et
332 1987 401 2046 aliis
426 1985 687 2047 malefactoribus
703 1995 735 2045 et
755 1985 793 2046 de
813 1989 962 2050 omnibns
979 1989 1117 2055 iustitiis.

175 2069 225 2132 ll.
269 2071 309 2127 Ut
334 2069 389 2128 ubi
419 2069 571 2131 missatici
595 2068 690 2130 simul
713 2070 885 2147 venerint,
915 2071 1003 2133 ltlissi
1026 2073 1121 2132 simul
1150 2097 1204 2136 vc·

92 2153 195 2212 uiant.
242 2151 284 2212 Et
306 2151 390 2212 side
416 2175 483 2213 uno
512 2173 614 2235 regno
639 2151 672 2210 in
694 2149 795 2227 aliud,
818 2163 873 2212 aut
897 2155 937 2216 de
957 2176 1023 2215 uno
1041 2156 1201 2219 missatico

87 2236 122 2294 in
150 2233 258 2312 aliud,
281 2233 436 2315 fugerint,
458 2236 554 2296 simul
574 2257 628 2296 eos
648 2231 880 2316 constringant.

165 2316 235 2378 lll.
279 2319 320 2376 Ut
336 2319 525 2398 ubicunque
542 2317 699 2398 fugerint,
723 2314 802 2378 illuc
822 2319 986 2380 indiculus
1004 2319 1203 2382 transmitta-

82 2410 137 2460 tur
156 2411 199 2460 ut
230 2401 345 2462 Comes
362 2403 435 2463 illos
455 2400 635 2482 distringat,
658 2405 714 2458 aut
729 2420 803 2459 cum
823 2402 928 2480 alode,
951 2414 1006 2464 aut
1025 2426 1084 2484 per
1098 2407 1200 2486 quod·

85 2503 221 2566 cunque
242 2491 364 2564 potest,
395 2495 432 2546 ut
459 2484 540 2544 illuc
567 2481 736 2559 reveniat,
767 2491 799 2544 et
822 2485 971 2546 emendet
1002 2486 1058 2546 ubi
1082 2488 1203 2548 malum

87 2567 177 2626 fecit.

173 2645 232 2714 IV.
272 2650 315 2708 Ut
332 2648 436 2710 Missis
460 2647 704 2709 commendetur
724 2653 760 2706 ut
781 2646 902 2708 faciant
925 2647 1082 2720 iustitias;
1119 2652 1200 2712 etsi

91 2752 158 2792 non
185 2731 343 2806 fecerint,
371 2731 459 2815 quod
476 2731 536 2812 ipsi
558 2751 692 2812 pergere
715 2727 867 2788 debeatis.

174 2813 217 2874 V.
259 2817 302 2873 Ut
317 2814 343 2873 si
360 2813 531 2876 necessitas
549 2812 646 2873 alicui
666 2810 775 2890 fuerit,
794 2831 904 2872 omnes
924 2811 989 2874 sint
1003 2812 1106 2897 parati
1122 2837 1200 2898 quo·

89 2897 186 2958 modo
210 2897 353 2958 invicem
373 2897 438 2980 vos]
453 2895 622 2957 adiuvetis.

207 3012 493 3074 Ananaraarro
528 3011 686 3071 Kauana
722 3028 917 3070 caosaosa
945 3009 1080 3078 Rnors.

169 3126 199 3190 I.
241 3131 292 3189 De
315 3126 560 3190 adnuntiatione
587 3124 781 3209 episcopali,
813 3133 845 3185 et
871 3124 911 3187 de
935 3125 1060 3190 honore
1084 3130 1200 3193 Sacer-

86 3215 212 3276 dotum.

170 3295 219 3360 lt.
262 3298 310 3357 De
340 3291 601 3355 reaedificatione
631 3288 869 3369 Ecclesiarum,
913 3302 946 3352 et
973 3293 1013 3355 de
1044 3297 1138 3362 nonis
1162 3319 1199 3359 ac

89 3378 238 3443 decimis.
683 3433 684 3438 ,

168 3459 235 3522 ΙΙΙ.
278 3463 325 3520 De
355 3455 576 3519 observatione
614 3456 838 3538 Capitulorum
869 3458 987 3517 Domni
1020 3459 1134 3520 Karoli
1168 3471 1200 3522 et

88 3541 209 3604 Domni
230 3543 426 3603 Illudouviei
450 3541 488 3600 de
509 3539 672 3600 Ecclesiis.

171 3627 230 3688 lv.
273 3629 320 3684 De
350 3622 571 3685 observatione
597 3623 701 3702 pacis,
735 3631 767 3681 et
796 3620 939 3682 cavenda
966 3622 1139 3704 rapacitate
1168 3633 1201 3685 et

93 3708 300 3794 oppressione
322 3729 428 3767 rerum
451 3705 742 3766 ecclesiasticarum*
765 3726 801 3762 ac
826 3725 1013 3785 pauperum.

174 3791 214 3854 V.
260 3791 356 3864 Quod
383 3813 439 3850 nos
467 3811 541 3848 cum
568 3788 706 3850 coiisilio
729 3787 873 3846 fidelium
897 3796 1082 3847 nostrorum
1108 3786 1199 3848 ordi-

97 3895 165 3933 nare
191 3872 342 3933 volumus
365 3873 503 3952 quiiliter
533 3871 665 3931 honeste
687 3880 719 3930 et
740 3870 809 3930 sinc
838 3867 1017 3947 indigentia
1046 3871 1079 3929 in
1109 3880 1201 3932 curte

97 3966 215 4031 nostra,
239 3954 323 4014 sieut
354 3965 569 4014 antecessores
597 3952 699 4014 nostri
716 3953 878 4022 fecerunt,
902 3953 1012 4012 vivere
1032 3960 1201 4036 possimus.

96 4038 132 4098 Et
152 4038 295 4098 Comites
315 4059 350 4097 ac
378 4047 519 4098 caeteros
545 4037 655 4096 fideles
678 4045 802 4097 nostros
841 4035 1048 4095 admonemus
1077 4045 1113 4094 ut
1141 4035 1203 4118 ipsi

94 4121 137 4180 sic
161 4142 256 4181 suum
279 4142 345 4180 esse
370 4129 402 4180 et
424 4121 536 4180 vivere
558 4119 727 4195 ordinent,
749 4118 888 4200 qualiter
912 4127 1046 4200 propter
1068 4119 1202 4181 illorum

96 4205 317 4264 necessitatem
341 4201 452 4263 vieini*
466 4224 578 4262 eorum
601 4223 637 4261 ae
657 4223 815 4283 pauperes
841 4222 907 4261 non
927 4199 1159 4282 opprimantur.
1201 4251 1204 4256 .

173 4285 234 4349 Vl.
274 4287 324 4348 De
346 4285 520 4348 concordia
540 4295 573 4347 et
595 4293 707 4346 mutuo
734 4282 895 4347 adiutorio
914 4283 1067 4369 Episcopi
1084 4287 1200 4350 etCo-

952 4399 978 4474 4
