2712 4992
124 229 198 310 394
350 202 353 208 ’
585 259 777 318 sonantia

123 417 193 460 mea
216 395 345 460 videtur
371 418 439 460 esse
469 401 644 481 possessio,
675 422 735 484 per
762 403 846 464 hanc
873 399 1091 464 venditionem
1119 402 1146 471 εἰ,
1170 401 1227 463 die

121 490 291 564 praesente
308 481 398 542 trado
419 491 515 563 atque
533 486 731 551 transfundo.
773 485 867 547 Unde
880 483 989 564 accepi
1012 485 1030 542 ia
1051 484 1137 545 vobis
1152 505 1227 566 pre·

122 563 204 626 tium
225 584 285 648 pro
312 563 374 624 iam
393 563 479 625 dicto
498 566 589 643 loeo,
612 567 652 628 de
672 567 821 629 thesauro
844 566 943 648 ipsius
958 565 1082 642 Sancti,
1101 568 1133 626 in
1157 587 1228 646 quo

122 646 200 708 anibi
216 645 420 726 complacuit,
438 648 489 708 vel
509 649 703 731 aptificaturn
717 652 789 726 suit,
814 649 875 708 hoc
897 658 945 708 est
965 657 1097 712 tantum.
1127 647 1228 726 Quod

121 730 262 828 pretium
283 729 317 788 in
338 749 449 789 manus
473 751 559 792 naeus
581 732 709 815 acecpi;
733 742 767 793 et
783 733 887 813 ipsum
912 732 1021 790 locum
1044 729 1227 796 cumomni

121 813 316 890 integritate,
335 811 420 884 sicut
437 811 516 890 dixi,
536 835 595 896 per
610 813 693 875 hane
710 815 929 876 venditionem
943 813 1033 874 robis
1046 813 1100 874 rel
1119 811 1159 881 ad
1180 811 1226 891 ip-

121 915 188 955 sam
201 901 343 954 secretam
367 915 468 954 casana
488 895 606 956 tradidi
622 898 852 978 perpetualiter
866 895 905 954 ad
920 893 1159 976 possidendum,
1180 894 1227 951 ita

121 986 158 1036 ut
168 977 207 1036 ab
227 975 383 1036 hodierna
398 976 449 1037 die
464 977 620 1058 quiequid
635 979 752 1040 exinde
766 1000 822 1040 vos
840 987 895 1038 aut
909 998 1108 1038 successores
1127 975 1227 1036 vestri

122 1060 174 1119 vel
196 1079 267 1139 pars
294 1057 394 1140 ipsius
418 1058 565 1120 basilicae
582 1061 687 1122 lacere
709 1061 886 1136 volueritis,
908 1061 1043 1119 liberam
1062 1069 1094 1120 et
1108 1058 1225 1117 firmis-

121 1140 232 1202 simam
254 1141 287 1201 in
299 1141 447 1202 omnibus
462 1140 603 1202 habeatis
619 1152 807 1224 potestatem
824 1143 976 1207 faciendi.
997 1143 1032 1204 Si
1050 1142 1122 1224 quis
1135 1141 1223 1222 nero.

243 1269 388 1355 Epistola
415 1261 543 1333 Attalis
572 1271 620 1333 vel
638 1273 779 1334 Rectoris
802 1273 900 1358 ipsius
919 1272 1095 1335 Ecclesiae..

203 1408 399 1472 xxxvttl.
442 1409 480 1472 ln
503 1410 566 1471 Dei
588 1412 716 1472 nomine
739 1412 795 1473 ille
820 1412 910 1472 Alaba
933 1412 974 1478 in,
988 1413 1117 1474 Christo
1130 1413 1223 1474 nobis

120 1493 239 1556 dilecto
261 1494 329 1553 illo.
369 1491 420 1554 Ad
445 1503 531 1554 tuam
553 1496 743 1572 petitionem
769 1505 877 1555 nostra
903 1494 1047 1555 decrerit
1074 1497 1224 1557 voluntas

120 1587 155 1636 ut
175 1576 234 1635 tibi
255 1597 305 1636 res
329 1584 450 1636 nostras
476 1575 527 1638 rel
547 1577 656 1637 Sancti
678 1577 767 1638 illius
790 1575 822 1635 in
849 1597 928 1658 pago
945 1577 1003 1638 illo
1027 1577 1226 1638 beneficiare

120 1658 358 1720 usufructuario
379 1659 491 1718 ordine
519 1658 714 1722 deberemus.
757 1660 854 1736 Quod
876 1660 918 1718 ita
941 1668 974 1719 et
994 1661 1140 1725 fecimus.
1182 1661 1228 1719 Et

119 1751 154 1802 tu
178 1763 236 1825 pro
258 1741 353 1800 liuius
381 1740 496 1800 merito
521 1740 672 1801 beneficii
694 1741 841 1822 obligasti
870 1740 959 1802 nobis
982 1762 1033 1804 res
1061 1752 1130 1802 tuas
1158 1752 1226 1801 tam

120 1823 160 1884 de
182 1824 275 1884 alode
296 1845 390 1906 quam
411 1830 442 1882 et
475 1823 514 1883 de
533 1833 728 1907 comparatu,
750 1845 808 1884 seu
832 1825 871 1884 de
894 1824 1037 1904 qualibet
1066 1825 1224 1898 adtracto,

121 1905 350 1981 denominatas,
376 1905 407 1964 in
436 1925 515 1986 pago
539 1905 607 1983 illo,
631 1906 662 1966 in
695 1906 825 1967 condita
850 1907 917 1982 illa,
939 1905 973 1965 in
1001 1907 1071 1966 loca
1091 1927 1224 1965 nuncu-

119 1989 228 2070 pantia
249 1989 306 2049 illa
333 1997 365 2050 et
388 1987 466 2063 illa,
493 2008 570 2068 quas
601 1988 761 2069 praesenti
788 2001 930 2070 tempore
954 1997 1065 2049 tenere
1088 1997 1122 2048 et
1147 2009 1224 2070 pos-

120 2071 224 2132 sidere
245 2070 375 2144 videris,
400 2069 468 2128 -hoe
490 2077 546 2146 est,
568 2091 642 2130 eum
662 2070 768 2148 terris,
790 2071 842 2131 vel
864 2070 969 2130 omnia
997 2080 1029 2131 et
1049 2072 1082 2130 in
1114 2069 1222 2130 omni-

120 2154 189 2216 bus.
237 2153 283 2212 En
309 2172 386 2212 vero
411 2150 534 2211 ratione
562 2161 599 2211 ut
623 2152 683 2213 tibi
715 2173 756 2213 ex
778 2153 854 2234 ipsis
877 2152 992 2227 rebus,
1022 2175 1098 2234 quas
1127 2151 1223 2210 nohis

120 2233 286 2316 obligasti,
319 2242 351 2293 et
379 2231 445 2292 illis
467 2255 545 2312 quas
567 2233 626 2294 tibi
652 2235 899 2298 usufructuario,
918 2235 1030 2294 ordine
1050 2233 1225 2314 beneficia-

119 2316 234 2396 vimus,
257 2337 321 2374 non
343 2315 439 2375 liceat
460 2314 560 2375 aliubi
583 2338 643 2377 nec
665 2317 808 2379 vendere
832 2339 893 2376 nea
913 2316 1033 2377 donare
1058 2338 1118 2376 nec
1139 2317 1224 2374 alie·

120 2421 197 2460 nare
222 2398 331 2459 necin
360 2398 573 2459 nullomodo
599 2398 773 2460 distrahere
800 2419 860 2459 nec
883 2399 916 2456 in
940 2398 1141 2476 naufragium
1162 2418 1224 2477 po-

120 2504 211 2558 nere,
241 2481 297 2542 sed
319 2480 377 2540 sub
402 2489 510 2540 nostro
533 2481 584 2541 vel
613 2481 719 2541 Sancti
746 2481 834 2541 illius
860 2490 1024 2561 praetexto
1044 2481 1101 2539 tibi
1122 2481 1222 2540 liceat

117 2574 230 2626 tenere
252 2572 284 2624 et
302 2563 473 2643 possidere.
494 2565 537 2623 Et
553 2573 624 2646 post
636 2573 875 2643 tuumquoque
898 2563 1080 2638 discessum,
1102 2562 1223 2641 absque

119 2645 333 2709 diminutione
353 2666 461 2704 rerum
483 2646 534 2706 vel
558 2645 808 2726 mancipiorum,
825 2649 904 2705 'curn
926 2644 1012 2704 omni
1032 2666 1066 2704 re
1087 2645 1223 2704 emelio-

119 2739 187 2790 rata
215 2729 267 2788 vel
289 2725 504 2808 supraposito,
527 2727 684 2808 quiequid
713 2727 747 2787 in
772 2727 839 2786 iam
856 2727 954 2788 dietas
979 2748 1029 2786 res
1051 2726 1222 2788 inventum

118 2821 347 2890 repertumque
376 2809 494 2885 fuerit,
524 2810 557 2868 in
588 2820 727 2870 nostram
756 2808 809 2868 vel
838 2809 936 2890 ipsius
960 2809 1068 2868 Sancti
1100 2809 1222 2887 absque

119 2893 219 2954 ullius
244 2899 408 2973 expectata
439 2891 610 2953 traditione
641 2894 692 2953 vel
720 2891 868 2954 Indicum
901 2891 1141 2969 consignatione
1172 2891 1223 2948 fa-

119 2977 239 3039 ciamus
269 2995 422 3034 revocare
445 2983 599 3054 potestate
623 2975 675 3036 vel
701 2973 928 3038 dominatione.
972 2973 1064 3032 Unde
1090 2969 1222 3032 censisti

117 3069 150 3121 te
171 3061 188 3124 d
211 3057 302 3118 nobis
321 3056 414 3115 annis
435 3057 570 3136 singulis
591 3057 631 3117 ad
647 3057 852 3118 festivitatem
875 3054 984 3115 Sancti
1009 3054 1096 3114 illius
1116 3055 1149 3112 in
1170 3055 1221 3112 lu·

122 3141 298 3202 mineribus
326 3138 425 3220 ipsius
453 3138 580 3215 Sancti,
608 3139 660 3200 vel
688 3161 747 3221 pro
778 3137 933 3198 mercedis
959 3146 1031 3196 tuae
1063 3157 1220 3217 angmen-

119 3236 207 3299 tum,
238 3231 404 3303 argentum
434 3219 553 3281 solidos
577 3231 689 3281 tantos.
751 3221 793 3280 Et
817 3221 844 3282 si
874 3221 913 3280 de
943 3218 1010 3300 ipso
1039 3240 1134 3278 censo
1167 3239 1222 3276 nea

119 3308 251 3390 glegens
279 3302 474 3386 apparueris,
497 3302 592 3364 fidem
610 3303 726 3363 exinde
744 3303 850 3379 facias,
872 3310 903 3362 et
919 3301 999 3380 ipsas
1019 3323 1069 3360 res
1085 3299 1222 3381 perdere

120 3411 186 3450 non
216 3387 341 3449 debeas.
383 3387 488 3464 Quam
519 3385 685 3470 epistolam
708 3407 805 3444 manu
829 3384 957 3468 propria
981 3383 1090 3445 subter
1117 3382 1221 3440 firma-

120 3473 234 3538 vimus.

461 3597 619 3662 Securitas
641 3596 679 3657 ule
701 3595 882 3663 laoniicidio.

207 3741 364 3806 XXXIX.
407 3741 512 3804 Fratri
530 3741 598 3816 illo,
621 3740 786 3820 egoenim
809 3739 876 3804 ille.
917 3741 1002 3799 Dum
1023 3744 1054 3796 et
1075 3732 1223 3795 omnihus

121 3827 260 3888 liabetur
281 3825 505 3907 percognitum
531 3823 670 3912 qualiter
692 3834 727 3882 tu
756 3832 828 3880 ante
850 3821 908 3882 hos
931 3821 1018 3896 dies,
1049 3817 1220 3896 instigante

123 3909 316 3983 adversario,
340 3930 491 3989 germano
515 3928 586 3970 meo
613 3904 665 3968 vel
691 3905 836 3984 quolibet
858 3912 991 3984 parente
1021 3898 1221 3975 interfecisti,

123 3995 211 4054 unde
233 4003 265 4054 et
283 4002 390 4071 postea
414 4012 453 4050 er
472 3989 533 4050 boc
557 3987 778 4068 comprobatus
803 3983 995 4068 apparuisti,
1018 3993 1051 4044 et
1072 3993 1145 4047 ante
1170 4003 1221 4042 me

124 4077 209 4158 apud
230 4075 322 4134 illum
348 4074 490 4132 indicem
516 4072 632 4132 exinde
662 4069 694 4128 in
724 4070 863 4132 rationes
893 4066 999 4142 fuisti,
1029 4067 1144 4148 et'pro
1169 4065 1221 4122 in-

126 4171 214 4240 tegra
241 4155 471 4239 compositione
502 4175 560 4236 pro
590 4154 652 4214 iam
682 4153 767 4214 dicto
792 4159 924 4236 parente
949 4171 1043 4227 rnen,
1072 4171 1130 4232 pro
1155 4147 1221 4230 ipsa
