2712 4992
442 311 610 392 ''sirra
642 331 826 387 saconnus
953 295 955 300 ’
1064 297 1067 304 ’
1121 303 1192 384 317

92 495 147 548 tet
162 493 199 545 ut
215 481 441 556 noninveniat
462 489 725 554 unumquemque
740 470 928 552 imparatum
943 491 1014 548 „ne
1038 471 1106 530 siue
1134 472 1195 530 ali·
1263 492 1265 498 ¹

91 590 164 652 quo
180 567 259 627 boni
275 564 382 646 operis
404 567 550 641 respectu
572 553 751 636 migretde
780 553 904 623 s'e‘cul03
936 552 998 612 nisi
1027 554 1103 612 dum
1135 557 1194 612 'sno

92 654 169 711 iure
193 658 225 710 et
237 656 399 730 'potestate
416 640 575 713 consistit,
596 644 765 719 praeparet
780 636 861 694 viam
876 635 1003 710 salutis,
1025 657 1083 714 per
1100 635 1197 716 quam

92 735 139 794 ad
166 741 327 790 aeternam
354 728 458 786 valeat
483 720 715 781 beatitudinem
741 717 922 797 pervenire.
960 719 1114 798 ideoque
1138 739 1196 794 ego

91 817 131 876 in
150 813 213 880 Dei
233 811 362 870 nomine
377 809 433 868 ille
453 815 484 866 et
505 804 624 863 coniux
642 823 712 860 mea
732 799 787 857 illa
803 821 861 879 pro
877 798 1054 860 remedium
1072 793 1195 858 animae
1286 853 1288 858 .

92 906 226 958 nostrae
250 903 282 954 et
300 889 520 953 remissionem
549 893 752 966 peccatorum
779 890 978 957 nostrorum,
1009 890 1046 939 ut
1068 882 1197 940 veniam

93 982 132 1040 in
173 979 319 1036 futurum
353 969 505 1053 consequi
544 985 751 1040 mereamur,
772 981 776 991 “
799 959 941 1025 cedimus
978 964 994 1021 d
1030 955 1197 1042 praesente

95 1063 152 1123 die
175 1077 364 1137 cessumque
394 1054 427 1111 in
459 1059 615 1134 perpetuo
646 1067 713 1106 esse
742 1045 909 1122 volumus,
943 1055 1038 1124 atque
1059 1046 1196 1106 deiure

96 1147 209 1204 nostro
230 1141 264 1198 iu
287 1141 356 1198 iure
370 1146 403 1197 et
420 1131 635 1194 dominatione
651 1136 777 1189 sauctae
792 1128 956 1188 Ecclesiae
981 1129 1069 1187 illius
1087 1129 1119 1186 in
1142 1128 1199 1186 bo·

99 1245 182 1292 nore
195 1223 284 1283 illius
304 1228 522 1291 constructae,
540 1213 625 1274 ¹villa
644 1208 851 1292 nuncupante
865 1209 951 1286 illa,
981 1207 1039 1269 sita
1064 1210 1096 1267 in
1116 1231 1197 1292 pago

99 1308 183 1383 illo,
205 1326 287 1385 quae
314 1323 354 1366 ex
379 1299 471 1359 alode
495 1302 665 1380 pareutum
691 1302 746 1351 aut
780 1293 998 1372 undecunque
1023 1291 1063 1351 ad
1090 1291 1199 1352 nostra

99 1387 253 1474 pervenit
277 1381 513 1456 dominatione,
535 1387 567 1438 et
594 1377 634 1436 ad
660 1394 810 1458 praeseus
834 1373 996 1456 possidere
1026 1374 1196 1448 videmur,

101 1494 177 1534 cum
205 1468 291 1529 omni
309 1465 423 1525 merito
448 1471 480 1522 et
490 1457 629 1520 termino
650 1478 730 1530 suo,
753 1477 827 1515 curn
845 1455 1046 1531 adimendis,
1069 1457 1199 1515 adiuue-

64 1555 65 1558 ’
91 1554 160 1630 ais,
185 1547 400 1633 appendiciis,
421 1567 493 1604 cum
506 1541 616 1618 terris,
639 1538 800 1614 domibus,
826 1537 995 1613 aediliciis,
1019 1538 1198 1614 accolabus,

97 1633 289 1715 mancipiis,
310 1629 433 1702 vineis,
455 1625 563 1701 silvis,
592 1622 726 1716 campis,
757 1621 874 1702 pratis,
909 1621 1053 1700 pascuis,
1081 1620 1198 1700 aquis,
1258 1667 1260 1671 .

97 1736 299 1800 aquarumve
319 1709 517 1782 decursibus,
539 1704 711 1780 farinariis,
733 1702 996 1784 compastoribus
1016 1703 1129 1783 gregis,
1146 1723 1200 1782 pe·

98 1800 230 1864 culium
245 1796 412 1875 utriusque
437 1811 530 1852 sexus
548 1787 667 1847 maiore
682 1786 734 1846 vel
753 1783 894 1862 minore,
915 1784 1086 1844 mobilibus
1100 1786 1131 1843 'et
1146 1786 1200 1842 im-

97 1881 286 1955 mobilibus,
302 1877 354 1938 vel
371 1871 526 1955 quicquid
550 1869 614 1943 dici
629 1877 683 1927 aut
699 1866 858 1936 nominari
874 1875 989 1948 potest,
1007 1875 1038 1925 et
1056 1877 1199 1946 tempore

96 1971 270 2050 praesente
287 1967 395 2020 nostra
416 1955 542 2015 videtur
561 1971 627 2012 esse
639 1950 810 2033 possessio,
833 1949 873 2009 ad
896 1958 1063 2030 praesente
1085 1949 1201 2010 Eccle-

99 2050 147 2111 sia
163 2046 311 2108 volumus
337 2056 629 2102 esseconcessum;
664 2031 709 2092 ita
727 2041 763 2092 ut
795 2030 834 2089 ab
858 2029 918 2090 hac
950 2031 1001 2091 die
1031 2040 1201 2090 memorata

100 2130 184 2208 villa
201 2128 258 2188 illa
271 2145 343 2207 pars
363 2119 538 2180 antedictae
559 2114 739 2192 Ecclesiae,
761 2113 812 2175 vel
828 2112 981 2183 Pontifex
1001 2113 1139 2174 civitatis
1158 2113 1201 2172 il·

100 2215 186 2288 lius,
209 2217 266 2268 aut
287 2213 430 2265 auctores
447 2199 682 2275 Ecclesiarum,
704 2218 773 2258 eam
787 2194 946 2272 habendi,
967 2194 1112 2271 tenendi,
1131 2216 1206 2276 pos-³
1248 2217 1250 2224 ·

99 2292 253 2364 sidendi,
275 2290 329 2348 vel
347 2283 503 2366 quicquid
526 2275 642 2341 exinde
659 2300 717 2360 pro
743 2276 978 2359 opportunitate
1005 2277 1103 2360 ipsius
1134 2277 1202 2336 ele-

91 2375 211 2462 'geriut
230 2369 390 2444 faciendi,
414 2366 551 2424 liberum
568 2363 600 2421 in
625 2360 772 2421 omnibus
791 2361 1000 2440 perfruantur
1018 2357 1201 2428 arbitrium

97 2464 145 2523 ita
158 2467 203 2517 ut
219 2475 335 2516 nomen
357 2457 500 2508 nostrum
520 2446 554 2504 in
570 2444 652 2503 libro
673 2443 756 2504 vitae
787 2441 1026 2519 conscribatur,
1056 2443 1110 2500 vel
1143 2437 1202 2521 pro

98 2565 163 2604 nos
181 2548 353 2616 utrumque
371 2528 562 2610 sacrificium
577 2535 648 2608 post
666 2525 788 2584 obitum
809 2532 954 2582 nostrum
980 2546 1039 2606 pro
1061 2524 1201 2582 Domino

100 2625 264 2687 offeratur.
306 2616 398 2697 Licet
414 2613 448 2672 in
467 2609 661 2671 cessionibus
681 2623 818 2689 poenam
840 2604 967 2665 adnecti
995 2627 1060 2665 non
1081 2605 1121 2665 sit
1144 2615 1202 2663 nc-
1248 2624 1252 2633 ·

102 2725 216 2780 cesse,
238 2699 294 2762 sed
313 2696 404 2758 nobis
428 2694 482 2777 pio
505 2692 591 2752 omni
611 2691 757 2756 firmitate
775 2687 897 2769 placuit
910 2687 1127 2754 inserendum.
1169 2685 1204 2745 Si

100 2787 179 2871 quis
207 2804 304 2860 vero,
334 2778 422 2860 quod
452 2776 598 2835 futurum
627 2786 788 2852 essenon
819 2768 1001 2843 credimus,
1036 2791 1092 2830 uos
1120 2769 1200 2851 ipse,
1274 2783 1276 2790 ’

99 2868 194 2953 quod
213 2865 302 2941 absit,
313 2871 367 2922 aut
381 2858 497 2939 aliquis
515 2856 554 2917 de
572 2853 744 2914 heredibus
756 2853 808 2914 vel
825 2850 1056 2934 proheredibus
1070 2853 1200 2926 nostris,

100 2975 163 3015 seu
184 2946 328 3030 qualibet
348 2961 499 3025 persona,
522 2937 695 3014 calliditate
729 2939 920 3010 commotus,
949 2944 1003 2994 aut
1027 2928 1203 3014 cupiditate

97 3040 312 3118 praeventus,
335 3026 403 3085 ullo
421 3043 561 3102 unquam
582 3019 726 3100 tempore
741 3027 852 3076 contra
868 3025 1067 3096 praesentem
1081 3016 1204 3096 episto-

103 3121 174 3186 lam,
194 3109 346 3173 'cessionis
368 3115 492 3166 nostrae
508 3124 634 3185 „quam
654 3110 785 3182 propter
810 3119 926 3160 nomen
943 3099 1072 3158 Domini
1092 3108 1125 3157 et
1143 3120 1202 3157 ve-

104 3197 275 3260 neratione
305 3189 407 3254 sancti
435 3185 534 3269 ipsius
561 3183 625 3244 loci
654 3191 827 3264 spontanea
853 3181 1019 3242 voluntate
1047 3180 1117 3240 fieri
1147 3180 1206 3239 de·
1240 3191 1242 3196 '

106 3280 286 3352 crevimus,
320 3271 525 3346 venireaut
563 3266 687 3346 aliquid
716 3284 809 3346 agere
846 3263 1007 3340 voluerit,
1046 3271 1101 3322 aut
1138 3271 1206 3320 ter-

106 3365 291 3446 giversator
330 3351 494 3427 extiterit,
528 3347 695 3408 anathema
727 3349 788 3423 sit,
822 3354 853 3405 et
890 3365 962 3404 cum
992 3345 1205 3426 suprascripto

105 3449 237 3506 Domno
274 3440 332 3499 illo
369 3444 441 3496 ante
479 3430 620 3491 tribunal
649 3428 769 3489 Christi
795 3427 932 3488 deducat
962 3427 1121 3502 rationes,
1155 3428 1205 3484 in-

106 3548 207 3609 super
253 3523 370 3583 inferat
406 3517 493 3576 iuxta
529 3533 633 3595 poena
668 3511 788 3584 seculi,
828 3507 902 3570 crim
936 3509 1065 3591 cogenti
1107 3509 1205 3583 fisco,

106 3609 253 3694 partibus
269 3603 367 3687 ipsius
385 3596 566 3672 Ecclesiae,
588 3594 728 3676 aut'auri
743 3593 840 3652 libras
865 3601 985 3668 tantas,
1008 3601 1063 3650 aut
1082 3591 1205 3672 argenti

107 3691 219 3776 pondo
239 3696 345 3763 tanta,
367 3692 421 3742 aut
435 3678 523 3762 quod
549 3676 664 3758 repetit
688 3670 874 3734 nullatenus
894 3673 998 3741 valeat
1022 3673 1204 3749 vindicare,

107 3775 167 3850 sed
184 3790 333 3853 praesens
353 3759 554 3839 cessiouomni
569 3768 711 3842 tempore
738 3756 871 3830 inlibata
896 3765 1098 3837 permaneat,
1132 3777 1206 3816 cum

84 3924 87 3928 ,
107 3854 315 3940 stipulatione
337 3845 483 3911 subnixa.

341 4012 512 4080 Praetoria
532 4008 572 4072 de
593 4010 663 4096 ipso
684 4007 775 4082 villa,
797 3995 873 4074 dum
891 4008 981 4069 vivit.
1020 4083 1021 4086 Ἴ
1048 4056 1050 4058 .
1074 4084 1077 4091 ,

110 4217 118 4250 ·.
189 4171 231 4237 V.
271 4167 581 4232 Dominosanctoet
603 4143 870 4246 apostolicasede
913 4153 1051 4218 colendo
1078 4155 1204 4214 Damno
1289 4205 1290 4212 ,

110 4263 145 4318 et
166 4253 202 4320 iu·
222 4251 349 4319 Christo
363 4248 445 4340 patri
465 4247 515 4315 illi
534 4245 694 4334 Episcopo
709 4263 768 4328 ego
787 4242 843 4305 ille
858 4250 890 4306 et
909 4239 1029 4302 coniux
1047 4259 1117 4333 mea
1138 4238 1205 4298 illa.
