2712 4992
570 310 816 366 srauounrcan
1171 291 1246 376 395

145 458 257 528 morte,
273 493 276 496 -
290 449 373 510 sicut
395 447 474 510 mihi
495 448 578 512 bene
604 449 815 532 complacuit,
838 457 1004 531 argentum
1028 447 1147 512 solidos
1172 459 1247 510 tan-

144 545 194 595 tos
219 533 347 610 dedisti,
370 533 442 592 ideo
466 533 550 593 hanc
577 533 944 616 epistolam-securitatis
965 532 1024 591 tibi
1050 554 1090 592 ex
1119 532 1182 593 hoc
1213 554 1246 593 e-

142 615 330 677 mittendam
358 614 505 692 decrevi,
536 625 572 674 ut
595 615 745 698 nequc'ii
773 637 844 691 me,
874 635 979 696 neque
1008 615 1046 673 ah
1071 613 1248 676 heredibus
1295 688 1298 696 s

140 699 234 775 meis,
256 718 365 779 neque
392 699 408 757 at
432 698 579 777 quolibet
597 698 740 779 opposita
762 699 812 758 vel
835 698 946 758 emissa
966 715 1101 778 persona
1123 698 1248 756 nullam

141 780 338 840 calumniam
361 799 466 859 neque
488 781 714 863 repetitionem
736 780 775 839 de
797 781 859 838 iam
885 780 970 839 dieto
998 778 1172 840 homicidio
1194 779 1249 838 ha„

140 863 220 923 here
242 883 307 924 non
332 863 546 943 pertimescas,
570 884 675 943 neque
700 873 745 937 tu,
768 883 873 943 neque
895 863 982 922 ullus
1013 861 1052 925 de
1080 871 1169 942 parte
1190 871 1248 922 tua

139 945 202 1026 'qui
231 954 337 1004 tecum
368 955 632 1020 commorantur,
664 945 719 1005 sed
747 944 834 1004 ducti
860 953 954 1024 atque
985 945 1091 1004 securi
1112 943 1145 1002 in
1176 965 1247 1004 om·-

142 1027 239 1086 nibus
265 1026 381 1087 exinde
403 1028 534 1088 valeatis
562 1027 714 1087 residere.
758 1027 791 1086 Si
811 1027 883 1107 quis
902 1047 991 1101 vero,
1021 1025 1048 1085 si
1073 1026 1174 1086 fuerit
1192 1033 1247 1086 aut

143 1130 203 1190 ego
235 1129 313 1190 ipse,
336 1111 391 1168 aut
411 1109 498 1170 ullus
519 1111 557 1169 de
587 1108 760 1169 heredibus
784 1110 884 1184 meis,
916 1129 973 1168 seu
999 1107 1152 1187 quislibet
1169 1129 1247 1189 per-

142 1213 222 1251 sona
243 1190 299 1271 qui
319 1198 431 1251 contra
459 1191 543 1252 hanc
564 1191 766 1252 securitatem
786 1191 898 1250 venire
922 1200 976 1250 aut
995 1211 1089 1271 agere
1117 1190 1171 1252 vel
1191 1211 1246 1250 re-

142 1275 267 1352 fragare
297 1273 485 1349 tentaverit,
509 1275 578 1334 etal
607 1295 657 1333 me
687 1274 741 1334 uel
767 1274 805 1332 ab
827 1272 999 1332 heredibus
1028 1271 1107 1332 meis
1130 1271 1245 1332 delen-

142 1364 246 1415 satum
271 1376 335 1418 non
364 1355 480 1433 fuerit,
510 1356 650 1417 sociante
677 1357 751 1416 fisco
782 1355 835 1415 cui
863 1354 952 1413 litem
985 1353 1134 1414 intulerit
1164 1352 1246 1414 soli-

143 1437 200 1496 dos
231 1447 336 1496 tantos
363 1447 542 1520 componat,
565 1449 597 1500 et
619 1461 674 1500 sua
698 1439 847 1516 repetitio
879 1437 1007 1496 nullum
1032 1436 1175 1496 obtineat
1195 1435 1245 1494 ef-

137 1519 282 1594 ¹fectum,
312 1519 368 1578 sed
394 1521 435 1580 sit
460 1521 546 1580 inter
569 1544 626 1585 nos
649 1520 700 1582 uel
730 1519 902 1581 heredibus
927 1517 1042 1580 nostris
1065 1539 1104 1578 ex
1129 1517 1188 1577 hac
1208 1537 1246 1576 re

143 1599 294 1679 omnique
319 1610 461 1682 tempore
483 1604 634 1663 calcanda
655 1604 806 1678 causatio,
834 1612 867 1662 et
890 1601 969 1662 haec
990 1600 1142 1664 securitas
1166 1599 1245 1659 meis

142 1681 195 1742 vel
216 1682 374 1741 honorum
402 1683 569 1745 bominum
596 1685 740 1744 manibus
765 1685 931 1762 roborata,
961 1705 1033 1743 curn
1061 1681 1244 1766 stipulatio-

141 1783 182 1826 ue
206 1763 335 1843 inserta,
357 1766 511 1827 diuturno
539 1777 681 1850 tempore
712 1777 837 1828 maneat
861 1765 1061 1835 inconvulsa.
1168 1831 1170 1836 ,

1125 1850 1130 1881 l

348 1919 508 1991 Iudicium
530 1921 623 2020 iuxta
646 1919 734 2002 quod
755 1941 849 1982 causa
878 1919 1026 1980 continet.

223 2057 292 2128 XL.
334 2058 480 2120 Veniens
504 2059 561 2120 ille
585 2058 637 2120 die
660 2059 728 2137 illo,
751 2061 840 2140 quod
856 2059 934 2120 fec-it
954 2056 1072 2120 mensis
1092 2056 1148 2117 ille
1176 2055 1245 2118 dies

140 2151 248 2203 tantos
269 2141 303 2200 in
328 2143 399 2203 loco
421 2151 627 2221 nuncupante
648 2142 718 2219 illo,
743 2151 815 2203 ante
843 2141 1059 2202 venerabilem
1085 2139 1191 2202 virum
1208 2139 1247 2198 il·

143 2227 211 2285 lum
235 2224 364 2306 suisque
391 2225 588 2284 auditoribus
615 2224 667 2285 vcl
687 2224 822 2304 reliquis
844 2225 923 2286 viris
949 2224 1005 2305 qui
1028 2221 1149 2282 ibidem
1173 2221 1246 2281 aden

141 2314 216 2366 rant
244 2307 296 2368 vel
321 2307 431 2368 subter
459 2307 687 2374 firmauerunt;
716 2307 826 2388 ibique
857 2306 1084 2389 interpellabat
1104 2304 1246 2386 aliquem

139 2387 306 2448 hominem
335 2389 466 2449 nomine
493 2389 597 2466 illum,
621 2388 698 2449 dum
716 2389 837 2449 diceret
856 2411 893 2448 eo
920 2389 1007 2469 qnod
1032 2387 1246 2454 hereditatem

139 2492 230 2532 suam
251 2471 284 2528 in
307 2471 380 2532 loco
403 2481 610 2554 nuncupante
639 2472 708 2546 illo,
730 2493 811 2551 quae
836 2470 865 2530 ei
887 2481 953 2531 crat
983 2470 1101 2548 debita,
1123 2478 1195 2550 post
1212 2487 1246 2526 se

139 2552 307 2630 retineret,
324 2554 375 2614 vel
395 2553 424 2612 ei
444 2555 527 2614 malo
550 2551 663 2613 ordine
683 2552 1059 2613 contradiceretininste.
1101 2551 1245 2612 Interro-

139 2642 230 2715 gatus
250 2633 306 2694 ille
325 2644 397 2696 ante
419 2638 502 2718 ipsos
515 2636 600 2696 viros
621 2634 729 2696 taliter
750 2635 838 2695 dedit
857 2633 890 2693 in
909 2634 1080 2716 responsis,
1096 2633 1184 2714 quod
1199 2629 1246 2714 ip-

138 2737 206 2777 sam
219 2717 439 2795 hereditatem,
462 2740 558 2798 quam
585 2718 652 2802 ipse
678 2727 790 2777 contra
813 2739 887 2777 eum
916 2718 1093 2799 repetebat,
1116 2715 1246 2798 genitor

138 2819 214 2860 suus
246 2799 298 2858 vel
325 2801 463 2882 quilibet
479 2822 594 2881 parens
622 2801 722 2882 ipsam
748 2799 776 2862 ei
798 2799 938 2860 moriens
964 2799 1191 2880 dereliquerat,
1212 2804 1246 2856 et

139 2881 180 2940 de
202 2881 294 2940 annis
313 2882 443 2963 triginta
467 2882 570 2965 ipsum
586 2891 776 2965 etparentes
791 2904 875 2958 suos,
897 2881 952 2962 qui
980 2881 1079 2965 ipsam
1103 2880 1133 2941 ei
1155 2880 1246 2940 dere·

138 2962 313 3042 liquerant,
331 2963 430 3045 ipsam
445 2965 633 3041 tenuissent,
649 2974 681 3024 et
700 2965 876 3027 secundum
893 2965 1013 3046 Legem
1027 2964 1056 3023 ei
1071 2963 1112 3024 sit
1126 2961 1244 3024 dehita.

138 3043 224 3104 Dum
243 3045 289 3104 sic
313 3047 531 3124 intenderent,
553 3046 598 3107 sic
621 3048 681 3128 ipsi
705 3047 766 3107 viri
787 3057 961 3108 memorato
982 3045 1105 3106 homini
1130 3045 1245 3106 decre-

138 3135 258 3186 verunt
279 3128 446 3205 iudicium,
467 3140 502 3189 ut
522 3129 555 3188 in
579 3141 687 3190 noctes
708 3138 822 3207 tantas,
844 3130 932 3210 quod
953 3128 1064 3191 evenit
1096 3127 1148 3189 die
1173 3127 1245 3202 illo,

138 3209 223 3288 apud
245 3208 391 3272 homines
410 3221 514 3272 tantos
535 3233 591 3271 sua
611 3234 708 3271 manu
730 3221 817 3270 tanta
848 3214 880 3271 in
900 3211 1029 3272 basilica
1050 3208 1160 3272 Sancti
1181 3207 1247 3268 illi-

138 3310 186 3366 us,
219 3291 252 3350 in
277 3293 349 3354 loco
382 3303 589 3376 nuncupante
610 3295 669 3355 illo
683 3295 797 3357 ,taliter
818 3295 933 3356 debeat
952 3293 1134 3372 coniurare,
1156 3289 1246 3372 quod

137 3372 237 3452 ipsam
253 3373 474 3453 hereditatem,
489 3398 584 3456 quam
603 3377 670 3460 ipse
687 3377 784 3438 homo
806 3386 916 3438 contra
930 3377 1035 3458 ipsum
1055 3377 1243 3459 repetebat,

70 3475 72 3480 ’
136 3475 196 3536 per
217 3477 317 3517 annos
337 3459 468 3540 triginta
499 3459 707 3541 interipsum
728 3469 760 3521 et
774 3469 961 3519 memoratos
986 3468 1134 3542 parentes
1158 3477 1246 3535 suos,

138 3537 194 3616 qui
218 3537 316 3618 ipsam
337 3539 548 3602 hereditatem
570 3543 743 3603 morientes
768 3542 799 3602 ei
825 3543 1085 3623 dereliquerant,
1115 3561 1243 3623 semper

137 3618 237 3699 ipsam
261 3623 451 3700 tenuissent,
476 3635 507 3685 et
524 3645 580 3707 per
601 3626 683 3704 ipsos
708 3647 808 3685 annos
834 3625 966 3705 triginta
987 3625 1166 3685 secundum
1180 3629 1245 3685 Les

137 3722 209 3781 gem
235 3703 305 3782 plus
336 3706 376 3764 sit
408 3707 473 3786 ipsa
505 3707 666 3768 hereditas
695 3709 724 3767 ei
753 3707 894 3767 habendi
923 3707 1030 3766 dehita
1050 3729 1146 3790 quam
1174 3706 1244 3790 ipsc

135 3781 259 3842 homini
281 3787 448 3850 reddendi.
490 3788 524 3850 Si
551 3791 612 3850 hoc
642 3791 681 3850 ad
709 3811 782 3866 eum
806 3789 960 3870 placitum
987 3791 1158 3850 coniurare
1182 3813 1242 3872 po-

135 3866 245 3944 tuerit,
266 3866 363 3948 ipsam
385 3871 594 3935 hereditatem
620 3874 738 3952 absque
766 3871 958 3953 repetitione
981 3871 1079 3952 ipsius
1103 3872 1244 3936 hominis

136 3949 224 4006 omni
247 3957 388 4032 tempore
411 3953 524 4014 lrabeat
544 3955 716 4034 elitigatum
734 3963 829 4035 atque
850 3954 1071 4021 evindicatam.
1115 3956 1171 4016 sin
1190 3978 1245 4014 au·

135 4039 286 4124 tamnen
309 4034 460 4115 potuerit,
482 4037 543 4097 hoc
564 4039 688 4122 legibus
709 4035 879 4101 emendare
903 4038 1038 4102 studeat·
1080 4037 1137 4102 ttis
1152 4059 1242 4123 prae·

136 4112 279 4176 sentibus
307 4127 412 4180 actum
435 4119 507 4182 suit.
