2712 4992
529 301 773 410 sianonm'caa
818 351 819 358 κ
1135 313 1207 386 377

103 472 269 558 praesenti
289 482 431 556 tempore
456 473 670 537 videturesse
694 493 892 556 possessum,
925 472 964 534 de
992 473 1062 532 iure
1083 493 1154 534 meo
1172 473 1209 532 in

103 567 163 618 tua
188 556 280 616 trado
302 564 454 637 potestate
474 557 527 618 vel
552 557 782 633 dominatione,
804 558 891 617 unde
917 553 1026 637 accepi
1047 554 1112 616 alte
1132 576 1209 640 pre-

101 640 192 699 tium
218 637 253 696 in
278 637 365 719 quod
385 637 465 698 mihi
487 639 570 700 hene
593 637 801 721 complacuit,
823 638 889 700 illis
905 637 1124 720 praesentibus
1151 636 1210 720 qui

101 721 219 782 subter
246 729 399 780 tenentur
419 719 543 797 inserti,
565 723 725 782 valentem
749 721 868 782 solidos
885 730 998 782 tantos.
1041 720 1088 780 lta
1112 729 1148 780 ut
1168 719 1208 780 ab

99 802 266 864 hodierna
289 800 340 863 die
361 801 518 884 quiequid
546 803 665 864 exinde
683 805 788 864 facere
805 802 971 880 volneris,
1001 801 1134 862 liberam
1154 799 1209 862 hn-

99 886 184 944 beas
208 892 403 965 potestatem.
444 885 529 946 Etsi
553 885 673 963 fuerit,
704 895 759 944 aut
779 906 838 967 ego
861 884 945 966 ipse,
974 894 1030 944 aut
1056 884 1145 946 ullus
1167 885 1208 945 de

101 965 282 1030 heredibus
306 967 396 1044 meis,
419 967 470 1027 vel
487 967 640 1046 quislibet
654 989 801 1048 persona,
824 968 880 1047 qui
895 976 1006 1027 contra
1025 965 1109 1028 hanc
1126 987 1210 1029 ven-

104 1049 265 1109 ditionem
284 1047 423 1128 aliquam
437 1047 628 1110 calnmniam
642 1051 694 1110 vel
713 1048 939 1131 repetitionem
956 1069 1109 1132 generare
1120 1068 1211 1133 prae·

103 1131 306 1212 sumpserit,
344 1131 427 1191 illud
459 1133 546 1213 quod
580 1131 698 1213 repetit
727 1153 793 1192 non
821 1131 987 1209 vindicet,
1017 1138 1050 1191 et
1077 1131 1210 1214 insuper

104 1223 222 1274 contra
244 1211 297 1272 cui
318 1211 408 1273 litem
434 1213 582 1276 intulerit
609 1213 728 1277 solidos
749 1223 854 1276 tantos
868 1221 1049 1298 componat,
1071 1224 1104 1275 et
1127 1214 1208 1276 haec

103 1295 251 1358 venditio
270 1295 360 1354 firma
378 1305 573 1380 permaneat.

576 1425 744 1508 Ottz'gatto.
849 1487 851 1490 .

192 1541 250 1607 Vl.
291 1543 430 1602 Domino
453 1541 629 1604 venerabili
650 1542 727 1620 illo,
757 1563 817 1626 ego
843 1543 877 1603 in
906 1540 968 1604 Dei
989 1538 1118 1602 nomine
1140 1537 1208 1604 ille.

105 1627 196 1687 Dum
216 1633 249 1686 et
270 1625 417 1687 omnibus
445 1623 581 1684 habetur
601 1625 824 1706 percognitum
857 1625 997 1707 qualiter
1023 1631 1129 1684 vestro
1152 1642 1207 1686 ac·

107 1715 205 1789 cepto
238 1707 343 1789 pretio
363 1727 434 1768 rem
457 1707 660 1787 proprietatis
677 1727 765 1767 meae
790 1707 881 1768 sitam
910 1708 942 1767 in
965 1725 1047 1788 pago
1068 1705 1143 1781 illo,
1171 1702 1206 1762 in

106 1789 240 1850 condita
260 1789 328 1865 illa,
351 1788 384 1852 in
403 1789 475 1848 loco
502 1798 709 1870 nuncupante
730 1788 799 1867 illo,
822 1811 895 1851 cnm
912 1788 998 1850 omni
1013 1784 1208 1868 integritate,

106 1870 161 1932 vel
184 1870 342 1952 quicquid
362 1871 380 1930 ai
401 1891 451 1931 me
474 1871 636 1950 praesenti
657 1881 801 1952 tempore
827 1871 907 1932 inibi
930 1872 994 1940 luit
1017 1889 1206 1952 possessum,

108 1951 201 2016 vobis
221 1973 281 2035 per
301 1952 497 2014 venditionis
517 1952 647 2012 titulum
667 1952 808 2014 distraxi.
849 1954 914 2014 Sed
932 1962 1040 2035 postea
1056 1973 1127 2012 mea
1144 1949 1208 2010 fuit

106 2034 238 2118 petitio,
262 2043 298 2098 et.
313 2044 420 2097 vestra
449 2034 592 2096 decreuit
612 2036 771 2112 voluntas,
790 2044 827 2094 ut
851 2035 931 2096 mihi
958 2035 1058 2114 ipsam
1082 2053 1151 2093 rem
1168 2053 1208 2090 u·

108 2114 326 2178 sufructuario
344 2115 464 2176 ordine
479 2136 666 2178 conservare
685 2116 845 2178 iuberetis.
887 2119 982 2196 Quod
1001 2117 1043 2177 ita
1061 2125 1094 2177 et
1109 2111 1207 2175 feeis÷

109 2199 161 2260 tis.
182 2197 225 2266 Et
242 2217 301 2280 ego
319 2219 378 2280 pro
399 2196 494 2259 huius
508 2201 621 2260 merito
643 2199 804 2278 beneficii,
818 2199 925 2282 obligo
940 2199 1031 2263 vobis
1046 2219 1115 2260 rem
1157 2215 1208 2256 ro·

109 2279 255 2363 prietatis
276 2301 376 2356 meae,
406 2280 498 2348 sitam
516 2279 550 2338 in
573 2302 654 2363 pago
678 2282 747 2358 illo,
770 2281 802 2340 in
825 2283 954 2344 coirdita
975 2281 1050 2360 illa,
1074 2282 1108 2342 in
1133 2219 1206 2340 ibeo

110 2370 321 2444 nuncupante
348 2361 422 2438 illo,
442 2383 517 2438 ‚cnm
540 2365 627 2422 omni
655 2363 837 2444 integritate
866 2377 921 2426 sna
931 2411 940 2443 ,
968 2365 1019 2424 vel
1051 2359 1208 2444 quiequid

109 2443 232 2505 ibidem
256 2441 416 2524 praesenti
433 2454 587 2523 ,tempore
609 2445 691 2505 ame
713 2445 926 2508 videturesse
954 2465 1139 2528 possessum.
1160 2441 1209 2504 Ea

109 2545 190 2594 vero
215 2526 338 2586 ratione
360 2534 397 2584 ut
410 2527 555 2606 quandiu
575 2526 608 2585 in
631 2535 725 2607 caput
743 2527 912 2603 advixero,
946 2527 1112 2606 utriusque
1133 2544 1208 2606 par-

108 2607 196 2670 tibus
227 2607 285 2667 sub
311 2615 418 2668 vestro
438 2618 603 2688 praetexto
631 2617 741 2669 tenere
768 2618 801 2670 et
826 2631 979 2692 usurpare
1000 2609 1151 2682 debeam,
1176 2612 1210 2663 et

110 2689 190 2748 mihi
216 2688 335 2748 exinde
356 2709 420 2748 non
446 2689 543 2751 liceat
561 2689 660 2752 aliubi
683 2711 744 2769 nec
762 2691 906 2754 vendere
929 2711 989 2751 nec
1009 2692 1128 2750 dotiare
1146 2706 1206 2746 nse

110 2770 144 2844 in
172 2770 380 2830 nullomodo
405 2768 600 2848 distrahere,
631 2793 691 2832 nec
716 2771 800 2853 ipsos
823 2795 898 2834 usus
921 2771 955 2834 in
981 2772 1113 2832 alterins
1139 2789 1207 2828 ma-

109 2873 170 2912 nus
189 2851 372 2912 transferre.
406 2853 477 2914 ¹Sed
494 2863 565 2933 post
592 2875 698 2914 meum
724 2876 854 2936 quoque
881 2854 1064 2929 discessum,
1087 2853 1206 2932 absque

109 2933 210 2997 ullius
232 2927 399 3013 expectata
423 2935 595 2995 traditione
628 2936 679 2996 vel
705 2937 852 2998 ludicum
877 2935 1119 3019 consignatione
1136 2933 1208 2994 abs-

72 3075 74 3080 ,
109 3036 173 3095 que
196 3011 410 3078 diminutione
436 3036 546 3076 rerum
568 3017 619 3077 vel
641 3018 882 3100 mancipiarnm,
904 3041 978 3080 cum
994 3018 1081 3079 omni
1101 3037 1210 3099 supra·

109 3095 224 3178 posito,
248 3096 298 3157 vel
319 3097 530 3179 quicquid'in
555 3097 620 3179 ipsa
642 3101 711 3160 loca
735 3101 875 3184 aspicere
894 3103 945 3163 vel
975 3100 1137 3182 pertinere
1157 3097 1209 3156 vi-

110 3179 223 3256 detur,
258 3199 315 3239 vos
339 3180 537 3262 heredesque
567 3181 683 3256 vestri,
711 3182 763 3242 rel
788 3183 840 3244 cni
865 3184 882 3242 b
909 3183 999 3244 vobis
1019 3181 1208 3264 permissum

108 3259 219 3336 fuerit,
250 3259 283 3318 in
306 3281 417 3320 eorum
444 3262 564 3322 faciant
589 3284 740 3325 revocare
768 3273 956 3347 potestatem
983 3266 1037 3326 rel
1062 3263 1209 3324 domina-

108 3341 239 3401 tionem.
281 3343 323 3402 Et
348 3344 373 3402 si
394 3342 495 3405 fuerit
515 3353 571 3403 aut
589 3366 646 3427 ego
668 3345 746 3426 ipse,
774 3356 830 3408 aut
856 3346 942 3407 ullus
968 3368 1008 3407 ex
1035 3345 1208 3407 heredibus

108 3422 198 3499 meis,
229 3422 281 3486 rel
304 3424 456 3504 quislibet
473 3445 609 3507 persona
628 3428 684 3508 qui
710 3427 895 3490 contrahas
918 3427 1129 3512 obligationes
1146 3426 1208 3486 ali-

109 3525 204 3585 quam
231 3503 424 3566 calumniam
450 3507 500 3568 vel
526 3509 753 3590 repetitionem
782 3518 837 3570 aut
862 3521 1081 3592 contemptum
1108 3529 1207 3591 gene·

108 3607 178 3647 rare
199 3587 457 3668 praesumpserit,
479 3588 562 3649 illud
583 3591 671 3671 quod
687 3591 804 3674 repetit
829 3614 894 3654 non
920 3592 1079 3666 vindicet,
1100 3603 1134 3654 et
1155 3591 1208 3649 in·

108 3688 204 3748 super
230 3678 339 3729 contra
361 3669 414 3729 cui
436 3669 526 3730 litem
547 3670 694 3733 intulerit
714 3674 832 3736 solidos
853 3675 1007 3736 ducentos
1029 3681 1207 3754 componat,

109 3759 140 3810 et
162 3748 223 3890 bqe
250 3749 460 3833 obligationes
486 3774 553 3814 uuo
579 3763 690 3817 tenore
721 3756 919 3840 conscriptae
948 3756 1056 3818 firmae
1080 3776 1207 3840 perma-

107 3851 188 3892 nean
205 3875 213 3892 .

548 3970 746 4032 Precaturia.

112 4141 115 4150 ,
188 4079 259 4141 Vll.
301 4082 440 4143 Domino
473 4085 651 4145 venerabili
683 4087 741 4146 illo
769 4086 896 4148 Rectori
922 4085 1086 4149 Ecclesiae
1116 4085 1206 4150 illius

107 4161 155 4222 vel
180 4162 268 4221 omni
291 4165 538 4246 Congregationi
572 4167 691 4228 ibidem
715 4169 917 4245 consistenti,
945 4191 1004 4254 ego
1032 4168 1117 4230 enim
1138 4170 1206 4232 ille.

108 4243 157 4307 Ad
177 4265 280 4307 meam
300 4246 490 4330 petitionem
513 4259 616 4314 vestra
637 4251 778 4314 decrerit
798 4251 946 4316 voluntas
973 4260 1008 4314 ut
1039 4251 1117 4313 mihi
1149 4253 1207 4316 vil·
