2746 4992
185 339 257 414 286
507 349 690 408 nanturra
720 353 969 408 sonuumauu

183 497 274 586 potui
303 506 339 558 ut
360 489 468 570 volui,
499 491 562 554 feci
584 503 689 556 tamen
718 493 864 555 ordinate
889 501 927 556 ut
948 493 1061 590 potui,
1089 511 1149 556 non
1175 499 1260 560 solam

182 607 218 646 ea
240 602 322 666 quae
343 578 495 654 iussistis,
525 597 637 638 rerum
664 575 760 637 etiam
790 579 891 637 multa
918 578 977 636 aira
1006 577 1039 637 in
1066 576 1125 639 hac
1144 581 1261 660 scedola,

184 679 249 729 tam
270 663 512 748 praeceptiones
539 661 684 740 regales,
718 681 814 741 quam
840 660 965 721 chartas
993 681 1164 743 pagenses,
1191 663 1262 724 iusta

181 746 394 832 simplicitatis
415 751 447 806 et
474 741 659 804 rusticitatis
694 763 782 802 meae
812 755 957 804 naturam
989 744 1135 804 intimare
1164 746 1263 807 curari.

182 833 257 897 Scio
283 829 370 893 enim
395 826 513 888 multos
534 826 604 885 sore
626 834 659 886 et
678 846 735 886 vos
757 835 789 886 et
812 827 891 886 alios
909 825 1168 907 prudentissimos
1193 829 1263 888 viros

182 928 214 982 et
235 910 513 996 eloquentissimos
534 929 570 969 ac
591 906 738 968 rhetores
762 909 855 969 etad
877 907 1064 970 dictandam
1084 910 1195 990 peritos
1218 911 1263 992 qui

182 1002 252 1075 ista,
274 998 301 1060 si
323 995 482 1076 legerint,
503 1013 563 1073 pro
592 988 723 1049 minima
744 1000 776 1050 et
799 992 889 1052 reiut
910 991 1143 1068 deliramenta,
1172 1016 1264 1053 eorum

181 1088 361 1163 comparata
382 1075 569 1158 sapientiae,
591 1072 797 1153 reputabunt,
818 1073 870 1134 vel
893 1083 979 1135 certe
1002 1076 1110 1156 legere
1132 1075 1264 1158 dedigna-

179 1168 271 1228 bunt.
315 1161 379 1222 Sed
399 1180 459 1240 ego
483 1177 546 1216 non
564 1177 622 1237 pro
648 1156 765 1217 talibus
785 1155 872 1232 viris,
893 1156 950 1218 sed
971 1157 1012 1217 ad
1028 1159 1263 1218 exercendaini-

179 1252 224 1312 tia
250 1265 437 1332 puerorum,
459 1249 495 1301 ut
516 1238 625 1320 potui,
648 1246 755 1319 aperte
783 1247 816 1297 et
843 1239 1035 1320 simpliciter
1065 1239 1181 1320 scripsi.
1217 1241 1264 1299 Cui

180 1333 270 1407 libet,
283 1330 309 1390 is
331 1326 448 1388 exinde
469 1322 576 1402 aliqua
597 1321 810 1403 exemplando
829 1321 935 1382 faciat.
977 1323 1108 1384 sivero
1128 1323 1264 1406 displicet,

180 1436 276 1477 nemo
300 1411 386 1492 cogit
408 1406 559 1474 inritum3
589 1424 648 1462 nec
670 1403 967 1486 praeiudicat-mea
992 1405 1154 1466 rusticitas
1175 1405 1264 1466 erudi·

179 1507 286 1560 torum
308 1502 340 1555 et
359 1492 525 1554 rhetorum
549 1487 681 1547 floribus
703 1485 885 1559 verborum,
902 1495 934 1546 et
955 1488 1160 1568 eloquentiae
1172 1490 1265 1550 fucan-

180 1582 262 1644 diae.
305 1579 388 1640 Sunt
419 1581 583 1656 praeterea
615 1567 774 1628 nonnulla
797 1569 925 1650 negotia
949 1567 1134 1648 hominum,
1160 1581 1217 1630 tam
1239 1569 1264 1628 in

179 1662 317 1744 palatio,
348 1679 445 1740 quam
466 1655 499 1713 in
522 1675 621 1736 pago,
652 1673 734 1736 quae
762 1651 858 1714 scribi
880 1673 946 1713 non
968 1663 1098 1736 queunt
1119 1663 1265 1736 antequam

181 1746 319 1808 invicem
341 1741 562 1813 conferantur,
592 1743 625 1796 et
655 1735 741 1794 iuxta
772 1735 1008 1818 propositiones
1030 1737 1083 1798 vel
1113 1735 1266 1818 responsio

160 1851 237 1891 -ues
259 1826 387 1907 eloquia
409 1842 521 1882 eorum
542 1825 621 1878 tunc
634 1818 817 1880 scribantur
832 1825 863 1877 et
885 1828 979 1900 gesta.
1020 1820 1092 1902 Ego
1113 1841 1185 1880 vero
1204 1819 1265 1877 haee

179 1933 262 1994 qraae
284 1908 369 1992 apud
389 1905 523 1964 maiores
545 1922 643 1976 meos,
666 1901 754 1961 iuxta
776 1903 1044 1962 consuetudinem
1064 1901 1128 1963 ioci
1149 1923 1208 1982 quo
1226 1901 1265 1962 de·

181 1997 296 2077 gimus,
319 1988 442 2064 didici,
473 1986 524 2047 rel
548 2007 586 2045 ex
617 2005 713 2044 sensu
735 1983 866 2064 proprio
888 1985 1047 2065 cogitavi,
1070 1994 1108 2045 nt
1128 1985 1210 2066 potui
1229 2005 1265 2042 co·

179 2096 329 2139 acervare
351 2074 383 2132 in
408 2092 509 2131 unum
529 2066 652 2143 curavi,
675 2077 706 2128 et
727 2068 875 2148 Capituia
896 2068 1098 2150 praenotavi,
1121 2078 1153 2128 ut
1182 2065 1265 2126 faciti·

179 2183 217 2224 us
238 2157 327 2244 quod
348 2151 490 2217 voluerit
509 2173 526 2211 a
548 2160 724 2234 quaerente
746 2149 874 2212 inantea
894 2151 1014 2234 scripto
1034 2154 1235 2236 reperiantur.

326 2335 488 2397 laeserunt
514 2333 675 2393 Csrrruss
705 2349 860 2392 sarronae
894 2329 1010 2394 Orrass
1040 2351 1145 2396 susus.

207 2499 232 2542 ι.
262 2470 700 2556 eraliterprivilegiumcon·
774 2487 819 2534 ιι.
850 2451 1016 2532 Tractatio
1067 2475 1261 2554 legatariorum

265 2559 371 2618 datur.
849 2555 904 2612 vel
919 2556 1047 2614 minima
1064 2555 1213 2638 facienda
1232 2548 1263 2613 ad

204 2664 233 2704 a.
262 2639 428 2704 Concessio
451 2635 542 2717 Regis
574 2633 616 2694 de
642 2634 700 2694 itoc
850 2635 940 2696 istius
959 2640 1070 2704 instar.

261 2724 443 2809 privilegio.
488 2751 490 2758 ·
773 2739 819 2780 ια.
843 2717 1048 2804 Praeceptum
1061 2718 1262 2783 interdonatio·
1332 2733 1333 2740 ’

203 2809 233 2870 3.
261 2808 426 2868 Emunitas
447 2803 547 2882 Regis.
850 2802 909 2862 nis.

202 2893 232 2970 4.
263 2887 470 2973 Confirmatio
488 2885 528 2944 de
555 2881 646 2962 Regis
664 2903 699 2942 e·
774 2885 819 2950 13.
848 2891 1055 2969 Praeceptum
1071 2885 1263 2948 delaesiuver*

266 2974 427 3034 munitate.
846 2989 889 3052 po
908 2990 969 3052 per
983 2989 1110 3030 manum
1131 2971 1222 3050 Regis.

205 3056 233 3122 5.
260 3055 469 3132 Praeceptum
489 3049 582 3128 Regis
608 3044 648 3107 de
671 3068 701 3108 c·
773 3052 819 3128 14.
845 3051 977 3132 Prologi
1002 3063 1066 3111 tres
1094 3051 1133 3116 de
1157 3067 1262 3113 conces-

263 3140 438 3221 piscopatu.
850 3133 988 3193 sionibus
1014 3136 1177 3216 regalibus.

203 3222 233 3286 6.
259 3214 423 3282 Indieulus
447 3213 539 3293 Regis
565 3211 609 3273 ad
634 3233 700 3273 mc·
774 3213 820 3280 15.
847 3215 1014 3278 Concessio
1031 3219 1078 3278 ad
1090 3219 1261 3279 locosancto.

269 3299 493 3396 imminuam?
509 3295 702 3379 ΕΡῘΜΡῙΨι
773 3321 821 3387 16.
848 3320 1055 3406 Confirmatio
1066 3320 1262 3407 Regisadloco

263 3401 297 3449 ut
324 3383 387 3444 alto
418 3379 576 3465 Episcopo
607 3379 702 3439 bene·
853 3418 969 3466 sancto·

266 3470 361 3531 dtcai·
476 3544 483 3558 ‚
511 3543 518 3558 ,
775 3509 820 3570 ¹7·
853 3493 970 3550 lterum
999 3490 1193 3575 confirmatio
1215 3501 1261 3568 ΡΜ

205 3576 234 3634 7.
263 3553 435 3614 001136ηὸαὸ
452 3563 569 3605 “mum
581 3561 624 3626 W
624 3562 643 3603 ⁰
666 3559 701 3599 θ’
852 3573 1042 3635 secularibus
1062 3576 1145 3636 uiris.

264 3638 440 3720 Pi⁵⁶⁰Pa‘¹‘·
777 3651 823 3716 ι8.
853 3653 900 3714 De
921 3655 1011 3734 Regis
1030 3654 1222 3717 antrustione.

203 3721 234 3784 8·
263 3719 380 3779 Charta
398 3709 438 3769 de
456 3706 584 3777 ducatu,
599 3707 703 3788 patri.
1192 3760 1198 3775 ,

266 3803 362 3868 ciatu,
386 3805 440 3854 aut
458 3791 618 3853 comitatu,
776 3781 823 3843 ¹9·
850 3761 1057 3844 Praeceptum
1070 3761 1110 3822 de
1124 3761 1262 3822 clementa,

203 3908 233 3970 9.
261 3879 426 3944 Indiculus
454 3873 499 3933 ad
524 3872 621 3930 alitem
644 3871 702 3930 Re·
770 3888 820 3933 20.
849 3868 897 3927 Dc
926 3867 1084 3931 divisione
1114 3869 1166 3928 abi
1189 3861 1262 3941 Regis

264 3985 352 4046 gem,
375 3979 443 4019 curn
457 3954 571 4031 legatio
588 3952 699 4032 dirigi·
851 3954 1017 4011 accesserit
1036 3955 1159 4013 Missus.

266 4063 330 4117 tur,
354 4056 384 4102 et
406 4039 506 4099 uerbis
527 4039 702 4114 suggeritur
771 4053 821 4098 nr.
849 4035 897 4094 De
911 4055 1019 4095 causas
1035 4035 1159 4096 alterius
1171 4047 1260 4109 recep·

267 4121 540 4190 contruendatitiis.
855 4131 912 4181 tas.

188 4237 233 4278 tu·
264 4210 457 4288 Rescriptum
468 4201 511 4260 ad
522 4201 630 4278 Regem
638 4219 698 4280 pro
772 4219 820 4264 22.
848 4201 1052 4280 Praeceptum
1072 4195 1208 4260 deaan'al
1223 4243 1228 4256 .

269 4313 323 4354 suo
345 4286 504 4366 legatario.
772 4283 819 4342 25..
848 4282 963 4344 Ctana
974 4281 1010 4341 dc
1022 4303 1113 4342 causa
1124 4294 1258 4362 suspuutn
