2658 4978
58 325 132 402 188
272 345 414 405 nens.
521 345 777 406 cartrucsnn
882 337 943 416 aa.

57 507 139 546 mam
153 485 308 550 abstrahit
324 484 365 546 de
383 483 527 546 Ecclesia
544 484 589 545 ad
605 504 698 568 quam
712 506 772 567 per
793 487 947 548 iustitiam
965 487 1055 548 debet
1072 488 1161 564 dari,

56 582 86 628 et
101 590 168 628 eam
183 570 431 650 praesumptiose
450 568 505 626 uei
522 581 657 652 propter
683 589 812 628 munera
833 581 886 628 aut
916 571 1083 628 amicitiam
1104 571 1165 629 uel
1244 563 1248 571 ’

58 651 154 709 aliam
172 650 340 732 quamlibet
360 651 554 711 occasionem
577 648 622 708 ad
645 645 740 707 aliam
768 649 942 710 Ecclesiam
968 650 1115 723 dederit,
1139 651 1163 710 iz

57 731 175 792 Comite
194 731 404 791 vethisso
430 743 536 790 nostro
565 730 774 808 distringatur
792 744 826 789 ut
857 730 996 791 eiusdem
1018 732 1163 792 decimae

59 815 262 895 quantitatem
278 833 348 871 cum
366 835 423 873 sua
439 807 507 890 lege'
518 815 670 872 restituat.
712 815 755 872 Et
770 815 864 873 item:
885 814 934 872 De
958 815 1006 874 lais
1023 816 1077 896 qui
1098 836 1164 874 no-

59 915 115 954 nas
137 908 167 953 ct
192 894 327 952 decimas
352 896 416 953 iarn
431 915 491 978 per
505 895 617 954 multos
642 916 741 954 annos
768 907 821 955 aut
841 908 1012 977 exparte,
1034 909 1089 954 aut
1115 916 1165 957 ex

58 988 123 1036 toto
141 975 218 1036 dare
234 976 438 1054 neglexerunt
447 1021 460 1048 ,
482 976 627 1036 uolumus
655 990 689 1036 ut
704 997 765 1057 per
787 978 904 1038 Missos
928 990 1061 1050 nostros,
1078 998 1165 1038 con-

57 1058 252 1135 stringantur
271 1070 304 1116 ut
323 1057 493 1117 secundum
516 1056 727 1141 capitularem
753 1060 895 1142 priorem
917 1059 1042 1118 solvant
1065 1062 1165 1118 unius

56 1139 133 1198 anni
148 1159 261 1200 noriam
281 1151 312 1198 et
334 1137 487 1216 decimam
503 1160 588 1202 ¹casm
615 1161 672 1199 sna
702 1141 787 1219 lege,
811 1154 842 1200 et
867 1137 995 1222 iusup'er
1022 1141 1165 1200 bannum

55 1233 205 1287 nostrum.
246 1220 290 1281 Es
314 1221 372 1283 boc
392 1223 437 1282 eis
458 1220 678 1296 denuntietur,
704 1221 791 1304 quod
817 1223 1088 1304 quicunquethanc
1106 1243 1167 1280 ne-

52 1302 234 1380 gligentiam
249 1304 432 1376 iteraverit,
455 1301 639 1386 benficium
664 1303 747 1364 unde
771 1306 846 1365 haec
874 1325 958 1366 scorta
979 1316 1009 1364 et
1033 1303 1164 1364 decima

51 1384 196 1463 persolvi
212 1384 321 1448 debuit
338 1386 524 1446 amissurum
546 1407 579 1446 se
601 1387 689 1451 sciat.

134 1531 179 1595 ll.
220 1535 269 1594 De
282 1531 345 1591 hoc
360 1531 448 1611 quod
463 1551 496 1593 se
512 1532 700 1594 reclamavit
716 1533 869 1628 quoniam
890 1541 1026 1593 castrum
1041 1533 1167 1592 Terra-

55 1614 188 1676 cinense
203 1636 278 1676 suae
294 1614 458 1676 subditum
477 1615 645 1695 potestati,
664 1617 804 1675 factione
818 1615 963 1691 Baianis,
986 1637 1044 1696 per
1057 1617 1164 1674 Pres-

50 1696 155 1778 byteri
174 1695 378 1758 insolentiam
399 1717 456 1757 suo
473 1698 607 1758 resultat
632 1697 826 1772 ministeria,
850 1697 995 1757 delinitio
1019 1697 1166 1778 praelati

52 1777 405 1839 AntiocheniConcilii
425 1779 589 1858 sequenda
607 1788 653 1840 est
674 1781 707 1839 iu
736 1799 830 1841 eausa
858 1779 1026 1840 insolentis
1054 1780 1161 1839 Pres-

52 1860 168 1955 byteri.
210 1863 330 1921 Contra
350 1859 524 1922 factionem
538 1871 643 1921 autem
660 1860 788 1922 Baianis
805 1862 1006 1942 sequendum
1024 1869 1071 1920 est
1089 1862 1160 1920 Ca-

52 1943 194 2026 pitulum
222 1941 481 2024 carthaginensis
516 1944 677 2017 Concilii‚
708 1965 772 2026 quo
799 1943 933 2003 dicitur:
971 1943 1079 2003 Visum
1105 1955 1162 2001 est

53 2025 210 2084 raniversis
230 2025 269 2084 ab
291 2025 538 2107 Imperatoribus
560 2026 718 2108 postulari
731 2024 937 2106 defensores,
957 2036 1089 2106 propter
1104 2021 1160 2100 af-

39 2104 222 2191 flictionem
237 2126 430 2187 pauperum,
453 2125 584 2184 quorum
604 2107 754 2166 molestiis
771 2109 838 2165 sine
858 2106 1086 2164 intermissione
1095 2106 1160 2186 fa-

53 2190 172 2266 tigatnr
194 2187 355 2258 Ecclesia,
378 2199 412 2248 ut
439 2187 621 2267 defensores
648 2191 693 2246 eis
716 2189 864 2248 adversus
883 2185 1158 2268 potentiasdioi-

53 2281 118 2330 tum
135 2269 439 2351 cuanpiscoporum
452 2270 632 2350 provisione
647 2269 835 2347 delegentur.
879 2268 1088 2349 sequendum
1101 2277 1160 2328 est

52 2350 148 2411 etiam
164 2371 259 2433 supra
273 2350 412 2431 positum
431 2351 608 2431 capitulum
642 2374 683 2412 ex
707 2351 881 2433 Capitulari
911 2351 1157 2430 Augustorum,

52 2432 92 2494 de
116 2432 166 2494 his
184 2434 239 2516 qui
265 2433 333 2492 sine
354 2453 513 2493 consensu
529 2433 679 2514 Episcopi
712 2433 919 2516 Preslsyteros
941 2431 976 2491 in
995 2431 1160 2495 Ecclesiis

49 2515 115 2578 suis
137 2515 359 2594 constituunt,
381 2515 434 2577 rel
458 2514 497 2576 de
521 2515 676 2576 Ecclesiis
699 2515 832 2577 eiciunt.

127 2661 191 2726 Ill.
231 2661 367 2738 Dehoc
389 2661 478 2744 quod
505 2683 538 2724 se
562 2661 747 2724 reclamavit
769 2660 846 2744 quia
874 2659 999 2722 Gothus
1018 2659 1160 2743 quidam
1231 2695 1235 2702 ·

50 2741 231 2806 Madascins
249 2746 363 2806 fraude
382 2755 478 2826 atque
493 2745 700 2826 subreptione
726 2766 786 2826 per
808 2753 1013 2825 praeceptum
1033 2745 1160 2804 Eccle-

47 2826 127 2888 siam
143 2827 245 2888 saneti
265 2826 421 2910 Stephani
450 2827 590 2888 nobilem
609 2836 641 2888 et
662 2827 825 2907 antiquam
850 2825 1045 2906 impetravit;
1075 2826 1133 2886 ubi
1145 2871 1160 2904 ,

72 2909 224 2990 ostposito
238 2909 299 2969 Dei
321 2910 430 2984 cultu,
452 2909 546 2969 foeda
563 2908 700 2969 efficitur
719 2908 920 2969 conversatio
947 2908 1157 2972 rusticorum.

47 2931 90 3053 ht
107 2991 256 3052 similiter
268 2987 460 3054 Ricousidus
474 2991 597 3052 Gothus
622 2990 735 3050 fraude
758 3000 790 3050 et
809 2988 1018 3070 subreptione
1041 3011 1163 3070 agrum

48 3082 175 3135 sanctae
197 3073 345 3133 Eulaliae
363 3095 423 3155 per
440 3082 648 3154 praeceptum
669 3071 817 3137 obtinuit.
852 3071 955 3131 lussio
971 3070 1059 3150 regia
1072 3071 1160 3134 haec

46 3173 108 3249 per
122 3153 234 3230 fideles
250 3154 362 3214 Missos
378 3154 551 3236 diligenter
567 3177 603 3214 ac
623 3154 781 3215 veraciter
797 3152 963 3233 inquirere
980 3151 1099 3224 iubeat,
1121 3164 1161 3218 et

48 3257 150 3318 ipsam
166 3234 411 3316 inquisitionem
438 3257 498 3317 per
513 3235 666 3296 ¹fidelium
694 3237 871 3297 custodiam
895 3233 955 3295 sub
981 3233 1088 3314 sigillo
1111 3236 1160 3296 ad

49 3317 198 3378 notitiam
217 3339 307 3378 suam
333 3317 471 3398 perferri
494 3318 599 3383 faeiat.
640 3318 682 3377 Et
700 3318 727 3380 si
751 3318 919 3378 inventum
941 3316 1041 3375 fuerit
1063 3318 1160 3395 quod

47 3401 210 3506 praedicta
228 3398 374 3460 Ecclesia
391 3399 494 3461 sancti
513 3398 677 3482 Stephani
699 3410 731 3460 et
755 3421 830 3481 ager
857 3407 984 3462 sanctae
1005 3397 1159 3458 Eulaliae

50 3507 70 3544 a
86 3482 237 3564 praefatis
253 3480 367 3542 Gothis
381 3503 441 3565 per
460 3492 631 3564 praecepta
646 3481 777 3542 obtenta
797 3492 884 3559 sunt,
899 3479 967 3562 ipsa
983 3488 1159 3560 praecepta

50 3564 360 3646 secundumlegem
380 3563 577 3644 sigillentur,
600 3572 632 3626 et
657 3585 721 3622 una
751 3586 825 3626 eum
854 3563 921 3644 ipsa
942 3560 1159 3641 inquisitione

51 3647 91 3708 ad
120 3646 335 3728 praesentiam
356 3646 478 3728 regiam
497 3648 718 3728 perimentum
753 3655 789 3706 ut
814 3644 992 3705 secundum
1016 3643 1087 3702 iura
1106 3644 1158 3702 fo-

51 3729 178 3807 rensia,
211 3729 269 3811 qui
299 3729 332 3787 in
361 3727 511 3810 precibus
537 3729 629 3788 fuere
664 3727 808 3804 mentiti,
844 3747 910 3787 non
931 3725 998 3784 illis
1030 3724 1160 3805 prosint

47 3832 131 3894 quae
150 3811 463 3892 impetrave1·unt‚et
484 3809 529 3870 ibi
548 3818 678 3870 careant
695 3809 764 3891 ipso
785 3809 979 3890 scriptorum
993 3805 1156 3866 beneficio

50 3914 116 3974 quo
137 3895 358 3974 perducentur
385 3891 558 3975 rescripta,
583 3900 616 3952 et
639 3891 727 3973 regia
747 3890 984 3975 magnificentia
1018 3887 1160 3970 recipiat

51 3976 140 4058 quod
156 3983 203 4038 est
222 3976 273 4038 sui
292 3973 371 4036 iuris
388 3973 637 4040 Barcinonensis
657 3973 812 4040 Ecclesia.
