2658 4978
223 351 259 407 a,
276 347 389 425 cun..
463 346 587 402 nacon
622 344 839 402 raaaoonuu
944 349 1008 414 eea.
1117 331 1187 407 139

95 503 180 574 atque
200 487 370 564 honorem,
392 484 448 548 hic
462 483 606 546 fidelium
622 495 804 547 nostrorum
822 507 981 548 consensu
994 497 1090 572 atque
1107 511 1186 552 con·

93 577 158 640 silio
179 570 422 645 constituimus,
444 567 535 629 vobis
553 588 612 649 per
629 569 782 650 scriptum
797 580 872 630 nota
893 572 1000 630 facere
1018 575 1186 648 volumus,

91 668 122 718 ut
135 657 188 717 illa
208 652 339 736 plenius
358 650 470 712 audire
493 649 579 709 etad
596 651 679 711 illud
698 651 851 732 scriptum
868 656 1078 732 recurrendo,
1097 655 1185 738 quod

89 743 118 802 in
136 736 270 818 singulis
290 733 493 796 comitatibus
511 731 579 790 deri
599 742 630 792 et
651 732 752 806 relegi
780 743 875 814 atque
894 735 1003 794 haberi
1026 737 1186 818 praecipi-

89 844 165 896 mus,
189 817 312 878 firmius
331 817 471 876 retinere
503 821 535 874 et
563 815 680 874 certius
706 814 874 874 ohservare
905 819 1039 898 possitis.
1094 821 1186 894 Quae

90 904 178 964 etiam
196 901 235 959 ab
242 897 409 980 Episcopis
424 895 477 956 vel
491 916 602 956 eorum
617 897 770 960 ministris
786 919 845 979 per
862 897 1005 980 singulos
1020 902 1187 961 comitatus

88 985 248 1046 decorum
267 979 428 1062 parochiis
445 987 555 1058 aperto
576 1000 742 1058 sermone,
763 989 799 1039 ut
825 979 864 1040 ab
892 981 1041 1044 omnibus
1062 982 1188 1067 possint
1249 1047 1253 1056 ,

87 1065 246 1148 intelligi,
268 1062 352 1124 tradi
370 1063 526 1123 volumus.

355 1194 525 1268 Ksuoaus,
568 1212 684 1268 ouarra
714 1193 802 1270 Dm,
834 1193 912 1256 Rex.

161 1307 282 1371 Notum
301 1330 369 1370 esse
391 1307 542 1368 volumus
562 1309 708 1370 omnibus
736 1308 797 1369 Dei
820 1318 852 1370 et
879 1309 996 1371 nostris
1020 1310 1185 1388 fidelibus,

88 1393 236 1475 quoniam
251 1393 331 1453 haec
349 1411 432 1472 quae
448 1401 629 1471 sequuntur
645 1390 792 1469 Capitale
812 1413 900 1452 nune
923 1393 956 1452 in
984 1392 1042 1453 isto
1066 1396 1185 1474 placito

89 1485 208 1551 nostro,
239 1493 327 1534 anno
352 1474 391 1533 ab
421 1473 645 1532 incarnatione
672 1473 803 1533 Domini
834 1476 934 1534 nostri
967 1476 1039 1536 lesu
1066 1477 1187 1536 Christi

89 1579 260 1634 ucoosnv,
285 1577 370 1615 enno
388 1554 542 1616 videlicet
555 1555 646 1636 regni
664 1556 763 1616 nostri
785 1556 853 1636 ipso
871 1557 1001 1637 proprio
1018 1579 1099 1632 xxv,
1127 1561 1185 1618 In-

90 1639 225 1700 dictione
253 1660 311 1713 ru,
339 1658 387 1699 vu
428 1635 563 1696 Kalend.
585 1637 709 1712 lunias,
733 1638 765 1697 in
787 1637 850 1698 hoc
877 1639 950 1698 loco
972 1639 1030 1719 qui
1066 1641 1187 1700 dicitur

90 1723 199 1798 Pistis,
222 1740 378 1780 unacum
402 1719 549 1780 fidelium
571 1728 752 1779 nostrorum
778 1741 936 1782 consensu
957 1719 1052 1804 atque
1076 1723 1186 1784 consi·

90 1803 131 1863 lio
151 1801 394 1876 constituimus,
417 1812 448 1862 et
463 1799 586 1862 cunctis
600 1801 669 1862 sine
695 1802 762 1860 ulla
790 1803 1005 1886 refragatione
1029 1826 1089 1888 per
1109 1825 1185 1886 reg-

94 1906 165 1946 num
187 1895 333 1946 nostrum
351 1883 547 1944 observanda
561 1883 755 1944 mandamus.

167 1967 191 2028 l.
234 1965 649 2028 Primo'oonsideravimus
683 1966 721 2025 de
760 1965 884 2027 honore
911 1965 1129 2028 Ecclesiarum
1155 1975 1188 2028 et

92 2047 300 2110 sacerdotum
324 2071 360 2110 ac
375 2069 540 2108 servorum
557 2048 637 2123 Dei,
659 2058 691 2108 et
707 2047 906 2110 immunitate
927 2073 1034 2111 rerum
1056 2050 1187 2112 ecclesi-

93 2131 277 2208 asticarum,
299 2141 335 2191 ut
357 2130 466 2191 nullus
480 2129 539 2189 sibi
556 2129 595 2189 de
612 2129 688 2210 ipsis
710 2132 806 2195 rebus
829 2142 940 2192 contra
964 2134 1186 2194 auctoritatem

90 2223 285 2294 praesumat;
308 2223 341 2274 et
365 2211 505 2274 Comites
530 2209 695 2293 Episcopis
721 2224 753 2272 et
780 2213 934 2276 Ministris
960 2215 1124 2275 Ecclesiae
1150 2214 1184 2274 in

90 2317 194 2371 eorum
220 2295 408 2356 ministeriis
429 2294 589 2374 adiutores
606 2294 639 2352 in
663 2295 811 2357 omnibus
836 2297 930 2371 fiant,
953 2297 1037 2358 sicut
1064 2297 1097 2356 in
1121 2298 1186 2356 Ca-

88 2377 214 2458 pitulari
229 2379 511 2458 praedecessorum
530 2399 567 2436 ao
580 2379 820 2458 progenitorum
836 2389 1018 2439 nostrorum
1037 2380 1184 2440 coutine-

89 2467 154 2536 tur,
175 2459 207 2518 in
227 2459 369 2520 secundo
384 2459 486 2536 libro,
509 2459 649 2540 capitulo
666 2481 753 2526 rxur.
806 2461 849 2520 Et
863 2461 1052 2542 quicunque
1074 2458 1186 2521 Comi-

88 2550 151 2600 tum
169 2542 220 2603 vel
242 2540 464 2602 Ministrorum
481 2541 679 2624 reipublicae
704 2541 782 2603 hacc
798 2562 880 2624 quae
905 2546 1108 2621 mandamus,
1132 2543 1186 2601 oh-

90 2643 214 2684 servare
238 2623 439 2704 neglexerit,
461 2623 487 2684 si
506 2623 608 2706 prima
626 2632 657 2683 et
671 2626 810 2684 secunda
829 2625 898 2684 vice
914 2626 952 2686 de
969 2625 1019 2686 his
1036 2625 1184 2685 admoni-

88 2715 212 2766 tusuon
240 2727 273 2766 se
299 2705 494 2781 correxerit,
524 2706 672 2767 volumus
694 2714 731 2765 ut
752 2707 954 2788 neglegentia
988 2708 1121 2768 Comitis
1144 2706 1185 2766 ad

89 2796 223 2849 nostram
241 2788 387 2848 notitiam
403 2809 462 2869 per
475 2787 650 2870 Episcopos
672 2796 705 2848 et
723 2811 781 2868 per
803 2791 913 2849 Missos
942 2798 1067 2850 nostros
1092 2789 1187 2849 dofe-

91 2877 199 2948 ratur,
222 2879 257 2930 et
278 2869 415 2930 aliorum
428 2871 630 2952 neglegentia
647 2891 706 2951 per
720 2870 858 2931 Comites
878 2871 917 2930 ad
939 2881 1078 2932 nostram
1097 2870 1185 2930 noti-

88 2951 159 3010 tiam
171 2953 366 3032 perferatur,
377 2962 413 3013 ut
426 2963 531 3012 nostra
547 2953 734 3014 auctoritate
750 2953 836 3033 quod
854 2953 886 3012 in
899 2953 1075 3036 Capitulari
1093 2973 1185 3037 prae·

88 3033 289 3094 decessorum
306 3045 487 3096 nostrorum
504 3035 709 3110 continetur,
729 3033 837 3096 subire
856 3047 1021 3117 cogantur.

167 3117 212 3182 lt.
255 3119 332 3177 Post
350 3116 483 3178 haecde
503 3115 718 3198 orphanorum
745 3129 778 3178 et
806 3119 975 3178 viduarum
1001 3117 1120 3195 causis,
1151 3126 1186 3180 et

89 3195 125 3256 de
137 3199 300 3280 regalibus
315 3199 462 3276 iustitiis,
485 3208 516 3258 et
531 3212 729 3280 summopere
742 3201 781 3262 de
801 3202 982 3281 raptoribus
1002 3202 1185 3283 puellarum

88 3288 118 3338 et
140 3282 312 3344 viduarum
325 3291 357 3342 et
371 3279 683 3356 sanctimonialium,
707 3283 798 3342 etde
823 3282 873 3343 his
897 3284 955 3364 qui
978 3285 1185 3366 Presbyteros

88 3360 248 3444 flagellare
266 3373 493 3444 praesumunt,
517 3363 619 3444 etqui
640 3385 693 3423 eos
717 3363 756 3424 de
782 3365 936 3426 Ecclesiis
957 3366 1025 3426 sine
1048 3368 1185 3447 Episeo*

87 3465 198 3526 porum
217 3446 497 3507 consensaveicere
513 3447 563 3506 vel
587 3446 750 3526 recipere,
773 3456 827 3506 aut
855 3467 987 3508 censum
1006 3449 1046 3509 de
1073 3470 1183 3508 manso

88 3528 139 3586 vel
157 3550 196 3588 ex
217 3527 267 3588 his
289 3549 369 3608 quae
387 3530 531 3588 Domnus
547 3538 578 3588 et
595 3527 731 3588 Genitor
746 3539 854 3588 noster
872 3528 903 3586 in
929 3529 994 3589 suis
1017 3530 1183 3611 capitula-

88 3607 174 3668 ribus
190 3610 344 3670 Ecclesiis
360 3611 393 3669 in
409 3610 605 3670 immunitate
628 3611 786 3670 concessit
804 3611 932 3690 exigere
958 3632 1022 3670 non
1048 3615 1182 3690 timent,

91 3692 195 3772 etqui
217 3705 312 3753 censa
328 3693 367 3754 de
394 3692 489 3753 rebus
513 3691 736 3753 ecclesiasticis
757 3693 795 3752 ad
818 3693 978 3753 Ecclesiae
998 3696 1182 3774 persolvero

89 3769 283 3851 detrectant,
305 3770 339 3833 ut
357 3775 491 3834 firmiter
517 3775 533 3832 d
557 3774 660 3834 Missis
681 3784 712 3835 et
739 3775 913 3848 Comitibus
939 3777 1056 3836 nostris
1078 3777 1185 3855 inqui·

88 3865 217 3930 rantur,
240 3867 271 3916 et
294 3857 412 3916 acriter
433 3855 685 3937 distringantur,
716 3866 748 3916 et
774 3858 869 3938 plena
887 3857 1006 3918 iustitia
1027 3859 1102 3919 inde
1116 3861 1180 3936 liat,

89 3941 263 3997 secuudum
278 3941 364 4018 quod
381 3939 413 3997 in
432 3938 668 4020 Capitularibus
685 3938 733 3998 avi
760 3949 790 3998 ot
803 3939 900 4018 patris
919 3939 1017 4000 nostri
1031 3950 1184 4001 statutum

89 4014 239 4096 habetur,
262 4031 294 4080 et
310 4022 368 4102 ipsi
390 4031 624 4101 contemptores
648 4024 765 4102 legum,
789 4021 917 4082 divinae
934 4023 1058 4082 seilicet
1075 4033 1107 4083 et
1125 4023 1184 4083 hu·

90 4117 219 4177 manae,
237 4103 275 4162 ad
300 4115 439 4164 nostram
467 4105 677 4184 praesentiam
704 4101 851 4184 legaliter
876 4107 1112 4184 perducantur;
1147 4115 1183 4167 ut

90 4179 163 4242 inde
181 4184 317 4246 consilio
330 4186 482 4246 ¹fidelium
497 4185 557 4246 Dei
572 4207 608 4246 ae
628 4195 811 4249 nostrorum
825 4189 1082 4249 commendemus
1102 4189 1183 4270 quid

93 4262 129 4324 de
152 4267 266 4330 talibus
285 4267 468 4330 hominibus
489 4267 531 4330 sit
551 4267 753 4347 faciendum,
775 4269 831 4353 qui
849 4289 909 4331 nec
927 4271 1036 4334 Deum
1056 4269 1182 4353 timent,
