2712 4992
465 278 480 358 s
556 321 736 374 ulncutm
1117 301 1186 371 363

95 461 205 542 aliqua
221 459 351 521 nomine
371 458 427 520 illa
446 458 530 524 dono
548 458 587 520 ad
607 460 746 540 praefato
764 459 956 530 Monasterio
983 459 999 518 d
1025 459 1077 523 dia
1095 480 1188 541 prae-

91 554 208 621 sente,
231 541 446 623 donatumque
460 542 494 601 in
514 549 706 623 perpetuum
723 561 789 602 csse
805 543 896 619 volo,
920 551 951 622 et
973 541 1012 601 de
1034 542 1102 602 inre
1117 563 1188 602 meo

92 627 129 686 in
145 625 218 686 iure
240 635 273 686 et
293 624 507 686 dominatione
522 625 621 704 ipsius
642 623 828 683 Monastcrii
847 624 900 684 vel
921 623 986 683 suis
999 624 1188 686 Rectoribus

88 709 187 770 trado
206 717 300 788 atque
313 706 500 768 transfundo
514 707 554 766 ad
568 706 814 787 possidendum,
837 726 947 787 proco
963 705 1049 786 quod
1064 705 1097 763 in
1119 706 1189 786 ipso

88 792 288 851 Monasterio
314 789 372 850 sub
402 789 558 871 religione
589 796 621 847 et
645 797 752 848 sancta
779 787 1018 849 conversatione
1047 786 1189 848 babitare

87 873 249 950 debeam,
270 871 333 932 hoc
351 881 418 947 est,
450 893 501 932 res
529 891 614 931 meas
642 869 675 928 in
695 891 776 952 pago
803 869 883 946 illo,
911 870 944 928 in
967 869 1040 929 loco
1068 868 1192 930 nuncu·

88 963 189 1035 pante
206 955 297 1015 cuius
314 955 505 1015 vocabulum
522 961 569 1013 est
589 952 646 1012 illo
662 962 694 1013 et
710 952 786 1028 illo,
809 953 842 1011 in
868 951 963 1034 grafia
985 951 1063 1028 illa,
1093 973 1190 1034 snper

90 1037 230 1099 fluvium
258 1036 367 1112 illum,
390 1035 708 1117 quantumcunqued
731 1034 783 1095 die
797 1042 960 1114 praesente
983 1032 1016 1091 in
1043 1033 1190 1096 iamdicta
1253 1035 1255 1042 '

93 1121 166 1180 loca
186 1119 252 1180 visa
272 1139 342 1179 sum
357 1126 469 1178 tenere
486 1117 539 1179 vel
556 1117 742 1200 possidere,
764 1116 852 1200 quod
867 1124 1015 1176 manente
1036 1116 1187 1198 coniugio

94 1201 182 1284 apud
202 1200 306 1282 iugale
327 1221 399 1260 meo
414 1200 471 1259 illo
497 1199 564 1261 risa
577 1221 647 1260 sum
667 1198 864 1280 conquisisse
875 1243 885 1276 ,
907 1197 960 1260 vel
976 1197 1008 1256 in
1027 1207 1097 1258 'mea
1112 1220 1190 1282 por-

91 1286 184 1344 tione
199 1282 325 1364 recepi,
347 1282 400 1344 vel
422 1291 705 1364 quantumcunque
721 1282 760 1342 de
787 1279 855 1339 filio
877 1300 949 1340 meo
983 1301 1099 1340 nomen
1131 1280 1189 1341 illo

92 1367 136 1428 de
161 1367 309 1426 luctuosa
321 1363 499 1426 hereditate
516 1364 594 1423 mihi
617 1363 763 1440 obvenit,
785 1361 868 1423 sicut
900 1361 986 1440 dixi,
1015 1361 1189 1445 quantum·

90 1469 225 1528 cunque
240 1447 273 1507 in
294 1447 374 1507 haec
391 1446 495 1506 locat
518 1447 570 1507 die
590 1455 754 1528 praesenta
781 1465 850 1504 mea
885 1453 930 1503 est
958 1445 1114 1525 possessio
1135 1445 1189 1507 vel

90 1529 293 1606 dominatio,
315 1537 416 1589 totum
432 1537 463 1588 ct
483 1528 522 1588 ad
544 1529 704 1608 integrum
730 1526 862 1606 adipso
884 1527 1076 1587 Monasterio
1097 1528 1114 1587 d
1136 1527 1188 1587 die

113 1621 260 1672 raesente
275 1613 314 1672 de
332 1612 402 1672 iure
428 1631 498 1671 meo
516 1609 638 1692 iniurc
666 1609 763 1690 ipsius
790 1607 975 1670 Monasterii
1003 1619 1035 1669 et
1059 1609 1187 1690 suisque

86 1635 283 1754 factoribus
301 1693 392 1753 trado
412 1701 507 1773 atque
523 1693 713 1752 transfundo
733 1691 773 1750 ad
791 1689 1030 1772 possidendum,
1044 1691 1106 1752 hoc
1129 1702 1184 1765 est,

87 1785 158 1838 tam
176 1777 288 1853 terris,
309 1775 446 1851 mansis,
467 1795 624 1836 unacum
648 1772 875 1855 superpositis,
898 1771 1062 1852 domibus,
1097 1774 1187 1835 aedi-

87 1858 192 1934 ficiis,
213 1858 336 1934 vineis,
356 1857 462 1933 silvis,
486 1857 618 1940 campis,
640 1857 755 1937 pratis,
777 1853 916 1938 pascuis,
948 1854 1043 1916 cultis
1074 1865 1106 1916 et
1134 1856 1187 1914 in-

86 1940 208 2017 cultis,
231 1938 480 2020 adiacentiisque
500 1939 668 2014 omnibus,
691 1938 801 2018 aquis,
822 1957 1017 2016 aquarumve
1044 1937 1188 1998 deciarsi-

86 2024 171 2098 bus,
194 2043 258 2082 una
278 2043 351 2084 cum
366 2020 524 2104 mancipia
540 2027 628 2080 tanta
647 2021 696 2081 his
715 2019 896 2080 nominibus
920 2019 987 2096 illa,
1004 2019 1087 2080 sicut
1106 2021 1186 2095 dixi,

88 2104 292 2184 inexquisita
304 2104 451 2186 portione
473 2123 543 2163 mea
564 2103 603 2164 ad
629 2104 789 2184 integrum
810 2101 938 2182 publice
970 2103 1059 2163 trado
1091 2112 1187 2182 atque

86 2187 281 2247 transfundo
297 2186 336 2246 ad
353 2186 577 2268 possidendum
587 2210 595 2256 ;
618 2195 654 2245 ut
672 2183 826 2266 quicquid
841 2183 878 2244 ab
894 2183 952 2244 bac
970 2185 1021 2245 die
1040 2185 1107 2268 ipsa
1121 2184 1187 2244 Ab·

86 2267 209 2329 batissa
228 2269 279 2329 vel
294 2269 444 2328 Rectores
459 2268 557 2350 ipsius
581 2269 789 2328 Monasteriae
817 2266 856 2325 ad
878 2267 1057 2348 profectum
1087 2267 1186 2348 ipsius

87 2349 211 2410 exinde
234 2351 339 2425 facere
364 2351 538 2423 voluerint,
555 2349 689 2410 liberam
709 2358 741 2409 et
759 2347 967 2410 firmissimam
990 2350 1023 2412 in
1038 2349 1185 2411 omnibus

85 2433 229 2493 babeant
242 2440 430 2518 potestatem
447 2431 597 2494 faciendi.
638 2432 671 2493 Si
688 2431 760 2516 quis
773 2451 869 2508 vero,
893 2431 989 2512 quod.

425 2565 574 2626 Precarr'u
594 2562 638 2626 ad
657 2585 758 2626 cusam
779 2563 849 2624 Dei.

174 2676 263 2740 XLI.
303 2679 432 2740 Domini
467 2679 528 2740 viri
548 2680 649 2741 sancti
667 2687 762 2762 atquc
777 2677 957 2740 ostensione
980 2677 1084 2739 crucis
1100 2676 1183 2758 pati·

86 2762 204 2822 bulum
220 2760 372 2822 mirabilis
394 2761 652 2823 remuneratione
675 2763 819 2844 fulgente
847 2761 1016 2836 basilicae,
1044 2779 1126 2840 quae
1149 2757 1183 2816 in

85 2845 214 2904 honore
229 2854 335 2904 sancta
351 2845 449 2904 Maria
469 2854 499 2904 et
517 2844 616 2904 salicti
641 2845 725 2904 Petri
745 2852 778 2904 et
798 2844 896 2904 sancti
918 2842 1011 2903 Pauli
1036 2842 1184 2924 princeps

85 2925 335 3007 Apostolorum,
357 2927 454 2986 Gaico
474 2926 667 2986 Monasterio
692 2935 875 2987 constructo
900 2927 933 2988 iu
959 2946 1039 3007 pago
1064 2922 1184 2982 Wasti-

85 3029 207 3082 nense,
230 3016 261 3066 et
281 3007 410 3068 inlustri
423 3008 584 3068 Abbatissa
599 3009 655 3068 illa
675 3007 755 3066 inibi
771 3009 903 3070 constris
924 3025 1068 3086 praeesse
1090 3005 1183 3065 vide-

86 3100 166 3165 tur,
189 3111 253 3147 una
271 3111 343 3149 cum
365 3111 472 3148 norma
487 3090 623 3168 plurima
640 3091 833 3152 ancillarum
846 3092 906 3151 Dei
923 3089 1041 3150 ibidem
1060 3086 1183 3155 consis-

85 3172 244 3247 tentium,
268 3194 326 3252 ego
346 3172 401 3230 illa
428 3173 555 3236 femina.
597 3176 681 3233 Dum
706 3195 769 3232 non
796 3172 932 3232 habetur
964 3170 1182 3250 incognitum,

87 3255 147 3315 sed
168 3253 187 3321 al
203 3253 301 3333 pluris
321 3265 368 3314 est
383 3256 603 3332 manifestum,
624 3255 711 3336 quod
731 3275 788 3336 ego
808 3277 858 3314 res
876 3252 1076 3336 proprietatis
1093 3272 1181 3312 meae

87 3339 124 3394 in
145 3335 217 3395 loco
231 3336 286 3416 qui
307 3337 426 3408 dicitur
444 3337 501 3397 illo
522 3359 579 3418 per
593 3338 756 3416 epistolam
775 3337 956 3397 donationis
976 3335 1097 3416 adipso
1115 3335 1182 3394 Mo-

87 3417 231 3477 nasterio
255 3429 360 3478 vestro
381 3419 536 3500 delegavi,
558 3429 726 3500 propterea
746 3419 887 3501 expetivi
910 3421 927 3478 'a
947 3417 1050 3490 vobis,
1074 3425 1106 3476 et
1122 3435 1182 3497 pe-

86 3499 203 3558 titione
217 3521 286 3558 mea
302 3522 365 3561 non
388 3500 566 3582 denegasti,
589 3512 625 3562 ut
646 3502 726 3582 ipsas
741 3523 802 3576 res,
820 3501 964 3582 quandiu
980 3499 1107 3574 advivo,
1122 3496 1181 3557 sub

85 3575 146 3642 uso
160 3581 317 3642 beneficio
335 3592 438 3644 vestro
453 3591 564 3642 tenere
583 3591 614 3643 et
632 3579 721 3643 usare
748 3584 899 3660 debeam,
922 3592 953 3642 et
978 3580 1077 3639 aliubi
1098 3580 1181 3660 ipsas

85 3685 140 3724 res
160 3663 299 3723 alienare
316 3664 515 3745 pontificium
538 3686 600 3724 non
622 3665 770 3743 lrabeam,
794 3675 824 3726 et
839 3675 909 3748 post
930 3685 1034 3723 meum
1051 3682 1180 3744 quoque

86 3745 270 3823 discessum,
280 3769 353 3806 cum
365 3770 399 3807 re
416 3747 623 3807 immeliorata
640 3749 679 3806 ad
694 3747 760 3828 ipso
773 3747 966 3808 Monosterio
982 3746 1099 3825 absque
1113 3743 1181 3802 ulla

86 3831 271 3909 exspectata
295 3830 467 3889 traditione
497 3851 553 3890 vos
581 3828 633 3889 vel
651 3824 802 3890 Rectores
818 3829 916 3910 ipsius
934 3825 1120 3888 Monasterii
1144 3824 1180 3884 in

86 3931 199 3970 eorum
215 3910 332 3971 faciant
349 3932 498 3972 revocare
517 3920 703 3992 potestatem
718 3922 750 3972 et
775 3911 1044 3985 dominationem,
1067 3916 1100 3968 et
1123 3927 1179 3969 vos

84 3992 268 4052 reverentia
284 3993 462 4053 discorditis
484 4003 519 4052 ut
540 3994 775 4074 inpostmodum
793 4015 863 4053 mea
891 3990 1048 4074 possessio
1071 3988 1180 4071 aliqua

84 4073 282 4154 praeiudicio
302 4097 341 4134 ex
360 4074 422 4136 hoc
445 4095 596 4156 generare
625 4097 690 4136 non
711 4077 856 4136 debeant.
897 4077 1071 4154 Propterea
1095 4070 1179 4132 hanc

83 4155 259 4234 precariam
280 4157 313 4215 in
332 4179 386 4218 vos
402 4158 452 4218 vel
466 4157 500 4216 in
521 4157 589 4240 ipso
601 4159 793 4218 Monastcrio
809 4167 915 4220 vestro
929 4152 1104 4216 emittendo
1122 4153 1180 4214 de·

85 4238 190 4315 crevi,
213 4248 247 4298 ut
282 4259 386 4324 neque
421 4260 503 4322 ego,
535 4261 639 4324 neque
672 4242 776 4319 ullus,
805 4239 845 4302 de
876 4236 1047 4304 heredibus
1082 4232 1179 4314 meis,
