2746 4992
290 320 320 370 a,
341 319 419 372 can.
526 276 886 382 rrscnnrnincoaon
972 284 1050 398 ew.
1168 294 1246 376 ‚215

140 455 199 524 sub
223 455 407 538 integritate
428 456 477 518 sui
499 461 679 531 serventur,
701 465 733 516 at
751 456 939 518 Sacerdotes
958 466 1054 538 atque
1078 453 1163 519 servi
1186 456 1249 518 Dei

140 541 285 622 vigorem
313 539 566 620 ecclesiasticum
592 539 624 597 ot
644 536 756 600 debita
783 537 956 620 privilegia
981 539 1070 601 iuxta
1093 559 1247 602 reveren-

138 623 211 684 dam
237 621 460 684 auctoritatem
488 620 674 696 obtineant,
694 629 730 680 et
750 620 871 688 eisdem
893 621 1088 703 principalis
1108 621 1247 702 potestas
1302 694 1304 698 Ι

137 715 171 766 et
192 705 372 766 illustrium
398 703 551 782 virorum,
566 701 757 778 strenuitas,
784 724 843 765 seu
870 703 1068 784 reipublicae
1090 703 1247 764 adminis-

136 794 288 862 tratores,
307 795 343 846 ut
356 808 451 847 suum
466 782 680 846 ministerium
702 794 922 866 competenter
941 785 1074 866 exsequi
1104 785 1246 863 valeant,

135 869 172 936 in
195 869 344 930 omnihus
367 867 602 930 rationabiliter
622 875 655 926 et
668 866 749 930 inste
769 876 974 928 concurrant.
1014 868 1056 930 Et
1071 867 1154 930 filius
1175 891 1247 931 nos-

136 961 188 1012 ter
207 950 288 1012 baec
315 951 497 1034 supradicta
512 946 676 1022 ¹similiter,
698 950 769 1008 Deo
789 949 931 1034 iurante,
952 959 1131 1013 conservet.
1205 1011 1213 1024 x

218 1031 263 1098 ll.
277 1089 288 1106 ¹,
306 1036 355 1094 Ut.
372 1053 482 1094 omncs
505 1030 605 1092 nostri
627 1029 743 1094 fideles
759 1031 923 1092 veraciter
938 1034 1003 1094 sint
1020 1033 1068 1094 de
1088 1031 1179 1093 nobis
1198 1055 1244 1096 se·

82 1127 83 1133 ’
137 1114 209 1178 curi
224 1115 306 1196 ⁴quia
322 1125 478 1197 quantum
490 1111 699 1197 potuerimus,
722 1120 756 1173 et
768 1113 850 1176 iuste
864 1122 897 1174 et
909 1113 1143 1180 rationabiliter
1159 1115 1242 1178 scie-

137 1198 250 1274 rimus,
262 1218 525 1280 unumquemque
536 1195 713 1278 secundnm
727 1195 784 1260 sni,
793 1195 915 1256 ordinis
928 1195 1116 1278 dignitatern
1130 1205 1161 1257 et
1174 1219 1243 1278 per-

137 1302 250 1342 sonam
259 1280 417 1357 honorare
431 1290 463 1342 et
475 1280 597 1344 salvare
619 1285 651 1337 et
664 1279 854 1340 honoratum
874 1299 910 1340 ac
932 1280 1088 1340 salvatum
1112 1299 1242 1341 conser-

112 1383 215 1424 -rare
236 1363 393 1424 volumus.
433 1362 475 1424 Et
501 1359 678 1442 unicnique
700 1382 811 1422 eorum
835 1361 868 1420 iu
896 1381 953 1422 suo
982 1361 1097 1422 ordine
1129 1381 1242 1422 secun-

135 1446 214 1506 dum
239 1445 300 1506 sibi
320 1453 538 1526 competentes
568 1443 666 1524 leges,
687 1453 750 1505 tam
772 1443 1000 1504 ecclesiasticas
1029 1464 1124 1524 quam
1145 1467 1241 1504 mun·

133 1527 245 1600 denas,
275 1537 396 1588 rectam
420 1527 577 1587 rationem
599 1535 632 1586 et
649 1524 801 1588 iustitiam
816 1525 1090 1597 conservabimus3
1113 1534 1145 1587 et
1164 1528 1239 1586 nul-

130 1609 203 1680 lum
224 1609 371 1670 fidelium
394 1605 577 1670 nostrorum
595 1618 705 1669 contra
727 1607 829 1689 legem
849 1607 899 1667 vel
923 1607 1074 1669 iustitiam
1096 1619 1152 1668 aut
1168 1631 1240 1670 auc-

131 1691 295 1770 toritatem
308 1700 341 1753 et
355 1691 474 1754 iustam
486 1689 644 1758 rationem
664 1701 718 1751 aut
736 1689 966 1766 damnabimus,
989 1702 1042 1751 ant
1060 1691 1239 1752 dehonora-

128 1773 249 1850 bimus,
270 1783 326 1834 aut
350 1767 575 1856 opprimemus,
597 1772 650 1833 vel
671 1773 821 1834 indebitis
844 1771 1133 1836 machinationibus
1158 1773 1239 1834 allli-

131 1877 263 1938 gemus3
295 1867 328 1918 et
349 1855 464 1937 legem,
487 1865 523 1922 ut
542 1854 769 1936 praediximus,
792 1855 969 1936 unicuique
990 1865 1234 1936 competentem,

132 1938 217 2000 sicut
239 1947 454 2000 antecessores
478 1939 527 2000 sui
550 1946 694 2020 tempore
716 1947 951 2004 antecessorum
975 1948 1156 1999 nostrorum
1178 1937 1235 1996 lia·

131 2020 284 2097 buerunt,
307 2021 339 2080 in
362 2021 448 2080 omni
481 2021 635 2102 dignitate
661 2029 693 2081 et
725 2020 837 2082 ordine
865 2043 939 2098 nos,
967 2022 1137 2082 adiuvante
1166 2023 1235 2080 Do-

131 2102 232 2179 mino,
253 2113 433 2164 servaturos
453 2104 677 2185 perdonamus,
699 2103 763 2166 illis
782 2102 935 2164 videlicet
962 2104 1017 2184 qui
1040 2103 1131 2164 nohis
1153 2104 1233 2164 fide-

129 2185 180 2246 les
201 2195 233 2245 et
246 2185 431 2248 obedientes
447 2195 543 2267 atque
566 2185 728 2246 adiutores
741 2193 779 2268 et
799 2195 1020 2267 cooperatores
1036 2186 1124 2246 iuxta
1141 2207 1233 2248 suum

130 2267 347 2328 ministerium
360 2277 392 2329 et
410 2289 577 2352 personam
593 2268 729 2329 consilio
746 2276 778 2329 et
797 2269 918 2330 auxilio
939 2268 1117 2329 secundum
1138 2290 1232 2328 suum

128 2349 215 2411 scire
238 2359 270 2410 et
292 2371 382 2432 posse
417 2360 449 2412 ct
471 2350 649 2412 secundum
680 2353 784 2414 Deum
806 2352 1056 2421 sesecundum
1085 2350 1231 2410 seculum

123 2432 269 2509 fuerint,
301 2433 383 2506 sient
415 2456 474 2516 per
501 2443 625 2495 rectum
651 2433 875 2515 unusquisque
905 2435 937 2492 in
963 2455 1020 2494 suo
1051 2432 1164 2492 ordine
1198 2443 1231 2493 et

124 2523 213 2577 statu
233 2515 422 2596 imperatori
443 2537 500 2577 suo
524 2526 555 2576 et
575 2537 633 2576 suo
655 2516 783 2576 Seniori
806 2537 871 2577 esse
894 2515 996 2580 debet.
1018 2515 1059 2574 Et
1081 2514 1228 2596 Capitula

124 2617 211 2678 qnae
239 2597 327 2658 Avus
350 2607 382 2658 et
403 2600 498 2659 Pater
515 2606 622 2658 noster
646 2619 704 2679 pro
730 2606 811 2658 statu
843 2608 874 2658 et
900 2596 1079 2658 munimine
1100 2605 1227 2656 sanctae

122 2679 188 2740 Dei
205 2677 368 2746 Ecclesiae
389 2690 422 2741 et
434 2679 653 2740 ministrorum
667 2679 735 2741 eins
756 2689 788 2739 et
805 2702 863 2762 pro
877 2683 960 2762 'pace
976 2700 1011 2739 ac
1033 2677 1152 2739 iustitia
1172 2699 1228 2758 po·

121 2760 197 2841 puli
218 2783 254 2823 ac
275 2760 383 2841 quiete
405 2763 497 2843 regni
520 2762 765 2838 constituerunt,
788 2773 820 2822 et
845 2786 925 2844 quae
949 2783 1006 2822 nos
1028 2783 1101 2820 cum
1118 2761 1228 2819 fratri-

101 2845 186 2904 ‘bns
209 2842 324 2904 nostris
339 2843 477 2925 Regibus
504 2854 536 2905 et
561 2842 676 2905 nostris
702 2854 733 2904 et
754 2847 873 2926 [eornm
891 2844 1057 2905 Fidelibus
1083 2863 1226 2905 commu-

121 2925 213 2985 niter
239 2921 490 3004 constituimus,
517 2926 573 2986 sed
601 2935 634 2986 et
660 2947 742 3005 quac
768 2947 826 2988 nos
852 2927 986 2988 consilio
1012 2936 1044 2986 et
1066 2945 1225 2987 consensu

119 3006 357 3092 Episcoporum
376 3029 412 3068 ac
429 3016 626 3068 caeterorum
650 3008 711 3067 Dei
737 3017 769 3068 ct
790 3018 968 3071 nostrorum
991 3009 1151 3070 Fidelium
1167 3029 1225 3088 pro

120 3090 349 3172 suprascriptis
369 3090 470 3151 causis
494 3089 528 3148 in
554 3089 687 3150 diversis
714 3090 840 3171 placitis
865 3092 979 3151 nostris
1007 3090 1224 3152 conservanda

121 3172 305 3247 statuimus,
327 3183 357 3232 et
380 3185 509 3233 manere
529 3172 716 3234 inconvulsa
742 3173 960 3248 decernimus,
986 3174 1135 3232 similiter
1154 3181 1185 3230 ct
1205 3194 1223 3230 a

121 3252 195 3314 filio
224 3264 331 3316 nostro
352 3255 541 3316 inconvulsa
558 3255 737 3314 conservari
763 3257 909 3316 volumus
933 3266 964 3314 et
988 3256 1182 3318 mandamus.
1293 3327 1296 3332 Δ

207 3337 270 3399 lll.
312 3336 353 3396 Si
368 3338 481 3398 Comes
500 3336 538 3396 de
559 3337 619 3396 istc
640 3357 739 3418 regno
758 3338 886 3413 obierit,
909 3337 999 3398 cuius
1015 3338 1100 3396 lilius
1120 3337 1232 3396 uobis·-

121 3420 278 3494 comsit,
313 3418 398 3492 filins
428 3429 534 3480 noster
559 3440 633 3478 cum
653 3421 785 3480 caeteris
808 3419 975 3498 Fidelibus
1000 3418 1114 3482 nostris
1134 3419 1223 3481 ordi-

120 3503 243 3563 net’de
264 3500 313 3562 his
334 3501 390 3583 qui
417 3500 664 3562 cidem-Comiti
686 3502 756 3582 plus
783 3503 954 3562 familiares
975 3500 1224 3582 propinquiores

119 3584 275 3660 fuerunt,
297 3585 449 3663 quicum
474 3583 736 3645 ministerialibus
761 3585 858 3666 ipsius
883 3584 1068 3659 comitatus,
1097 3594 1223 3643 etcum
1305 3596 1308 3604 ’

72 3709 78 3718 ·
117 3663 283 3747 Episcopo
304 3665 336 3724 in
360 3666 450 3725 cuins
466 3665 618 3746 parochia
636 3667 736 3726 fuerit
757 3665 824 3748 ipse
841 3668 1019 3741 comitatus,
1041 3667 1144 3746 ipsum
1166 3685 1222 3722 coa

118 3747 271 3807 mitatum
288 3747 496 3830 praevideant
516 3770 617 3829 usque
639 3749 716 3808 dum
738 3750 829 3810 nobis
856 3749 1080 3824 renuntietur,
1103 3757 1138 3806 ut
1158 3745 1222 3803 filia
1298 3753 1299 3759 ’

119 3851 178 3888 um
192 3829 280 3890 illius
301 3831 357 3909 qni
375 3829 539 3891 nobiscum
560 3831 631 3906 erit,
655 3832 694 3890 de
715 3831 890 3893 honoribus
911 3831 998 3892 illius
1017 3830 1221 3889 honoremus.

121 3911 156 3972 Si
179 3922 285 3973 autem
304 3911 405 3970 lilium
431 3915 597 3993 parvulum
623 3913 787 3991 habuerit,
822 3915 920 3976 isdem
946 3914 1031 3974 filins
1059 3912 1129 3972 eius
1149 3929 1222 3970 curn

120 3992 384 4053 ministerialibus
410 3995 507 4074 ipsius
528 3995 711 4071 comitatus,
734 4006 766 4056 et
788 4018 862 4056 cnm
884 3998 1042 4077 Episcopo
1069 3995 1100 4054 in
1131 3993 1222 4052 cuius

120 4075 273 4157 parocbia
291 4077 783 4152 consistit,eundcmcomitatnm
801 4079 1019 4160 praevideant,
1042 4078 1144 4136 donec
1159 4074 1211 4134 obi

120 4159 328 4239 tus'praefati
349 4159 479 4219 Comitis
502 4159 541 4218 ad
564 4160 707 4218 notitiam
731 4172 868 4220 nostram
890 4160 1076 4242 perveniat,
1102 4155 1133 4217 et
1157 4159 1222 4236 ipsa

123 4240 208 4304 lilius
236 4241 304 4303 eius
333 4261 391 4324 per
425 4252 562 4302 nostram
590 4245 828 4303 concessionem
856 4244 894 4305 de
924 4243 1009 4304 illius
1043 4241 1223 4305 honoribus
