<?xml version="1.0" encoding="UTF-8"?>
<!DOCTYPE html PUBLIC "-//W3C//DTD XHTML 1.0 Transitional//EN"
    "http://www.w3.org/TR/xhtml1/DTD/xhtml1-transitional.dtd">
<html xmlns="http://www.w3.org/1999/xhtml" xml:lang="en" lang="en">
 <head>
  <title>
</title>
<meta http-equiv="Content-Type" content="text/html;charset=utf-8" />
  <meta name='ocr-system' content='tesseract 3.04.00' />
  <meta name='ocr-capabilities' content='ocr_page ocr_carea ocr_par ocr_line ocrx_word'/>
</head>
<body>
  <div class='ocr_page' id='page_1' title='image "./corpusiurisgerm01visigoog_0189.png"; bbox 0 0 2658 4978; ppageno 0'>
   <div class='ocr_carea' id='block_1_1' title="bbox 193 309 1068 416">
    <p class='ocr_par' dir='ltr' id='par_1_1' title="bbox 193 309 1068 432">
     <span class='ocr_line' id='line_1_1' title="bbox 193 309 1068 416; baseline -0.003 -11"><span class='ocrx_word' id='word_1_1' title='bbox 193 329 263 409; x_wconf 82' lang='lat'><strong>178</strong></span> <span class='ocrx_word' id='word_1_2' title='bbox 437 347 468 403; x_wconf 73' lang='lat' dir='ltr'><strong>a</strong></span> <span class='ocrx_word' id='word_1_3' title='bbox 488 345 565 402; x_wconf 83' lang='lat' dir='ltr'><strong>cna</strong></span> <span class='ocrx_word' id='word_1_4' title='bbox 653 309 914 404; x_wconf 72' lang='lat' dir='ltr'><strong>&#39;corrrusnna</strong></span> <span class='ocrx_word' id='word_1_5' title='bbox 1012 351 1068 416; x_wconf 74' lang='lat' dir='ltr'><strong>nu</strong></span> 
     </span>
    </p>
   </div>
   <div class='ocr_carea' id='block_1_2' title="bbox 182 483 1258 2294">
    <p class='ocr_par' dir='ltr' id='par_1_2' title="bbox 182 483 1258 2294">
     <span class='ocr_line' id='line_1_2' title="bbox 189 483 1207 572; baseline -0.001 -18"><span class='ocrx_word' id='word_1_6' title='bbox 189 490 299 556; x_wconf 85' lang='lat' dir='ltr'><strong>Sancti</strong></span> <span class='ocrx_word' id='word_1_7' title='bbox 331 483 486 572; x_wconf 84' lang='lat' dir='ltr'><strong>Stephani</strong></span> <span class='ocrx_word' id='word_1_8' title='bbox 521 487 555 548; x_wconf 92' lang='lat' dir='ltr'><strong>in</strong></span> <span class='ocrx_word' id='word_1_9' title='bbox 583 484 701 548; x_wconf 70' lang='lat' dir='ltr'><strong>Strout-</strong></span> <span class='ocrx_word' id='word_1_10' title='bbox 774 487 812 548; x_wconf 89' lang='lat' dir='ltr'><strong>In</strong></span> <span class='ocrx_word' id='word_1_11' title='bbox 830 485 995 568; x_wconf 85' lang='lat' dir='ltr'><strong>Ripnarias</strong></span> <span class='ocrx_word' id='word_1_12' title='bbox 1012 486 1168 550; x_wconf 77' lang='lat' dir='ltr'><strong>Comitatus</strong></span> <span class='ocrx_word' id='word_1_13' title='bbox 1182 509 1207 555; x_wconf 75' lang='lat' dir='ltr'><strong>r.</strong></span> 
     </span>
     <span class='ocr_line' id='line_1_3' title="bbox 231 567 1026 650; baseline -0.001 -16"><span class='ocrx_word' id='word_1_14' title='bbox 231 571 341 635; x_wconf 82' lang='lat' dir='ltr'><strong>burch.</strong></span> <span class='ocrx_word' id='word_1_15' title='bbox 774 567 1026 650; x_wconf 84' lang='lat' dir='ltr'><strong>Megenensium.</strong></span> 
     </span>
     <span class='ocr_line' id='line_1_4' title="bbox 188 649 962 730; baseline -0.016 -10"><span class='ocrx_word' id='word_1_16' title='bbox 188 650 371 720; x_wconf 84' lang='lat' dir='ltr'><strong>Erenstein.</strong></span> <span class='ocrx_word' id='word_1_17' title='bbox 777 649 962 730; x_wconf 82' lang='lat' dir='ltr'><strong>Bedagowa.</strong></span> 
     </span>
     <span class='ocr_line' id='line_1_5' title="bbox 189 729 970 800; baseline -0.012 0"><span class='ocrx_word' id='word_1_18' title='bbox 189 735 298 800; x_wconf 85' lang='lat' dir='ltr'>Sancti</span> <span class='ocrx_word' id='word_1_19' title='bbox 319 729 404 794; x_wconf 88' lang='lat' dir='ltr'><strong>Ursii</strong></span> <span class='ocrx_word' id='word_1_20' title='bbox 424 729 457 791; x_wconf 89' lang='lat' dir='ltr'><strong>in</strong></span> <span class='ocrx_word' id='word_1_21' title='bbox 475 729 639 794; x_wconf 81' lang='lat' dir='ltr'><strong>salodoro.</strong></span> <span class='ocrx_word' id='word_1_22' title='bbox 775 732 970 794; x_wconf 83' lang='lat' dir='ltr'><strong>Nitachowa.</strong></span> 
     </span>
     <span class='ocr_line' id='line_1_6' title="bbox 187 812 1141 882; baseline -0.004 0"><span class='ocrx_word' id='word_1_23' title='bbox 187 814 442 882; x_wconf 85' lang='lat' dir='ltr'><strong>Grandivallem.</strong></span> <span class='ocrx_word' id='word_1_24' title='bbox 777 814 966 877; x_wconf 78' lang='lat' dir='ltr'><strong>sarachowa</strong></span> <span class='ocrx_word' id='word_1_25' title='bbox 984 812 1141 879; x_wconf 80' lang='lat' dir='ltr'>subterior.</span> 
     </span>
     <span class='ocr_line' id='line_1_7' title="bbox 187 896 998 980; baseline -0.005 -18"><span class='ocrx_word' id='word_1_26' title='bbox 187 902 294 963; x_wconf 76' lang='lat' dir='ltr'><strong>Altam</strong></span> <span class='ocrx_word' id='word_1_27' title='bbox 310 905 444 980; x_wconf 88' lang='lat' dir='ltr'><strong>petram.</strong></span> <span class='ocrx_word' id='word_1_28' title='bbox 758 896 998 980; x_wconf 35' lang='lat' dir='ltr'><strong>,Blesitchowa</strong></span> 
     </span>
     <span class='ocr_line' id='line_1_8' title="bbox 185 979 894 1045; baseline -0.004 -1"><span class='ocrx_word' id='word_1_29' title='bbox 185 985 357 1045; x_wconf 86' lang='lat' dir='ltr'><strong>lustenam.</strong></span> <span class='ocrx_word' id='word_1_30' title='bbox 776 979 894 1041; x_wconf 87' lang='lat' dir='ltr'><strong>Selme.</strong></span> 
     </span>
     <span class='ocr_line' id='line_1_9' title="bbox 184 1060 978 1130; baseline -0.006 -5"><span class='ocrx_word' id='word_1_31' title='bbox 184 1065 314 1130; x_wconf 83' lang='lat' dir='ltr'>Vallem</span> <span class='ocrx_word' id='word_1_32' title='bbox 331 1061 458 1124; x_wconf 85' lang='lat' dir='ltr'><strong>Clusae.</strong></span> <span class='ocrx_word' id='word_1_33' title='bbox 774 1060 978 1127; x_wconf 86' lang='lat' dir='ltr'><strong>Albechowa.</strong></span> 
     </span>
     <span class='ocr_line' id='line_1_10' title="bbox 186 1143 985 1209; baseline -0.006 0"><span class='ocrx_word' id='word_1_34' title='bbox 186 1144 362 1209; x_wconf 84' lang='lat' dir='ltr'><strong>Castellum</strong></span> <span class='ocrx_word' id='word_1_35' title='bbox 380 1145 555 1203; x_wconf 86' lang='lat' dir='ltr'><strong>Carnones.</strong></span> <span class='ocrx_word' id='word_1_36' title='bbox 774 1143 985 1206; x_wconf 79' lang='lat' dir='ltr'><strong>suentisium.</strong></span> 
     </span>
     <span class='ocr_line' id='line_1_11' title="bbox 183 1223 963 1292; baseline -0.005 -2"><span class='ocrx_word' id='word_1_37' title='bbox 183 1223 460 1292; x_wconf 87' lang='lat' dir='ltr'><strong>Heribodesheim.</strong></span> <span class='ocrx_word' id='word_1_38' title='bbox 776 1226 963 1292; x_wconf 89' lang='lat' dir='ltr'><strong>Calmontis.</strong></span> 
     </span>
     <span class='ocr_line' id='line_1_12' title="bbox 182 1304 1136 1390; baseline -0.007 -17"><span class='ocrx_word' id='word_1_39' title='bbox 182 1308 350 1373; x_wconf 80' lang='lat' dir='ltr'><strong>Abbatiam</strong></span> <span class='ocrx_word' id='word_1_40' title='bbox 370 1308 409 1367; x_wconf 88' lang='lat' dir='ltr'><strong>de</strong></span> <span class='ocrx_word' id='word_1_41' title='bbox 428 1304 540 1389; x_wconf 84' lang='lat' dir='ltr'><strong>Aquis.</strong></span> <span class='ocrx_word' id='word_1_42' title='bbox 775 1308 962 1369; x_wconf 79' lang='lat' dir='ltr'><strong>sarachowa</strong></span> <span class='ocrx_word' id='word_1_43' title='bbox 985 1305 1136 1390; x_wconf 89' lang='lat' dir='ltr'><strong>superior.</strong></span> 
     </span>
     <span class='ocr_line' id='line_1_13' title="bbox 184 1385 1258 1473; baseline -0.009 -17"><span class='ocrx_word' id='word_1_44' title='bbox 184 1388 421 1456; x_wconf 83' lang='lat' dir='ltr'><strong>Hoenchirclae.</strong></span> <span class='ocrx_word' id='word_1_45' title='bbox 771 1391 977 1470; x_wconf 83' lang='lat' dir='ltr'><strong>Odornense‚</strong></span> <span class='ocrx_word' id='word_1_46' title='bbox 1000 1389 1086 1473; x_wconf 88' lang='lat' dir='ltr'><strong>quod</strong></span> <span class='ocrx_word' id='word_1_47' title='bbox 1107 1385 1258 1453; x_wconf 85' lang='lat' dir='ltr'><strong>Bernardas</strong></span> 
     </span>
     <span class='ocr_line' id='line_1_14' title="bbox 184 1470 969 1556; baseline -0.008 -18"><span class='ocrx_word' id='word_1_48' title='bbox 184 1470 453 1556; x_wconf 77' lang='lat' dir='ltr'><strong>Augustchirohe.</strong></span> <span class='ocrx_word' id='word_1_49' title='bbox 813 1471 935 1532; x_wconf 79' lang='lat' dir='ltr'><strong>habuit</strong></span> <span class='ocrx_word' id='word_1_50' title='bbox 965 1502 969 1507; x_wconf 93' lang='lat'>·</span> 
     </span>
     <span class='ocr_line' id='line_1_15' title="bbox 185 1551 969 1620; baseline -0.005 -2"><span class='ocrx_word' id='word_1_51' title='bbox 185 1556 381 1618; x_wconf 88' lang='lat' dir='ltr'><strong>Comitatum</strong></span> <span class='ocrx_word' id='word_1_52' title='bbox 406 1551 605 1620; x_wconf 82' lang='lat' dir='ltr'><strong>Testrebant.</strong></span> <span class='ocrx_word' id='word_1_53' title='bbox 772 1553 969 1620; x_wconf 71' lang='lat' dir='ltr'><strong>Soloccnse.</strong></span> 
     </span>
     <span class='ocr_line' id='line_1_16' title="bbox 184 1635 984 1702; baseline -0.004 -3"><span class='ocrx_word' id='word_1_54' title='bbox 184 1639 293 1700; x_wconf 78' lang='lat' dir='ltr'><strong>Batus.</strong></span> <span class='ocrx_word' id='word_1_55' title='bbox 772 1635 984 1702; x_wconf 86' lang='lat' dir='ltr'><strong>Basiniacum.</strong></span> 
     </span>
     <span class='ocr_line' id='line_1_17' title="bbox 183 1717 965 1786; baseline -0.004 -4"><span class='ocrx_word' id='word_1_56' title='bbox 183 1717 375 1783; x_wconf 80' lang='lat' dir='ltr'><strong>Hattuarias.</strong></span> <span class='ocrx_word' id='word_1_57' title='bbox 757 1717 965 1786; x_wconf 67' lang='lat' dir='ltr'><strong>‘Elischowu</strong></span> 
     </span>
     <span class='ocr_line' id='line_1_18' title="bbox 184 1797 940 1882; baseline 0 -18"><span class='ocrx_word' id='word_1_58' title='bbox 184 1805 295 1864; x_wconf 85' lang='lat' dir='ltr'><strong>Masau</strong></span> <span class='ocrx_word' id='word_1_59' title='bbox 310 1797 471 1862; x_wconf 86' lang='lat' dir='ltr'><strong>subterior</strong></span> <span class='ocrx_word' id='word_1_60' title='bbox 480 1797 520 1860; x_wconf 93' lang='lat' dir='ltr'><strong>de</strong></span> <span class='ocrx_word' id='word_1_61' title='bbox 531 1798 590 1860; x_wconf 82' lang='lat' dir='ltr'><strong>ista</strong></span> <span class='ocrx_word' id='word_1_62' title='bbox 602 1807 704 1882; x_wconf 87' lang='lat' dir='ltr'><strong>parte.</strong></span> <span class='ocrx_word' id='word_1_63' title='bbox 773 1799 940 1864; x_wconf 84' lang='lat' dir='ltr'><strong>Warasch.</strong></span> 
     </span>
     <span class='ocr_line' id='line_1_19' title="bbox 184 1880 980 1964; baseline -0.003 -18"><span class='ocrx_word' id='word_1_64' title='bbox 184 1885 267 1946; x_wconf 88' lang='lat' dir='ltr'><strong>Item</strong></span> <span class='ocrx_word' id='word_1_65' title='bbox 293 1884 402 1945; x_wconf 88' lang='lat' dir='ltr'><strong>Masau</strong></span> <span class='ocrx_word' id='word_1_66' title='bbox 429 1880 592 1963; x_wconf 83' lang='lat' dir='ltr'><strong>superior,</strong></span> <span class='ocrx_word' id='word_1_67' title='bbox 614 1882 701 1964; x_wconf 89' lang='lat' dir='ltr'><strong>quod</strong></span> <span class='ocrx_word' id='word_1_68' title='bbox 772 1882 980 1964; x_wconf 83' lang='lat' dir='ltr'><strong>Scadingum.</strong></span> 
     </span>
     <span class='ocr_line' id='line_1_20' title="bbox 226 1965 897 2046; baseline -0.006 -18"><span class='ocrx_word' id='word_1_69' title='bbox 226 1967 267 2028; x_wconf 87' lang='lat' dir='ltr'><strong>de</strong></span> <span class='ocrx_word' id='word_1_70' title='bbox 284 1965 342 2026; x_wconf 89' lang='lat' dir='ltr'><strong>ista</strong></span> <span class='ocrx_word' id='word_1_71' title='bbox 363 1973 452 2046; x_wconf 88' lang='lat' dir='ltr'><strong>parte</strong></span> <span class='ocrx_word' id='word_1_72' title='bbox 483 1972 539 2027; x_wconf 89' lang='lat' dir='ltr'><strong>cst.</strong></span> <span class='ocrx_word' id='word_1_73' title='bbox 770 1965 897 2024; x_wconf 87' lang='lat' dir='ltr'><strong>Emaus.</strong></span> 
     </span>
     <span class='ocr_line' id='line_1_21' title="bbox 182 2043 983 2129; baseline 0.001 -19"><span class='ocrx_word' id='word_1_74' title='bbox 182 2047 300 2129; x_wconf 81' lang='lat' dir='ltr'><strong>Lingos</strong></span> <span class='ocrx_word' id='word_1_75' title='bbox 316 2047 404 2127; x_wconf 91' lang='lat' dir='ltr'><strong>quod</strong></span> <span class='ocrx_word' id='word_1_76' title='bbox 420 2045 460 2105; x_wconf 90' lang='lat' dir='ltr'><strong>de</strong></span> <span class='ocrx_word' id='word_1_77' title='bbox 477 2043 535 2104; x_wconf 90' lang='lat' dir='ltr'><strong>ista</strong></span> <span class='ocrx_word' id='word_1_78' title='bbox 544 2053 633 2128; x_wconf 88' lang='lat' dir='ltr'><strong>parte</strong></span> <span class='ocrx_word' id='word_1_79' title='bbox 646 2053 702 2111; x_wconf 82' lang='lat' dir='ltr'><strong>est.</strong></span> <span class='ocrx_word' id='word_1_80' title='bbox 770 2043 983 2111; x_wconf 77' lang='lat' dir='ltr'><strong>Basalchowa.</strong></span> 
     </span>
     <span class='ocr_line' id='line_1_22' title="bbox 183 2127 1201 2208; baseline -0.001 -17"><span class='ocrx_word' id='word_1_81' title='bbox 183 2130 373 2192; x_wconf 87' lang='lat' dir='ltr'><strong>Districtum</strong></span> <span class='ocrx_word' id='word_1_82' title='bbox 397 2127 559 2208; x_wconf 84' lang='lat' dir='ltr'><strong>Aqneuse.</strong></span> <span class='ocrx_word' id='word_1_83' title='bbox 771 2127 962 2208; x_wconf 21' lang='lat' dir='ltr'><strong>lnflElisatio</strong></span> <span class='ocrx_word' id='word_1_84' title='bbox 984 2128 1162 2194; x_wconf 82' lang='lat' dir='ltr'><strong>Comitatus</strong></span> <span class='ocrx_word' id='word_1_85' title='bbox 1173 2149 1201 2190; x_wconf 84' lang='lat'><strong>11.</strong></span> 
     </span>
     <span class='ocr_line' id='line_1_23' title="bbox 184 2207 1166 2294; baseline -0.002 -20"><span class='ocrx_word' id='word_1_86' title='bbox 184 2211 374 2274; x_wconf 87' lang='lat' dir='ltr'><strong>Districtum</strong></span> <span class='ocrx_word' id='word_1_87' title='bbox 390 2207 523 2273; x_wconf 82' lang='lat' dir='ltr'><strong>Tractis.</strong></span> <span class='ocrx_word' id='word_1_88' title='bbox 769 2210 819 2270; x_wconf 91' lang='lat' dir='ltr'><strong>De</strong></span> <span class='ocrx_word' id='word_1_89' title='bbox 840 2209 945 2270; x_wconf 88' lang='lat' dir='ltr'><strong>Frisia</strong></span> <span class='ocrx_word' id='word_1_90' title='bbox 965 2210 1166 2294; x_wconf 15' lang='lat' dir='ltr'><strong>duasupartes</strong></span> 
     </span>
    </p>
   </div>
   <div class='ocr_carea' id='block_1_3' title="bbox 184 2313 1262 2543">
    <p class='ocr_par' dir='ltr' id='par_1_3' title="bbox 184 2313 1262 2543">
     <span class='ocr_line' id='line_1_24' title="bbox 266 2313 1260 2400; baseline -0.002 -24"><span class='ocrx_word' id='word_1_91' title='bbox 266 2318 315 2377; x_wconf 91' lang='lat' dir='ltr'><strong>De</strong></span> <span class='ocrx_word' id='word_1_92' title='bbox 333 2337 433 2398; x_wconf 88' lang='lat' dir='ltr'><strong>regno</strong></span> <span class='ocrx_word' id='word_1_93' title='bbox 445 2313 726 2398; x_wconf 86' lang='lat' dir='ltr'><strong>quodlilotharius</strong></span> <span class='ocrx_word' id='word_1_94' title='bbox 738 2315 853 2376; x_wconf 81' lang='lat' dir='ltr'><strong>habuit</strong></span> <span class='ocrx_word' id='word_1_95' title='bbox 868 2339 966 2400; x_wconf 84' lang='lat' dir='ltr'><strong>super</strong></span> <span class='ocrx_word' id='word_1_96' title='bbox 979 2317 1071 2380; x_wconf 89' lang='lat' dir='ltr'><strong>istam</strong></span> <span class='ocrx_word' id='word_1_97' title='bbox 1086 2317 1260 2389; x_wconf 73' lang='lat' dir='ltr'><strong>divisionem,</strong></span> 
     </span>
     <span class='ocr_line' id='line_1_25' title="bbox 184 2397 1262 2543; baseline -0.003 -84"><span class='ocrx_word' id='word_1_98' title='bbox 184 2408 326 2543; x_wconf 49' lang='grc' dir='ltr'><strong>13Ξῖἕὲῗᾷ</strong></span> <span class='ocrx_word' id='word_1_99' title='bbox 330 2420 421 2540; x_wconf 51' lang='lat' dir='ltr'><strong>¹giglcnn</strong></span> <span class='ocrx_word' id='word_1_100' title='bbox 445 2407 476 2459; x_wconf 91' lang='lat' dir='ltr'><strong>et</strong></span> <span class='ocrx_word' id='word_1_101' title='bbox 498 2397 639 2460; x_wconf 86' lang='lat' dir='ltr'><strong>caritatis</strong></span> <span class='ocrx_word' id='word_1_102' title='bbox 668 2398 844 2492; x_wconf 89' lang='lat' dir='ltr'><strong>custodiam</strong></span> <span class='ocrx_word' id='word_1_103' title='bbox 855 2443 865 2477; x_wconf 90' lang='lat'><em>,</em></span> <span class='ocrx_word' id='word_1_104' title='bbox 894 2401 1169 2484; x_wconf 85' lang='lat' dir='ltr'><strong>superaddidimus</strong></span> <span class='ocrx_word' id='word_1_105' title='bbox 1191 2400 1262 2462; x_wconf 88' lang='lat' dir='ltr'><strong>istam</strong></span> 
     </span>
    </p>
   </div>
   <div class='ocr_carea' id='block_1_4' title="bbox 184 2592 1323 3318">
    <p class='ocr_par' dir='ltr' id='par_1_4' title="bbox 184 2592 1323 3318">
     <span class='ocr_line' id='line_1_26' title="bbox 234 2592 1323 2672; baseline -0.002 -14"><span class='ocrx_word' id='word_1_106' title='bbox 234 2595 404 2659; x_wconf 81' lang='lat' dir='ltr'><strong>Civitatem</strong></span> <span class='ocrx_word' id='word_1_107' title='bbox 416 2594 534 2672; x_wconf 83' lang='lat' dir='ltr'><strong>Mettis,</strong></span> <span class='ocrx_word' id='word_1_108' title='bbox 548 2617 621 2656; x_wconf 90' lang='lat' dir='ltr'><strong>cum</strong></span> <span class='ocrx_word' id='word_1_109' title='bbox 628 2594 761 2657; x_wconf 83' lang='lat' dir='ltr'><strong>Abbatia</strong></span> <span class='ocrx_word' id='word_1_110' title='bbox 776 2595 876 2658; x_wconf 90' lang='lat' dir='ltr'><strong>sancti</strong></span> <span class='ocrx_word' id='word_1_111' title='bbox 894 2597 984 2661; x_wconf 84' lang='lat' dir='ltr'><strong>Petri</strong></span> <span class='ocrx_word' id='word_1_112' title='bbox 1002 2605 1037 2660; x_wconf 90' lang='lat' dir='ltr'><strong>et</strong></span> <span class='ocrx_word' id='word_1_113' title='bbox 1049 2596 1149 2660; x_wconf 88' lang='lat' dir='ltr'><strong>sancti</strong></span> <span class='ocrx_word' id='word_1_114' title='bbox 1158 2592 1265 2656; x_wconf 89' lang='lat' dir='ltr'><strong>Martini</strong></span> <span class='ocrx_word' id='word_1_115' title='bbox 1322 2637 1323 2656; x_wconf 66' lang='lat'><strong>.</strong></span> 
     </span>
     <span class='ocr_line' id='line_1_27' title="bbox 187 2677 1264 2754; baseline -0.006 -13"><span class='ocrx_word' id='word_1_116' title='bbox 187 2680 388 2741; x_wconf 89' lang='lat' dir='ltr'><strong>etComitatu</strong></span> <span class='ocrx_word' id='word_1_117' title='bbox 401 2677 565 2754; x_wconf 73' lang='lat' dir='ltr'><strong>Mettensi,</strong></span> <span class='ocrx_word' id='word_1_118' title='bbox 579 2701 653 2739; x_wconf 91' lang='lat' dir='ltr'><strong>cum</strong></span> <span class='ocrx_word' id='word_1_119' title='bbox 663 2679 813 2739; x_wconf 88' lang='lat' dir='ltr'><strong>omnihus</strong></span> <span class='ocrx_word' id='word_1_120' title='bbox 824 2679 911 2742; x_wconf 81' lang='lat' dir='ltr'><strong>villis</strong></span> <span class='ocrx_word' id='word_1_121' title='bbox 926 2681 958 2752; x_wconf 87' lang='lat' dir='ltr'><strong>in</strong></span> <span class='ocrx_word' id='word_1_122' title='bbox 973 2702 1011 2741; x_wconf 88' lang='lat' dir='ltr'><strong>co</strong></span> <span class='ocrx_word' id='word_1_123' title='bbox 1031 2677 1264 2750; x_wconf 84' lang='lat' dir='ltr'><strong>consistentibus,</strong></span> 
     </span>
     <span class='ocr_line' id='line_1_28' title="bbox 184 2758 1265 2840; baseline -0.009 -16"><span class='ocrx_word' id='word_1_124' title='bbox 184 2772 250 2824; x_wconf 87' lang='lat' dir='ltr'><strong>tam</strong></span> <span class='ocrx_word' id='word_1_125' title='bbox 264 2760 465 2823; x_wconf 87' lang='lat' dir='ltr'><strong>dominicatis</strong></span> <span class='ocrx_word' id='word_1_126' title='bbox 478 2782 574 2840; x_wconf 89' lang='lat' dir='ltr'><strong>quam</strong></span> <span class='ocrx_word' id='word_1_127' title='bbox 586 2769 618 2818; x_wconf 88' lang='lat' dir='ltr'><strong>et</strong></span> <span class='ocrx_word' id='word_1_128' title='bbox 630 2761 848 2827; x_wconf 82' lang='lat' dir='ltr'><strong>vassallorum,</strong></span> <span class='ocrx_word' id='word_1_129' title='bbox 872 2764 921 2823; x_wconf 91' lang='lat' dir='ltr'><strong>De</strong></span> <span class='ocrx_word' id='word_1_130' title='bbox 934 2761 1123 2838; x_wconf 84' lang='lat' dir='ltr'><strong>Arduenna,</strong></span> <span class='ocrx_word' id='word_1_131' title='bbox 1135 2762 1210 2822; x_wconf 90' lang='lat' dir='ltr'><strong>sicut</strong></span> <span class='ocrx_word' id='word_1_132' title='bbox 1222 2758 1265 2816; x_wconf 83' lang='lat' dir='ltr'><strong>slu-</strong></span> 
     </span>
     <span class='ocr_line' id='line_1_29' title="bbox 186 2841 1266 2924; baseline -0.006 -19"><span class='ocrx_word' id='word_1_133' title='bbox 186 2867 262 2906; x_wconf 89' lang='lat' dir='ltr'><strong>men</strong></span> <span class='ocrx_word' id='word_1_134' title='bbox 285 2848 360 2906; x_wconf 87' lang='lat' dir='ltr'><strong>Urta</strong></span> <span class='ocrx_word' id='word_1_135' title='bbox 376 2843 477 2924; x_wconf 83' lang='lat' dir='ltr'><strong>surgit</strong></span> <span class='ocrx_word' id='word_1_136' title='bbox 494 2844 581 2904; x_wconf 90' lang='lat' dir='ltr'><strong>inter</strong></span> <span class='ocrx_word' id='word_1_137' title='bbox 591 2842 718 2905; x_wconf 88' lang='lat' dir='ltr'><strong>Bislanc</strong></span> <span class='ocrx_word' id='word_1_138' title='bbox 733 2843 939 2920; x_wconf 72' lang='lat' dir='ltr'><strong>etTumhas,</strong></span> <span class='ocrx_word' id='word_1_139' title='bbox 964 2867 1000 2904; x_wconf 89' lang='lat' dir='ltr'><strong>ac</strong></span> <span class='ocrx_word' id='word_1_140' title='bbox 1022 2844 1165 2906; x_wconf 82' lang='lat' dir='ltr'><strong>decurrit</strong></span> <span class='ocrx_word' id='word_1_141' title='bbox 1181 2841 1266 2901; x_wconf 82' lang='lat' dir='ltr'><strong>inhio·</strong></span> 
     </span>
     <span class='ocr_line' id='line_1_30' title="bbox 188 2920 1266 3008; baseline -0.009 -20"><span class='ocrx_word' id='word_1_142' title='bbox 188 2949 274 3000; x_wconf 84' lang='lat' dir='ltr'><strong>sum,</strong></span> <span class='ocrx_word' id='word_1_143' title='bbox 297 2937 330 2987; x_wconf 91' lang='lat' dir='ltr'><strong>et</strong></span> <span class='ocrx_word' id='word_1_144' title='bbox 346 2927 430 2986; x_wconf 86' lang='lat' dir='ltr'><strong>sicut</strong></span> <span class='ocrx_word' id='word_1_145' title='bbox 452 2935 540 2986; x_wconf 89' lang='lat' dir='ltr'><strong>recta</strong></span> <span class='ocrx_word' id='word_1_146' title='bbox 567 2925 620 2987; x_wconf 82' lang='lat' dir='ltr'><strong>via</strong></span> <span class='ocrx_word' id='word_1_147' title='bbox 633 2926 739 3008; x_wconf 85' lang='lat' dir='ltr'><strong>pergit</strong></span> <span class='ocrx_word' id='word_1_148' title='bbox 762 2925 796 2985; x_wconf 93' lang='lat' dir='ltr'><strong>in</strong></span> <span class='ocrx_word' id='word_1_149' title='bbox 822 2926 980 3004; x_wconf 87' lang='lat' dir='ltr'><strong>Bedensi,</strong></span> <span class='ocrx_word' id='word_1_150' title='bbox 1003 2927 1182 2987; x_wconf 90' lang='lat' dir='ltr'><strong>secundum</strong></span> <span class='ocrx_word' id='word_1_151' title='bbox 1198 2920 1266 3003; x_wconf 83' lang='lat' dir='ltr'><strong>quod</strong></span> 
     </span>
     <span class='ocr_line' id='line_1_31' title="bbox 189 3000 1266 3090; baseline -0.005 -20"><span class='ocrx_word' id='word_1_152' title='bbox 189 3025 374 3070; x_wconf 88' lang='lat' dir='ltr'><strong>communes</strong></span> <span class='ocrx_word' id='word_1_153' title='bbox 398 3005 509 3067; x_wconf 81' lang='lat' dir='ltr'><strong>fideles</strong></span> <span class='ocrx_word' id='word_1_154' title='bbox 531 3006 632 3068; x_wconf 88' lang='lat' dir='ltr'><strong>nostri</strong></span> <span class='ocrx_word' id='word_1_155' title='bbox 658 3007 777 3068; x_wconf 87' lang='lat' dir='ltr'><strong>rectius</strong></span> <span class='ocrx_word' id='word_1_156' title='bbox 801 3007 1007 3075; x_wconf 83' lang='lat' dir='ltr'><strong>invenerint;</strong></span> <span class='ocrx_word' id='word_1_157' title='bbox 1042 3017 1173 3090; x_wconf 80' lang='lat' dir='ltr'><strong>excepto</strong></span> <span class='ocrx_word' id='word_1_158' title='bbox 1198 3000 1266 3086; x_wconf 84' lang='lat' dir='ltr'><strong>quod</strong></span> 
     </span>
     <span class='ocr_line' id='line_1_32' title="bbox 190 3085 1267 3168; baseline -0.005 -17"><span class='ocrx_word' id='word_1_159' title='bbox 190 3091 229 3150; x_wconf 90' lang='lat' dir='ltr'><strong>de</strong></span> <span class='ocrx_word' id='word_1_160' title='bbox 247 3089 429 3151; x_wconf 89' lang='lat' dir='ltr'><strong>Condustro</strong></span> <span class='ocrx_word' id='word_1_161' title='bbox 451 3097 498 3149; x_wconf 88' lang='lat' dir='ltr'><strong>est</strong></span> <span class='ocrx_word' id='word_1_162' title='bbox 518 3088 558 3148; x_wconf 88' lang='lat' dir='ltr'><strong>ad</strong></span> <span class='ocrx_word' id='word_1_163' title='bbox 573 3097 695 3168; x_wconf 88' lang='lat' dir='ltr'><strong>partem</strong></span> <span class='ocrx_word' id='word_1_164' title='bbox 708 3089 852 3150; x_wconf 85' lang='lat' dir='ltr'><strong>Orientis</strong></span> <span class='ocrx_word' id='word_1_165' title='bbox 873 3101 960 3152; x_wconf 88' lang='lat' dir='ltr'><strong>trans</strong></span> <span class='ocrx_word' id='word_1_166' title='bbox 976 3093 1110 3157; x_wconf 78' lang='lat' dir='ltr'><strong>,Urtam</strong></span> <span class='ocrx_word' id='word_1_167' title='bbox 1158 3090 1197 3148; x_wconf 87' lang='lat' dir='ltr'><strong>Et</strong></span> <span class='ocrx_word' id='word_1_168' title='bbox 1220 3085 1267 3145; x_wconf 69' lang='lat' dir='ltr'><strong>Ab«</strong></span> 
     </span>
     <span class='ocr_line' id='line_1_33' title="bbox 188 3167 1267 3250; baseline -0.006 -20"><span class='ocrx_word' id='word_1_169' title='bbox 188 3170 287 3232; x_wconf 80' lang='lat' dir='ltr'><strong>hotias</strong></span> <span class='ocrx_word' id='word_1_170' title='bbox 301 3169 465 3231; x_wconf 90' lang='lat' dir='ltr'><strong>Prnmiam</strong></span> <span class='ocrx_word' id='word_1_171' title='bbox 482 3179 514 3230; x_wconf 92' lang='lat' dir='ltr'><strong>et</strong></span> <span class='ocrx_word' id='word_1_172' title='bbox 527 3168 700 3250; x_wconf 79' lang='lat' dir='ltr'><strong>stabolau,</strong></span> <span class='ocrx_word' id='word_1_173' title='bbox 721 3193 795 3233; x_wconf 89' lang='lat' dir='ltr'><strong>cum</strong></span> <span class='ocrx_word' id='word_1_174' title='bbox 811 3173 959 3237; x_wconf 86' lang='lat' dir='ltr'><strong>omuibus</strong></span> <span class='ocrx_word' id='word_1_175' title='bbox 992 3171 1084 3236; x_wconf 79' lang='lat' dir='ltr'><strong>villis</strong></span> <span class='ocrx_word' id='word_1_176' title='bbox 1115 3167 1267 3232; x_wconf 88' lang='lat' dir='ltr'><strong>dominica·</strong></span> 
     </span>
     <span class='ocr_line' id='line_1_34' title="bbox 188 3250 1064 3318; baseline -0.006 -3"><span class='ocrx_word' id='word_1_177' title='bbox 188 3252 230 3315; x_wconf 88' lang='lat' dir='ltr'><strong>tis</strong></span> <span class='ocrx_word' id='word_1_178' title='bbox 248 3262 280 3316; x_wconf 91' lang='lat' dir='ltr'><strong>et</strong></span> <span class='ocrx_word' id='word_1_179' title='bbox 296 3250 513 3318; x_wconf 81' lang='lat' dir='ltr'><strong>vassallorum.</strong></span> <span class='ocrx_word' id='word_1_180' title='bbox 1060 3281 1064 3288; x_wconf 92' lang='lat'><strong>·</strong></span> 
     </span>
    </p>
   </div>
   <div class='ocr_carea' id='block_1_5' title="bbox 259 3382 1237 3531">
    <p class='ocr_par' dir='ltr' id='par_1_5' title="bbox 259 3382 1237 3531">
     <span class='ocr_line' id='line_1_35' title="bbox 259 3382 1237 3458; baseline -0.005 -10"><span class='ocrx_word' id='word_1_181' title='bbox 259 3385 313 3449; x_wconf 73' lang='lat' dir='ltr'><strong>‘Er</strong></span> <span class='ocrx_word' id='word_1_182' title='bbox 335 3403 413 3447; x_wconf 80' lang='lat' dir='ltr'><strong>aare</strong></span> <span class='ocrx_word' id='word_1_183' title='bbox 434 3402 489 3445; x_wconf 79' lang='lat' dir='ltr'><strong>arr</strong></span> <span class='ocrx_word' id='word_1_184' title='bbox 510 3401 624 3445; x_wconf 79' lang='lat' dir='ltr'><strong>roario</strong></span> <span class='ocrx_word' id='word_1_185' title='bbox 647 3402 734 3458; x_wconf 75' lang='lat' dir='ltr'><strong>Quin</strong></span> <span class='ocrx_word' id='word_1_186' title='bbox 755 3382 903 3446; x_wconf 79' lang='lat' dir='ltr'><strong>Kranaos</strong></span> <span class='ocrx_word' id='word_1_187' title='bbox 930 3403 969 3458; x_wconf 81' lang='lat' dir='ltr'><strong>na</strong></span> <span class='ocrx_word' id='word_1_188' title='bbox 990 3405 1096 3450; x_wconf 83' lang='lat' dir='ltr'><strong>nonan</strong></span> <span class='ocrx_word' id='word_1_189' title='bbox 1118 3403 1212 3448; x_wconf 80' lang='lat' dir='ltr'><strong>usuro</strong></span> <span class='ocrx_word' id='word_1_190' title='bbox 1233 3396 1237 3406; x_wconf 78' lang='grc'><strong>“</strong></span> 
     </span>
     <span class='ocr_line' id='line_1_36' title="bbox 351 3485 856 3531; baseline 0.006 -3"><span class='ocrx_word' id='word_1_191' title='bbox 351 3491 354 3496; x_wconf 92' lang='grc'><strong><em>·</em></strong></span> <span class='ocrx_word' id='word_1_192' title='bbox 629 3485 687 3527; x_wconf 81' lang='lat' dir='ltr'><strong>sur</strong></span> <span class='ocrx_word' id='word_1_193' title='bbox 717 3485 856 3531; x_wconf 78' lang='lat' dir='ltr'><strong>socnam.</strong></span> 
     </span>
    </p>
   </div>
   <div class='ocr_carea' id='block_1_6' title="bbox 187 3565 1136 3742">
    <p class='ocr_par' dir='ltr' id='par_1_6' title="bbox 187 3565 1136 3742">
     <span class='ocr_line' id='line_1_37' title="bbox 188 3565 1136 3666; baseline -0.001 -21"><span class='ocrx_word' id='word_1_194' title='bbox 188 3565 394 3666; x_wconf 75' lang='lat' dir='ltr'><strong>Lugdunum.</strong></span> <span class='ocrx_word' id='word_1_195' title='bbox 417 3577 421 3586; x_wconf 73' lang='grc'>’</span> <span class='ocrx_word' id='word_1_196' title='bbox 772 3580 915 3642; x_wconf 82' lang='lat' dir='ltr'><strong>Mentem</strong></span> <span class='ocrx_word' id='word_1_197' title='bbox 938 3581 1113 3645; x_wconf 87' lang='lat' dir='ltr'><strong>Falconis..</strong></span> <span class='ocrx_word' id='word_1_198' title='bbox 1134 3609 1136 3611; x_wconf 59' lang='grc'><strong><em>’</em></strong></span> 
     </span>
     <span class='ocr_line' id='line_1_38' title="bbox 187 3661 1085 3742; baseline -0.007 -11"><span class='ocrx_word' id='word_1_199' title='bbox 187 3664 389 3731; x_wconf 77' lang='lat' dir='ltr'><strong>vesontium.</strong></span> <span class='ocrx_word' id='word_1_200' title='bbox 524 3733 527 3742; x_wconf 41' lang='lat'>‚</span> <span class='ocrx_word' id='word_1_201' title='bbox 773 3661 883 3723; x_wconf 87' lang='lat' dir='ltr'><strong>Sancti</strong></span> <span class='ocrx_word' id='word_1_202' title='bbox 906 3663 1085 3728; x_wconf 83' lang='lat' dir='ltr'><strong>Michaelis.</strong></span> 
     </span>
    </p>
   </div>
   <div class='ocr_carea' id='block_1_7' title="bbox 70 3745 1164 3813">
    <p class='ocr_par' dir='ltr' id='par_1_7' title="bbox 70 3745 1164 3813">
     <span class='ocr_line' id='line_1_39' title="bbox 70 3745 1164 3813; baseline 0.002 -9"><span class='ocrx_word' id='word_1_203' title='bbox 70 3797 73 3804; x_wconf 89' lang='grc'>.</span> <span class='ocrx_word' id='word_1_204' title='bbox 95 3787 98 3796; x_wconf 79' lang='lat'>·</span> <span class='ocrx_word' id='word_1_205' title='bbox 187 3747 360 3813; x_wconf 86' lang='lat' dir='ltr'><strong>Viennam.</strong></span> <span class='ocrx_word' id='word_1_206' title='bbox 522 3777 525 3784; x_wconf 28' lang='grc' dir='ltr'><strong>Δ</strong></span> <span class='ocrx_word' id='word_1_207' title='bbox 772 3745 906 3807; x_wconf 86' lang='lat' dir='ltr'><strong>Cnidini</strong></span> <span class='ocrx_word' id='word_1_208' title='bbox 925 3747 1164 3810; x_wconf 84' lang='lat' dir='ltr'><strong>Monastarium.</strong></span> 
     </span>
    </p>
   </div>
   <div class='ocr_carea' id='block_1_8' title="bbox 185 3823 1270 4310">
    <p class='ocr_par' dir='ltr' id='par_1_8' title="bbox 185 3823 1270 4310">
     <span class='ocr_line' id='line_1_40' title="bbox 187 3823 1270 3914; baseline -0.013 -19"><span class='ocrx_word' id='word_1_209' title='bbox 187 3830 339 3914; x_wconf 78' lang='lat' dir='ltr'><strong>Tungris.</strong></span> <span class='ocrx_word' id='word_1_210' title='bbox 774 3829 907 3890; x_wconf 83' lang='lat' dir='ltr'><strong>Sarrctae</strong></span> <span class='ocrx_word' id='word_1_211' title='bbox 918 3828 1037 3892; x_wconf 80' lang='lat' dir='ltr'><strong>Mariae</strong></span> <span class='ocrx_word' id='word_1_212' title='bbox 1049 3829 1083 3888; x_wconf 92' lang='lat' dir='ltr'><strong>in</strong></span> <span class='ocrx_word' id='word_1_213' title='bbox 1097 3823 1270 3890; x_wconf 86' lang='lat' dir='ltr'><strong>Bisiuciono.</strong></span> 
     </span>
     <span class='ocr_line' id='line_1_41' title="bbox 185 3908 1269 3979; baseline -0.013 0"><span class='ocrx_word' id='word_1_214' title='bbox 185 3914 330 3979; x_wconf 84' lang='lat' dir='ltr'><strong>Tullum.</strong></span> <span class='ocrx_word' id='word_1_215' title='bbox 774 3909 884 3973; x_wconf 86' lang='lat' dir='ltr'><strong>Sancti</strong></span> <span class='ocrx_word' id='word_1_216' title='bbox 907 3911 1039 3973; x_wconf 86' lang='lat' dir='ltr'><strong>Martini</strong></span> <span class='ocrx_word' id='word_1_217' title='bbox 1065 3912 1177 3974; x_wconf 87' lang='lat' dir='ltr'><strong>eodem</strong></span> <span class='ocrx_word' id='word_1_218' title='bbox 1205 3908 1269 3969; x_wconf 88' lang='lat' dir='ltr'><strong>loco.</strong></span> 
     </span>
     <span class='ocr_line' id='line_1_42' title="bbox 185 3992 1065 4075; baseline -0.009 -15"><span class='ocrx_word' id='word_1_219' title='bbox 185 3996 394 4063; x_wconf 79' lang='lat' dir='ltr'><strong>viridunum.</strong></span> <span class='ocrx_word' id='word_1_220' title='bbox 776 3992 885 4055; x_wconf 88' lang='lat' dir='ltr'><strong>Sancti</strong></span> <span class='ocrx_word' id='word_1_221' title='bbox 900 3993 1065 4075; x_wconf 81' lang='lat' dir='ltr'><strong>Augentii.</strong></span> 
     </span>
     <span class='ocr_line' id='line_1_43' title="bbox 187 4075 1134 4145; baseline -0.012 0"><span class='ocrx_word' id='word_1_222' title='bbox 187 4081 407 4145; x_wconf 83' lang='lat' dir='ltr'><strong>Camaracum.</strong></span> <span class='ocrx_word' id='word_1_223' title='bbox 775 4075 885 4138; x_wconf 87' lang='lat' dir='ltr'><strong>Sancti</strong></span> <span class='ocrx_word' id='word_1_224' title='bbox 901 4075 1057 4141; x_wconf 88' lang='lat' dir='ltr'><strong>Marcelli.</strong></span> <span class='ocrx_word' id='word_1_225' title='bbox 1129 4117 1134 4122; x_wconf 87' lang='lat'>-</span> 
     </span>
     <span class='ocr_line' id='line_1_44' title="bbox 186 4152 1240 4230; baseline -0.009 -3"><span class='ocrx_word' id='word_1_226' title='bbox 186 4161 344 4230; x_wconf 72' lang='lat' dir='ltr'><strong>vivarias.</strong></span> <span class='ocrx_word' id='word_1_227' title='bbox 774 4156 885 4220; x_wconf 88' lang='lat' dir='ltr'><strong>Sancti</strong></span> <span class='ocrx_word' id='word_1_228' title='bbox 897 4157 1062 4224; x_wconf 89' lang='lat' dir='ltr'><strong>Laurentii</strong></span> <span class='ocrx_word' id='word_1_229' title='bbox 1077 4152 1240 4223; x_wconf 83' lang='lat' dir='ltr'><strong>Leudensi.</strong></span> 
     </span>
     <span class='ocr_line' id='line_1_45' title="bbox 185 4242 971 4310; baseline -0.008 0"><span class='ocrx_word' id='word_1_230' title='bbox 185 4243 309 4310; x_wconf 74' lang='lat' dir='ltr'><strong>Ucetia.</strong></span> <span class='ocrx_word' id='word_1_231' title='bbox 776 4242 971 4305; x_wconf 83' lang='lat' dir='ltr'><strong>sennonem.</strong></span> 
     </span>
    </p>
   </div>
   <div class='ocr_carea' id='block_1_9' title="bbox 0 0 1334 4978">
    <p class='ocr_par' dir='ltr' id='par_1_9' title="bbox 0 0 1334 4978">
     <span class='ocr_line' id='line_1_46' title="bbox 0 0 1334 4978; baseline 0 0"><span class='ocrx_word' id='word_1_232' title='bbox 0 0 1334 4978; x_wconf 95' lang='lat' dir='ltr'><strong> </strong></span> 
     </span>
    </p>
   </div>
  </div>
 </body>
</html>
