2658 4978
192 379 224 434 a.
244 377 325 436 can.
431 377 555 434 asson
574 376 791 436 rnascomn
894 377 956 438 an.
1017 399 1018 404 κ
1076 365 1146 442 11⁵

69 519 140 598 serit,
157 517 336 580 secundum
351 517 467 599 legem,
488 525 522 578 et
537 516 621 579 sicut
641 515 675 575 in
697 515 936 599 capitularibus
960 526 1147 605 progenito·

67 625 124 664 mm
139 611 320 662 nostrornm
340 601 537 678 continetur,
559 599 605 660 sic
626 597 688 659 hoc
710 599 881 670 emendare
901 613 1042 685 cogatur.
1105 603 1111 615 ’

128 682 212 743 Haec
234 682 346 742 endem
365 683 507 742 Domnns
528 681 664 741 Karolns
684 681 824 741 Romana
845 683 951 763 lingna
977 687 1147 752 adnuntia·
1172 731 1175 735 -

62 768 110 843 ait,
129 779 157 826 et
176 785 218 825 ex
240 767 383 824 maxima
400 775 491 846 parte
513 765 621 842 lingna
643 761 818 822 Theodisca
846 769 1074 847 recapitulavit.

130 849 201 908 Post
224 848 315 921 baec,
335 847 476 906 Domnns
503 844 721 903 Hlndonvicns
743 845 787 902 nd
814 846 971 907 Domnnm
994 852 1146 919 Karolum

60 927 173 1010 fratrem
190 947 285 994 ,sun-m
308 928 413 1006 lingna
432 927 575 986 Romana
601 925 710 984 dixit:
740 926 768 984 N
772 947 853 1003 unc,
874 928 901 988 si
920 931 1010 994 vobis
1027 936 1144 1016 placet,

60 1021 181 1071 vestrum
199 1009 338 1071 verbum
361 1008 478 1068 habere
499 1007 572 1070 volo
590 1007 630 1068 de
644 1005 709 1067 illis
721 1006 904 1072 hominibus
916 1013 973 1095 qui
989 1017 1029 1078 ad
1041 1040 1144 1086 meam

60 1091 140 1153 fidem
163 1100 335 1157 venerunt,
1034 1171 1040 1178 Ι

125 1174 165 1233 Et
185 1175 330 1234 Domnns
339 1171 477 1232 Kerolns
487 1170 657 1232 excelsiori
676 1189 747 1231 voce
770 1171 1025 1250 linguaRomana
1040 1179 1143 1246 dixit:

59 1255 114 1316 Illis
134 1254 320 1316 bominibus
350 1253 408 1338 qui
441 1263 553 1314 contra
577 1273 627 1312 me
658 1252 703 1315 sic
735 1254 884 1315 feceruut
908 1257 1013 1338 scitis,
1045 1273 1077 1325 et
1104 1268 1144 1330 ad

58 1357 148 1397 meum
172 1339 307 1398 fratrem
337 1345 517 1412 venerunt,
544 1343 676 1419 propter
706 1336 811 1396 Deum
844 1346 876 1397 et
901 1351 1034 1424 propter
1057 1346 1144 1411 illius

59 1439 188 1494 amorem,
211 1430 245 1480 et
266 1441 328 1502 pro
353 1418 442 1479 iliius
472 1419 591 1500 gratia,
625 1427 728 1477 totum
749 1418 895 1499 perdono
919 1424 1007 1502 qnod
1033 1441 1145 1494 contra

57 1522 98 1560 rne
120 1501 339 1579 misfecerunt,
362 1509 395 1561 et
415 1501 545 1562 illorum
568 1498 676 1562 alodes
697 1500 736 1560 de
761 1499 939 1563 hereditate
960 1507 1049 1569 etde
1069 1533 1143 1573 con.

58 1582 171 1662 quisito,
195 1594 227 1644 et
256 1583 347 1665 quod
374 1583 413 1643 de
445 1582 617 1643 donatione
646 1579 745 1642 nostri
774 1582 916 1644 senioris
948 1584 1142 1674 habuerunt,

58 1674 173 1747 excepto
195 1666 256 1725 illo
282 1665 371 1748 quod
394 1664 432 1725 de
454 1685 524 1724 mea
546 1663 719 1724 donatione
740 1664 840 1742 venit,
864 1665 927 1727 iltis
943 1675 1096 1753 concedo,
1115 1679 1144 1740 si

58 1747 121 1804 mihi
147 1748 333 1808 firmitatem
355 1746 492 1807 fecerint
518 1745 606 1840 quod
628 1744 662 1804 in
685 1766 786 1823 regno
805 1767 882 1806 mco
911 1751 1035 1830 pacifici
1064 1759 1141 1838 sint,

58 1829 143 1889 etsie
164 1831 209 1889 ibi
234 1830 349 1891 vivant
366 1829 449 1889 sicut
464 1826 639 1888 Christiani
665 1827 699 1886 in
723 1825 904 1889 Christiano
924 1833 1025 1914 regno
1046 1840 1140 1903 vire.

57 1929 85 1967 re
102 1911 222 1972 debent.
266 1914 305 1972 In
324 1911 387 1970 boc
405 1911 430 1972 si
448 1911 546 1970 frater
562 1931 650 1970 meus
669 1907 748 1969 meis
769 1907 929 1988 fidelibus,
952 1917 1009 1996 qni
1029 1933 1141 1986 contra

57 1990 134 2050 illum
155 1994 237 2054 nibil
259 1995 486 2068 misfecerunt,
509 2001 542 2052 et
564 2012 615 2051 me
638 1989 765 2071 quando
786 1990 866 2051 mihi
894 2015 972 2076 opus
993 2000 1056 2063 fuit
1081 2007 1139 2069 ad.

58 2072 249 2155 iuraverunt,
282 2075 432 2137 similiter
454 2074 587 2133 iliorum
609 2072 735 2148 alodes,
762 2095 843 2154 qnos
870 2073 903 2134 in
924 2099 1024 2160 regno
1049 2086 1139 2151 illius

56 2152 168 2234 babent,
189 2160 396 2218 concesserit.
445 2156 560 2218 Sedet
585 2155 624 2216 de
646 2154 710 2214 iliis
732 2153 877 2217 alodibus
903 2179 983 2238 quos
1007 2166 1046 2228 de
1068 2191 1140 2232 mea

57 2235 210 2300 donatione
238 2240 434 2315 habuerunt,
458 2249 491 2299 et
509 2235 603 2298 etiam
619 2237 658 2297 de
678 2235 866 2316 honoribus,
885 2239 968 2301 sicut
985 2268 1057 2309 cum
1079 2251 1138 2315 illo

57 2319 155 2381 melius
174 2322 396 2399 considerabo,
419 2319 562 2402 illisqui
584 2318 693 2380 adme
715 2341 749 2380 se
769 2321 997 2409 retornabunt,
1019 2333 1138 2397 volun.

57 2401 121 2461 tarie
139 2404 263 2469 faciam.
421 2472 426 2479 ,

122 2483 161 2544 Et
180 2487 324 2550 Domnns
345 2483 534 2561 Hlothnrins
556 2480 663 2562 lingna
695 2481 869 2544 Tteodisca
898 2487 932 2546 in
952 2511 1047 2574 supra
1074 2497 1135 2558 ad.

55 2569 185 2626 nuntietis
217 2567 373 2648 Capitalis
398 2587 430 2626 re
456 2567 631 2626 consentire
655 2562 758 2637 dixit,
788 2578 873 2627 etse
902 2571 1135 2642 observaturum

55 2645 101 2704 itta
112 2651 265 2729 promisit.
761 2683 765 2690 ·

121 2729 161 2788 Et
180 2744 253 2792 tane
276 2731 418 2793 Domnns
439 2729 575 2791 Karolus
596 2731 708 2790 iterum
729 2730 834 2809 lingna
848 2729 987 2793 Romana
1002 2733 1043 2795 de
1054 2759 1133 2820 pace

55 2815 241 2890 conrmonnit,
266 2826 296 2874 et
313 2827 349 2874 nt
376 2836 444 2874 enm
465 2813 528 2872 Dei
552 2813 655 2891 gratia
676 2813 746 2870 sani
770 2825 800 2871 et
821 2813 899 2871 salvi
922 2814 1023 2888 irent,
1049 2831 1080 2879 et
1099 2834 1134 2884 nt

56 2911 97 2948 ros
115 2913 201 2957 sanos
222 2895 402 2959 reviderent
422 2895 524 2958 oravit
533 2938 545 2968 ,
577 2907 608 2956 et
634 2891 924 2980 adnuntiationibus
939 2895 1045 2982 finem
1070 2902 1115 2964 im
1132 2931 1135 2964 r

54 2975 172 3051 poenit„
679 2997 680 3000 ¹

230 3157 656 3222 TITULUS
719 3157 936 3224 XXXII.

199 3315 296 3355 POST
339 3315 521 3357 nentrum
564 3315 584 3356 Δ
626 3313 966 3364 confluentinus.

56 3432 150 3505 Haec
180 3461 276 3528 qnae
303 3447 502 3528 sequnntur
526 3433 699 3505 Domnns
727 3437 922 3528 Karolns,
960 3465 1130 3516 reversus

58 3555 77 3597 a
101 3535 321 3624 Conflnerrte,
350 3559 432 3602 cnm
453 3533 783 3625 consiliofideiinm
798 3557 949 3606 enorum
959 3563 1033 3629 per
1052 3567 1130 3634 reg·

97 3643 188 3703 rinm'
204 3659 312 3703 snum
337 3633 591 3719 dertnntianda
621 3646 655 3702 et
682 3631 914 3724 observando
937 3637 1082 3710 direxit·

59 3732 150 3858 Haec
169 3799 254 3860 missi
276 3796 376 3858 nostri
397 3795 611 3857 discurrentes
631 3795 759 3868 faciant.

126 3879 150 3940 l.
191 3880 348 3941 Omnibus
370 3879 404 3939 in
427 3901 484 3940 suo
498 3878 656 3940 missatico
672 3879 850 3940 firmitatem
866 3900 948 3960 quae
968 3881 1053 3946 inter
1074 3907 1131 3952 nos

63 3968 90 4016 et
105 3961 290 4022 carissimum
309 3964 439 4022 fratrem
456 3971 610 4039 nostrum,
631 3970 726 4044 atque
748 3961 882 4024 dilectos
907 3977 1038 4048 nepotes
1063 3988 1134 4030 uos·

63 4047 113 4104 tros
129 4045 206 4116 factu
228 4056 285 4120 est,
307 4055 413 4104 notam
434 4043 561 4104 saciant.

126 4125 166 4187 ΙΙ.
208 4129 355 4210 Capitula
381 4126 474 4186 etiam
494 4147 576 4206 quae
595 4125 680 4207 apud
694 4125 902 4189 Confluentes
918 4136 1135 4212 acceptarunt

64 4208 174 4270 anobis
197 4221 228 4270 et
252 4207 639 4270 communibustidelibus
663 4209 789 4285 nostris,
811 4211 1011 4278 adnuntient.

129 4291 187 4353 ill.
207 4344 208 4350 ,
229 4293 294 4354 Sed
317 4299 349 4354 et
375 4291 432 4352 illa
453 4291 602 4376 Capitula
626 4311 709 4374 quae
731 4300 803 4354 ante
821 4302 1035 4378 perrregnum
1058 4317 1134 4360 nos-
