2746 4992
148 303 219 378 194
375 315 505 376 setta.
610 311 851 370 civitatetua
962 317 1023 385 s7s.

148 451 268 528 eorum·
290 468 455 522 manentes
486 461 619 537 paterno
644 474 750 514 amore
781 455 961 517 secundum
992 455 1255 520 Ecclesiasticutn

147 545 363 611 ministerium
386 539 539 622 diligant;
562 537 623 618 ipsi
644 557 721 597 vero
745 538 885 599 Comites
904 549 935 601 et
956 542 1082 602 vassalli
1104 561 1163 601 seu
1181 537 1257 600 reli·

147 653 212 714 qua
232 625 423 710 generalitas
445 619 626 703 praedictos
645 619 821 702 Episcopus
838 629 874 680 ut
889 633 1012 684 sanctos
1026 633 1133 706 patres
1148 622 1256 681 bono-

146 721 268 776 rentet
283 713 495 778 venerentur,
509 716 542 762 et
570 703 608 762 ad
631 703 844 764 ministerium
870 705 1002 765 illorum
1024 706 1257 788 peragendum,

148 795 335 874 ubicunque
351 786 531 872 potuerint,
553 808 607 846 eos
621 785 770 846 adiuvare
793 785 970 848 decertent.
1011 791 1045 851 Si
1065 810 1156 864 vero,
1170 785 1258 869 quod
1367 789 1368 810 ³

148 900 215 940 non
239 884 405 956 optamus,
440 869 486 930 eis
510 867 629 946 infesti,
651 890 715 949 quo
732 868 838 931 minus
853 892 934 950 quae
950 871 1011 932 Dei
1032 881 1108 934 sunt
1130 889 1260 931 exerce·

147 983 183 1024 re
204 957 338 1042 possint,
360 951 480 1037 reperti
505 952 641 1026 fuerint,
662 960 718 1011 aut
741 952 800 1033 ipsi
827 964 939 1013 contra
963 953 1049 1036 leges
1075 953 1182 1014 officia
1201 973 1259 1012 sua

147 1039 361 1116 violaverint,
384 1046 417 1098 et
432 1057 486 1096 eos
506 1055 586 1116 quos
612 1035 758 1095 venerari
783 1035 902 1096 debent
926 1036 1187 1118 inquietaverint,
1211 1055 1259 1095 se·
1368 1059 1369 1066 ¹

149 1125 292 1188 cundum
313 1118 499 1204 Capitulare
521 1115 572 1178 avi
593 1125 626 1178 et
646 1117 801 1198 genitoris
823 1117 922 1178 nostri
940 1120 1124 1181 emendent.
1168 1120 1258 1196 Qua-

148 1209 225 1270 liter
244 1225 375 1288 quoqne
398 1201 607 1284 Presbyteros
631 1221 668 1259 ac
689 1199 834 1282 reliquos
856 1201 972 1282 gradus
998 1201 1183 1271 honorent,
1207 1201 1258 1281 ip.

149 1292 215 1354 sius
237 1284 431 1370 Capitularis
450 1283 553 1343 forma
573 1282 758 1343 doceantur.
800 1284 865 1366 Ipsi
889 1283 1100 1345 nihilominus
1117 1281 1258 1365 ¹Episco-

148 1374 201 1457 pi,
231 1369 351 1452 singuli
381 1368 414 1427 in
441 1389 500 1427 suo
528 1363 709 1450 episcopio,
738 1365 888 1428 missatici
915 1366 1018 1430 nostri
1046 1375 1204 1452 potestate
1228 1372 1260 1427 et

150 1453 339 1518 auctoritate
360 1451 547 1533 fungantur.

153 1582 220 1661 (Ut
239 1580 394 1667 Episcopi
413 1590 444 1638 et
468 1576 604 1639 Comites
625 1578 660 1638 iu
681 1596 854 1662 pauperum
872 1574 1038 1652 domibus,
1060 1580 1123 1640 nisi
1145 1577 1259 1657 rogati,

150 1686 237 1751 ‚non
259 1663 472 1732 diversantur,
491 1673 522 1720 et
541 1672 575 1720 ut
592 1658 730 1742 praedas
747 1681 782 1722 ac
804 1658 1039 1723 devastationes
1052 1661 1240 1738 inhibeant).

235 1777 334 1843 XIII.
376 1779 420 1838 Ut
441 1774 596 1858 Episcopi
620 1783 653 1837 et
673 1773 814 1837 Comites
833 1774 868 1834 in
886 1776 951 1838 suis
970 1776 1157 1840 ministeriis
1176 1799 1263 1840 com·

154 1872 314 1928 morantes
334 1859 368 1919 in
391 1857 456 1920 suis
476 1859 651 1920 consistant
668 1857 814 1918 domibus
842 1878 916 1918 cum
936 1860 1001 1922 suis
1022 1860 1176 1938 vassallis,
1199 1883 1262 1921 ne·

154 1969 219 2031 que
239 1951 445 2028 praesumant
462 1941 630 2002 occasione
651 1939 782 2021 hospitii
804 1940 835 2036 ip
858 1943 1058 2024 pauperioris
1081 1943 1263 2026 cuiuspiam

62 2029 68 2042 ’
154 2029 257 2095 vicini
279 2027 385 2102 domo,
407 2023 470 2085 nisi
497 2023 616 2107 rogati,
639 2045 845 2094 cominorarr;
875 2025 952 2106 quia
973 2026 1014 2086 ob
1034 2026 1096 2087 hoc
1122 2048 1263 2087 maxime

106 2143 109 2148 ·
155 2109 420 2195 depraedationes
440 2117 472 2166 et
487 2103 660 2167 discordias
682 2104 838 2168 hactenus
861 2108 1036 2188 pullulasse
1057 2109 1266 2171 manifestum

156 2206 212 2262 cst.
254 2191 469 2255 Praesideant
484 2210 625 2271 quoque,
649 2189 826 2248 secundum
847 2190 1061 2254 ministerium
1084 2193 1268 2274 unusquis-

156 2299 220 2359 que
239 2297 343 2349 suum,
366 2294 407 2332 ne
429 2271 460 2331 in
486 2277 641 2354 potestate
663 2270 795 2330 illoram
818 2274 954 2353 praedae
978 2282 1010 2335 et
1027 2276 1265 2336 devastationes

157 2363 246 2425 fiant.
287 2359 331 2418 Et
351 2356 378 2417 si
401 2354 502 2435 aliqui
529 2354 591 2414 hoc
612 2354 718 2414 facere
738 2354 941 2432 tentaverint,
962 2356 1050 2418 omni
1069 2379 1125 2419 sua
1143 2357 1265 2418 virtute

158 2442 224 2505 illis
247 2440 404 2503 resistant.
444 2439 486 2498 Et
502 2437 529 2498 si
549 2434 610 2519 ipsi
634 2457 741 2517 perse
764 2437 984 2520 constringere
1002 2439 1076 2501 illos
1099 2439 1138 2500 ad
1157 2461 1267 2500 emen·

158 2524 323 2589 dationem
341 2543 405 2581 non
417 2521 596 2663 potuerint,
618 2519 798 2580 constitutis
813 2520 917 2581 Missis
930 2522 1045 2584 nostris
1059 2522 1265 2597 renuntient,

158 2618 196 2670 ut
217 2607 358 2690 ipsorum
380 2603 414 2663 iu
440 2603 501 2664 icio
517 2600 666 2684 legaliter
682 2602 862 2663 secundum
881 2603 1064 2686 Capitulare
1087 2603 1138 2664 avi
1162 2614 1195 2665 et
1215 2625 1268 2686 ge·

160 2689 275 2753 nitoris
296 2685 397 2748 nostri
416 2684 597 2746 emendent.
640 2683 737 2761 Quod
754 2685 780 2746 si
803 2695 836 2746 et
851 2685 911 2768 ipsi
932 2687 995 2751 hoc
1013 2687 1185 2750 emendare
1213 2709 1269 2748 ne·

160 2770 338 2857 quiverint,
363 2767 402 2829 ad
419 2777 558 2828 nostram
578 2765 724 2827 notitiam
748 2769 937 2851 perducant.

164 2904 228 2984 (Ut
244 2899 386 2982 defuncti
405 2896 556 2981 Episcopi
567 2894 739 2979 facultates
760 2899 864 2959 nullus
882 2900 1035 2973 invadat,
1066 2899 1126 2960 sed
1144 2921 1270 2964 succes·

267 2986 332 3045 sori
357 2983 563 3056 reserventur,
585 2981 639 3040 vel
656 3002 717 3064 pro
738 2981 825 3042 illius
847 2985 952 3044 anima
972 2987 1165 3062 erogentur).

245 3098 337 3162 XIV.
378 3098 421 3156 Ut
440 3095 592 3178 quotiens
609 3095 757 3156 divinum
773 3095 929 3159 iudicium
944 3097 1085 3179 aliquem
1104 3098 1272 3160 Ecclesiae

163 3183 351 3253 Praesulem
372 3201 389 3239 e
410 3177 541 3239 saeculo
564 3179 748 3256 vocaverit,
777 3181 887 3242 nullus
910 3181 949 3240 ad
975 3181 1093 3242 suimet
1112 3183 1273 3265 perditio-

164 3290 240 3331 nem
261 3263 428 3326 facultates
449 3259 517 3321 eius
542 3259 680 3337 invadat,
703 3261 843 3344 diripiat,
864 3273 896 3323 el
913 3263 952 3322 ad
975 3262 1024 3324 ius
1048 3287 1143 3325 snum
1164 3275 1273 3326 trans·

163 3355 263 3418 ierat3
294 3345 352 3408 sed
375 3341 560 3424 erogaturiis
588 3352 620 3405 et
637 3345 897 3427 eleemosynariis
924 3344 1167 3422 ecclesiasticis,
1197 3367 1274 3405 cum

165 3431 266 3518 ipsias
285 3426 450 3491 Ecclesiae
473 3424 650 3486 constituto
672 3446 868 3504 oeconomo,
892 3427 1030 3488 liberum
1054 3429 1112 3505 sit,
1135 3429 1274 3490 canoni-

167 3539 206 3581 co
231 3533 331 3590 more,
360 3509 441 3569 iuste
466 3505 767 3590 rationabiliterque
788 3509 937 3592 deputata
962 3513 1138 3573 successori
1160 3514 1273 3572 futuro

166 3615 344 3670 reservare,
365 3591 417 3652 vel
438 3587 698 3672 quibuscunque,
719 3591 803 3652 sicut
821 3593 962 3688 expedit,
984 3613 1043 3675 pro
1068 3595 1138 3655 eius
1156 3594 1275 3678 spiritu

168 3679 372 3746 distribuere.
423 3672 521 3750 Quod
546 3672 603 3752 qui
633 3673 745 3756 iniqua
771 3675 945 3757 cupiditate
972 3678 1152 3756 transgredi
1179 3697 1277 3760 prae-

123 3809 127 3819 .
168 3757 353 3846 sumpserit,
374 3765 411 3817 ut
433 3754 581 3840 superius
598 3758 810 3842 praelibatum
825 3767 883 3838 est,
905 3757 1176 3842 inrefragabiliter
1196 3759 1279 3819 mul-

169 3855 268 3911 tetur.

195 3975 262 4057 (Ut
285 3969 434 4060 infideles
453 3971 531 4053 Regi
557 3991 646 4035 nemo
669 3971 761 4046 celet,
782 3992 839 4036 nec
866 3972 964 4036 ullam
987 3974 1033 4038 eis
1056 3973 1260 4038 sustentatio·

590 4075 661 4118 nem
681 4055 864 4141 praebeat).

255 4168 332 4236 XV.
373 4171 417 4233 Ut
440 4190 536 4232 nemo
566 4167 712 4231 fidelium
743 4179 925 4234 nostrorum
951 4169 1187 4256 quodammodo
1218 4169 1282 4232 ali·

175 4276 273 4341 quem
298 4254 384 4319 celet
404 4274 503 4338 quem
525 4259 671 4319 nostrum
692 4252 801 4320 scierit
827 4252 993 4320 infidelem
1014 4278 1095 4338 esse,
1117 4273 1225 4340 neque
1249 4252 1283 4316 ei
