2746 4992
189 303 264 375 200
412 327 444 380 A.
468 323 548 381 cun.
652 323 888 379 centronius
1004 321 1061 392 s7o.

189 473 271 524 tram
284 463 474 545 sapientiam
490 464 664 527 consulatis
679 466 800 548 pariter
819 488 855 529 ac
869 466 1082 543 succurratis,
1102 485 1142 526 nc
1156 466 1191 528 de
1209 489 1267 530 cae·

188 556 259 606 tero
281 547 357 606 uilia
374 569 411 608 ac
431 555 522 606 tanta
538 549 622 610 mala
641 547 789 611 Ecclesia
812 561 920 612 nostra
943 569 980 610 ac
999 569 1132 632 regnum
1149 551 1267 634 patiatur

192 629 300 708 qualia
317 628 474 690 hactenns
488 651 579 712 passa
598 639 656 696 est.

239 756 395 842 Definitio
416 755 541 836 szodi
553 758 795 924 Pontigofnensis
808 758 848 822 de
861 759 1048 840 Adolgoudo
1065 761 1237 842 Presbytero

649 863 682 902 uz
699 857 812 904 aurato.

271 955 317 1019 ll.
357 956 469 1019 Pridie
489 957 565 1018 ldus
588 955 686 1036 Iulii,
708 953 742 1017 in
769 959 841 1020 loco
862 982 920 1042 qur
939 969 1075 1022 vocatur
1093 961 1272 1041 Pontigonis,

193 1041 235 1102 ita
260 1039 300 1102 de
316 1040 506 1121 Adalgaudo
532 1041 723 1123 Presbytero
745 1041 763 1100 b
788 1042 917 1124 Legatis
948 1044 1042 1105 Sedis
1073 1042 1272 1125 Apostolicae,

190 1125 299 1184 Leone
315 1122 529 1204 Apocrisiario
547 1134 674 1183 sanctae
690 1122 774 1185 sedis
799 1126 978 1204 Romanae,
1001 1129 1117 1203 Petro,
1138 1127 1272 1200 Iohanne,

190 1206 332 1288 itemque
354 1205 498 1266 lohanne
514 1205 642 1288 legatis
661 1217 853 1268 memoratae
874 1217 1003 1270 sanctae
1019 1209 1122 1286 sedis,
1143 1229 1177 1268 ac
1191 1207 1273 1268 Anse-

190 1288 259 1370 giso
276 1288 408 1350 Vicario
427 1287 571 1348 eiusdem
591 1298 718 1349 sanctae
735 1290 830 1368 sedis,
853 1300 887 1351 et
910 1291 949 1352 ab
968 1293 1058 1351 omni
1075 1291 1214 1352 Concilio
1232 1290 1275 1348 de·

190 1371 318 1432 linitum
333 1379 432 1432 estut
456 1371 505 1430 illi
525 1372 654 1452 propria
674 1372 821 1432 Ecclesia
840 1371 1012 1453 reddatur,
1046 1384 1078 1435 et
1104 1375 1121 1433 b
1146 1371 1275 1456 praelatis

189 1453 338 1516 kalendis
365 1463 503 1536 quatuor
523 1453 682 1513 mensium
705 1455 817 1516 dilatio
838 1455 878 1516 ad
903 1455 1020 1516 famam
1044 1478 1134 1518 suam
1154 1475 1276 1540 pnrgari·

193 1537 266 1597 dam
282 1536 333 1597 illi
348 1537 553 1597 concedatur.
596 1537 629 1596 Si
645 1546 717 1619 post
730 1547 870 1617 quatuor
883 1559 1010 1601 menses
1031 1560 1168 1623 purgare
1188 1559 1217 1599 se
1239 1559 1276 1596 ca·

193 1619 313 1682 nonice
330 1641 395 1680 non
408 1619 546 1702 poterit,
569 1620 661 1679 nulla
675 1619 745 1680 eius
761 1641 824 1682 vox
837 1630 946 1703 postea
964 1625 1096 1704 penitus
1120 1621 1261 1682 audiatur.

193 1751 366 1814 Consensus
385 1753 503 1815 Leonis
525 1754 680 1835 Episcopi
710 1754 806 1813 Missi
824 1767 855 1814 et
875 1754 1108 1840 Apocrisiorii,
1134 1775 1200 1816 cum
1217 1765 1275 1836 post

500 1834 663 1912 Synodum
686 1835 880 1897 discessurus
896 1851 986 1898 esset:

272 1951 336 2014 ΙΙΙ.
378 1950 463 2029 Quia
478 1952 623 2012 Domnus
645 1952 926 2016 nosterlohannes
948 1953 1165 2016 sanctissimus
1188 1962 1218 2014 et
1239 1962 1277 2012 ter

189 2033 389 2096 beatissimus
409 2035 495 2116 Papa
525 2056 583 2095 nos
609 2034 754 2115 quidem,
771 2057 822 2094 me
840 2036 966 2098 'scilicet
979 2039 1125 2098 Leonem
1139 2036 1277 2097 Gabinen·

193 2137 261 2180 sem
276 2119 474 2200 Episcopum
495 2127 528 2178 et
548 2128 675 2177 sanctae
691 2118 851 2179 Romanae
867 2118 1034 2180 Ecclesiae
1050 2120 1183 2182 Missum
1204 2127 1231 2179 et
1242 2117 1276 2176 A·

219 2200 433 2279 ocrisiarum,
478 2208 511 2260 et
538 2201 671 2261 Petrum
704 2201 922 2263 venerabilem
960 2201 1276 2286 Forosemproniatem

192 2223 415 2365 Episcopum,
445 2281 486 2342 ad
516 2281 579 2344 hoc
602 2284 636 2341 iu
657 2281 713 2344 has
736 2294 841 2364 partes
871 2283 1008 2362 direxit,
1037 2296 1076 2346 ut
1093 2309 1150 2348 seu
1171 2283 1276 2366 pridem

191 2386 253 2449 per
280 2365 480 2427 venerabiles
509 2364 688 2447 Episcopus
719 2365 896 2427 lohannem
935 2367 1093 2430 videlicet
1121 2377 1153 2429 et
1178 2363 1275 2426 loban-

193 2468 270 2508 ncm
298 2447 520 2524 mandaverat,
553 2458 658 2508 vestra
689 2449 854 2510 sanctitate
889 2449 1076 2532 adgregata,
1120 2451 1159 2510 de
1193 2468 1275 2528 nego-

194 2529 248 2592 tiis
276 2550 358 2613 quae
384 2529 470 2590 inter
494 2539 646 2611 utrosque
677 2530 790 2592 fratres
819 2532 881 2592 hoc
911 2553 996 2593 asino
1019 2541 1212 2594 emerserant
1236 2530 1277 2590 de-

193 2613 460 2690 terminaremus,
496 2613 553 2674 sed
575 2634 631 2674 nos
652 2613 693 2673 ob
722 2615 875 2694 quasdam
901 2624 1027 2677 sauctae
1055 2617 1213 2677 Romanae
1229 2611 1277 2674 Ec·

194 2695 311 2758 clesiae
347 2696 502 2757 utilitates
536 2696 612 2776 quia
641 2693 762 2756 diutius
792 2697 909 2758 morari
943 2699 1140 2780 nequimus,
1171 2707 1202 2759 et
1220 2715 1276 2756 vcs-

192 2788 276 2840 tram
302 2777 535 2839 beatitudinem
560 2775 690 2857 longius
720 2778 855 2861 fatigare
890 2779 1065 2852 nolumus,
1092 2781 1153 2842 hos
1183 2781 1277 2840 fratres

195 2871 322 2923 nostros
335 2860 513 2922 Iohannem
530 2859 686 2923 videlicet
706 2863 945 2924 Tuscanensem
960 2873 992 2924 et
1016 2863 1192 2924 Iohannem
1211 2860 1276 2920 Ars-

192 2945 299 3005 tinum
326 2943 529 3005 venerabiles
551 2941 730 3028 Episcopus
757 2944 923 3007 vobiscum
947 2945 1064 3008 morari
1095 2942 1276 3007 decrevimus

194 3025 396 3106 usquedum
420 3045 473 3087 res
494 3025 581 3087 unde
609 3027 714 3107 agitur
741 3037 885 3108 optatum
904 3029 1001 3089 finem
1029 3027 1141 3090 divina
1170 3029 1276 3089 favente

196 3107 297 3190 gratia
316 3106 471 3188 accipiat:
493 3109 549 3190 qui
564 3105 722 3191 quioquid
746 3130 803 3171 seu
827 3110 860 3169 in
878 3111 1042 3173 evocanda
1065 3111 1208 3192 Synodo,
1231 3125 1275 3166 seu

82 3214 85 3221 ·
194 3191 229 3250 in
250 3188 456 3266 definiendo,
478 3213 536 3252 seu
559 3192 592 3250 in
619 3192 892 3273 contemptoribus
917 3193 1065 3256 feriendo
1089 3189 1275 3261 definierint,

194 3271 380 3354 Apostoliea
396 3274 587 3336 anctoritate
605 3274 706 3336 libere
726 3274 898 3353 definiant,
921 3285 953 3337 et
968 3275 1128 3356 quicquid
1141 3275 1198 3357 ipsi
1213 3269 1277 3332 deli·

194 3353 399 3433 beraverint,
423 3364 456 3416 et
469 3359 614 3417 Domnus
635 3357 839 3440 Apostolicus
858 3357 1036 3422 cumomni
1058 3367 1168 3418 sancta
1180 3359 1275 3418 Roma-

195 3459 237 3498 na
246 3435 406 3580 fiEcclpsia
427 3437 652 3502 determinabit
671 3450 703 3502 et
724 3440 759 3501 in
776 3452 967 3525 perpetuum
984 3461 1170 3501 mansurum
1181 3443 1276 3502 statuet

198 3528 231 3582 et
269 3541 337 3581 rma
361 3529 396 3587 it.

195 3652 411 3731 loramentum
430 3647 519 3735 quod
531 3647 725 3710 Hincmorus
741 3649 1003 3735 Arcbiepiscopns
1021 3640 1114 3714 edere
1132 3653 1275 3712 iussusest

586 3731 673 3816 apud
700 3731 913 3814 Pontigonem.

247 3895 249 3900 -
279 3847 339 3912 IV.
382 3849 438 3912 Sic
454 3848 603 3932 promitto
618 3869 677 3930 ego
698 3848 834 3930 quiade
857 3849 917 3910 isto
940 3850 992 3912 ‹lie
1007 3851 1040 3912 iu
1058 3859 1152 3911 antea
1173 3849 1218 3911 isti
1229 3845 1274 3905 Se·

109 3984 121 3998 .
196 3930 282 3993 niori
303 3953 397 4010 meo,
418 3932 566 4015 quandiu
586 3931 720 4007 vixero,
742 3930 845 3992 [idelis
872 3941 904 3993 et
924 3932 1078 3995 obediens
1101 3941 1134 3994 et
1154 3932 1274 4018 adiutor,

195 4025 485 4098 quantumcunque
503 4015 576 4095 plus
592 4023 624 4076 et
640 4015 755 4076 melius
778 4014 882 4079 sciero
898 4023 931 4076 et
944 4023 1092 4097 potuero,
1110 4025 1142 4076 et
1161 4009 1274 4077 consino

185 4099 370 4160 -et'auxilio
384 4099 564 4160 secundum
582 4119 689 4158 meum
706 4097 919 4158 ministerium
940 4098 973 4157 in
993 4097 1140 4158 omnibus
1158 4116 1208 4158 ero
1223 4092 1274 4152 abs·

197 4201 261 4262 que
277 4182 390 4242 lrande
410 4190 443 4242 et
459 4181 542 4241 malo
562 4180 694 4262 ingenio
711 4191 743 4240 et
764 4180 882 4259 absque
900 4180 967 4240 ulla
989 4180 1156 4242 dolositate
1176 4177 1219 4239 vel
1235 4195 1275 4234 se·

196 4263 348 4326 ductione
364 4285 421 4326 seu
438 4263 629 4346 deceptione
648 4272 679 4324 et
691 4263 807 4346 absque
823 4264 1120 4346 respectu'alicuius
1132 4276 1272 4347 personae.
