2786 4980
175 308 181 320 ’
258 343 291 400 a.
318 339 394 396 cus.
510 337 640 396 aucun
670 339 934 398 rauracorum·
979 341 1076 412 aaa.
1174 326 1222 398 29

108 479 263 568 publicae
279 479 505 566 poenitentiae
527 479 616 541 iuxta
641 481 766 542 modum
788 503 885 564 quem
908 481 1106 563 praeviderit
1132 485 1224 568 Epis-

112 588 236 647 copus,
259 565 474 646 subigautur;
513 561 600 642 ipsae
620 585 694 624 vero
715 565 793 625 locis
820 564 973 644 congruis
1001 569 1222 647 poenitentiae

107 650 340 724 retrudantur,
363 655 396 706 et
412 644 453 705 ad
469 645 613 706 habitum
630 647 796 727 religionis
809 648 917 706 redire
933 656 1101 728 cogantur.
1132 654 1224 712 Uten-

108 753 176 812 que
205 740 316 789 autem
344 729 416 789 sine
446 727 513 787 nlla
540 749 595 810 spe
625 729 755 789 uxoriae
781 729 996 810 copulationis
1032 734 1223 814 perenniter

105 822 274 872 maneant,
303 811 339 871 Si
357 819 485 885 autern,
507 810 592 890 quod
610 811 707 887 absit,
729 813 879 888 coniugia
897 812 1012 872 iterare
1029 835 1220 898 praesump-

108 895 230 970 serint,
254 893 375 954 acriori
391 893 569 952 subdantur
588 893 760 970 vindictae,
774 903 810 953 et
827 895 964 974 ariaiplius
985 895 1220 978 propellantur.

110 976 178 1054 Qui
201 979 288 1037 forte
307 975 439 1036 obedire
454 975 580 1034 monitis
596 975 786 1036 salutaribus
803 997 866 1036 raon
885 975 1068 1058 volueriut,
1089 979 1221 1044 anathe-

112 1059 323 1120 matizentur.
401 1125 404 1131 ,
818 1082 822 1088 ·
917 1081 920 1086 ·

269 1215 274 1220 .
328 1165 392 1240 (De
413 1166 452 1224 iis
473 1167 528 1248 qui
547 1163 666 1224 alienas
687 1183 817 1246 sponsas
850 1163 1004 1248 rapiunt.)

151 1307 155 1314 ‚
182 1267 353 1334 LXVIII.
393 1270 443 1330 De
469 1267 520 1328 bis
539 1267 596 1350 qui
622 1289 754 1350 sponsas
770 1266 890 1326 alienas
905 1267 1047 1348 rapiunt,
1070 1269 1121 1333 vel
1142 1293 1218 1333 con.

110 1373 210 1416 sensu
227 1361 401 1435 parentum
429 1350 616 1434 accipiunt,
648 1350 780 1432 antiqua
810 1358 843 1408 et
867 1350 1030 1431 synodalis
1058 1355 1219 1415 sententia

107 1435 307 1500 observetur.
349 1434 447 1512 Quod
472 1444 505 1494 et
520 1433 548 1494 si
561 1435 646 1494 forte
664 1432 697 1492 in
712 1431 857 1492 Ecclesia
873 1441 1006 1495 eventus
1032 1435 1105 1496 talis
1124 1457 1217 1518 repe·

104 1517 163 1578 riri
187 1515 387 1593 dinoscitur,
410 1525 526 1598 utpro
543 1515 655 1578 salutis
671 1523 703 1576 et
723 1513 892 1595 religionis
918 1517 1132 1597 competentia
1151 1517 1216 1580 hu-

102 1599 230 1660 manius
249 1599 408 1681 quiddam
430 1599 572 1660 debeant
591 1607 727 1660 tractare
741 1595 938 1672 Pontifices,
958 1597 1215 1678 sicuteanonica

102 1691 139 1742 ut
155 1681 280 1742 eisdem
295 1681 400 1744 verbis
424 1691 569 1757 utamur,
598 1682 693 1742 docet
715 1678 904 1756 auctoritas,
926 1679 1003 1759 quia
1024 1680 1114 1764 prior
1138 1683 1215 1764 qui-

102 1763 198 1840 dem,
220 1763 397 1846 inquiens,
421 1763 566 1824 delinitio
584 1764 714 1839 durius,
743 1763 1032 1844 posterioritatem
1061 1765 1215 1844 quiddam

105 1848 295 1906 tractaverit
311 1846 492 1924 humanius,
514 1847 607 1906 nullo
621 1845 729 1922 modo,
746 1852 781 1904 ut
800 1843 838 1904 ad
859 1843 1025 1904 maximam
1038 1844 1215 1927 indulgeu-

106 1927 187 1987 tium
211 1926 456 2005 descendamus,
487 1929 620 1990 alterius
643 1948 778 2008 sponsae
815 1937 965 2008 acceptor
990 1925 1060 1988 sine
1085 1930 1215 2011 publica

106 2017 252 2072 transeat
273 2010 490 2092 poenitentia,
518 2021 551 2071 et
572 2032 688 2092 sponso
710 2007 860 2090 legaliter
878 2009 1011 2068 multam
1033 2023 1214 2094 componat.

104 2092 208 2166 Quod
226 2091 254 2152 si
277 2093 355 2154 haee
370 2093 501 2154 obedire
519 2094 685 2167 renuerit,
715 2093 784 2154 sine
814 2091 881 2150 ulla
903 2092 1117 2172 refragatione
1141 2116 1214 2156 ana·

102 2173 354 2236 thematizcturs
374 2175 516 2237 fautores
533 2185 610 2238 reio
632 2175 724 2236 illius
740 2174 828 2234 iuxta
848 2174 978 2235 modum
999 2175 1114 2257 calpae
1127 2178 1213 2259 epis·

101 2255 596 2340 copali'decretopoeniteant.
614 2329 617 2334 Ι
637 2258 672 2318 Si
703 2277 802 2334 vero,
833 2255 923 2338 quod
951 2276 1017 2315 non
1046 2266 1212 2339 optamus,

100 2337 178 2420 quis
200 2339 359 2422 degrada
377 2341 595 2403 ecclesiastico
619 2339 736 2400 talibus
765 2339 887 2420 nuptiis
915 2359 948 2399 se
984 2359 1212 2404 consensorem

101 2419 432 2484 vel-interventorem
451 2425 621 2486 manifeste
639 2421 838 2505 prodiderit,
859 2443 876 2480 a
892 2419 993 2502 gradu
1013 2423 1144 2503 proprio
1164 2446 1213 2484 re·

100 2502 255 2586 pellatur.
296 2505 339 2566 Ea
356 2505 383 2566 si
400 2505 629 2566 verisimilibus
648 2505 766 2566 exinde
779 2501 1017 2584 suspicionibus
1029 2503 1129 2564 luerit
1141 2528 1212 2588 pro·

102 2585 270 2666 pulsatus,
293 2595 324 2646 et
340 2588 496 2649 canonice
517 2587 704 2670 nequiverit
717 2585 905 2668 approbari,
927 2585 1109 2646 secundum
1123 2608 1213 2649 sauc-

103 2677 211 2728 torum
223 2669 357 2730 Patrum
376 2675 491 2732 statuta
511 2693 545 2732 se
559 2691 695 2753 purgare
726 2677 870 2750 cogatur.

101 2799 163 2873 (De
176 2801 347 2885 sepulturis
368 2801 455 2886 infre
476 2804 669 2876 Ecclesiam,
693 2815 722 2864 et
744 2801 784 2864 de
805 2799 979 2886 sepulchris
1000 2819 1062 2860 non
1083 2797 1211 2861 violan-

185 2941 188 2946 .
228 2883 302 2958 dis,
326 2887 374 2948 val
389 2896 603 2979 pecuur'npro
618 2887 786 2969 'sepultura
806 2906 869 2946 non
889 2881 1067 2964 exigenda.)

183 2985 326 3054 LXXll.
369 2993 411 3050 Ut
432 3012 525 3052 nemo
543 2991 721 3074 quemlibet
734 2999 896 3072 mortuum
916 2987 950 3047 in
966 2989 1114 3050 Ecclesia
1132 3012 1210 3073 qua.-

95 3067 124 3131 si
146 3065 348 3133 hereditario
367 3073 459 3152 iure,
482 3075 544 3135 nisi
569 3083 675 3135 autem
689 3073 866 3155 Episcopus
885 3081 941 3131 aut
956 3072 1130 3157 Presbyter
1148 3097 1209 3157 pro

94 3151 256 3232 qualitate
284 3157 536 3218 conversationis
566 3165 600 3218 et
627 3155 710 3217 vitae
740 3155 872 3237 dignum
895 3155 1046 3232 duxerit,
1068 3160 1209 3238 sepelire

96 3245 290 3314 praesumat.
332 3239 398 3303 Neo
414 3239 582 3320 quisquam
604 3259 672 3300 ossa
697 3237 870 3298 cuiuslibet
889 3238 1008 3297 mortui
1031 3238 1071 3299 de
1096 3242 1210 3323 sepul-

95 3337 153 3376 cro
176 3331 241 3378 suo'
262 3318 374 3393 eiciat,
407 3330 463 3380 aut
487 3322 685 3403 sepulturum
712 3322 903 3402 cuiusquam
923 3321 1094 3382 temerario
1126 3346 1209 3390 ausu

96 3420 233 3480 quoquo
248 3403 343 3462 modo
358 3400 474 3474 viole't3
497 3405 554 3464 sed
568 3423 831 3487 unumquemque
847 3403 880 3462 in
899 3402 1010 3462 loculo
1029 3403 1092 3464 sibi
1110 3395 1207 3469 laDeo

98 3491 288 3562 praeparato
308 3492 404 3568 atque
428 3507 580 3547 concesso
601 3487 775 3549 adveutum
800 3485 851 3544 sui
877 3484 998 3544 Iudicis
1018 3489 1208 3565 praestolari

98 3564 276 3634 concedat,·
298 3568 435 3629 maxime
458 3591 530 3630 cum
551 3567 615 3629 non
633 3570 735 3630 solum
757 3566 884 3628 divinae
905 3567 1012 3646 leges,
1035 3567 1093 3628 sed
1109 3569 1215 3634 etiam.

99 3655 130 3706 et
145 3645 308 3708 humanae
332 3652 417 3732 apud
442 3650 615 3712 humanam
640 3648 872 3731 rempublicam
893 3649 1116 3730 sepulcrorum
1140 3654 1208 3714 vio·

98 3728 218 3790 latores
236 3751 309 3792 reos
329 3733 439 3794 mortis
453 3734 645 3794 diiudicent.
688 3734 752 3793 Sed
772 3742 804 3792 et
827 3749 933 3812 neque
963 3751 1022 3811 pro
1049 3729 1206 3794 loco'se-
1235 3783 1238 3792 .

97 3811 265 3892 pulturae,
287 3822 323 3872 ut
337 3815 442 3876 verbis
463 3816 564 3878 sancti
585 3815 735 3900 ‘Gregorii
755 3823 894 3888 utamur,
915 3811 1057 3895 pretium
1068 3811 1208 3876 detersa

96 3914 251 3958 concessa
268 3899 430 3976 putredini
443 3921 610 3981 quaerere,
623 3909 653 3959 et
669 3900 720 3974 (de
734 3897 840 3956 alieno
852 3895 936 3956 velle
952 3895 1059 3955 facere
1076 3895 1162 3956 lucri
1175 3903 1210 3976 g)

95 3978 345 4059 compendium,
367 3981 477 4066 aliquo
498 3981 593 4042 modo
610 3990 723 4046 tentet.
763 3977 950 4061 Siquando
971 3985 1080 4038 autem
1093 3979 1214 4061 proxi·.

127 4193 165 4265 g)
183 4191 224 4259 al.¹
235 4203 300 4248 nr'ss.
316 4194 352 4253 ds
370 4199 463 4254 alieno
477 4201 544 4254 velle
553 4198 655 4272 sacerd
673 4195 772 4268 luctu}
798 4195 833 4252 'de
859 4197 904 4252 ul.¹
921 4189 999 4252 nitzo
1014 4197 1091 4276 [ἀπ’
1108 4199 1205 4276 tactu}

183 4261 218 4318 dc
234 4266 272 4320 nt.
292 4267 349 4322 ullo
360 4269 545 4350 saeslacta3
560 4267 594 4325 dr
611 4270 651 4326 ol.
669 4271 747 4326 nullo
767 4267 863 4342 imre
876 4266 967 4326 ,uera
1017 4291 1076 4304 ›·
1185 4277 1194 4310 s
