2786 4980
272 311 307 364 s.
328 309 409 367 cau
517 307 642 362 nacon
678 304 898 360 susucoaeu
1002 305 1065 365 sss.
1189 285 1238 364 70

206 453 399 514 Hincmarus
420 447 702 531 Archiepiscopus,
732 446 832 506 lmmo
856 447 1045 530 Episcopus,
1069 449 1240 514 Yrrniufri·

122 537 184 601 dus
203 537 396 618 Episcopus,
417 529 610 614 lli'ucmarus
628 530 825 612 Episcopus,
845 531 1022 593 Hilduinus
1043 533 1144 596 Abba.

201 617 409 700 Hungarius,
430 615 677 699 Engilramnus,
699 613 921 692 isembardus,
951 615 1041 694 Odo,
1066 619 1237 696 Oshertnt,

115 701 304 778 Ratbodus,
326 699 523 778 Hunfridus,
544 695 736 774 Odalricus,
762 694 1238 783 Rhodulfus,·Engischalcuc,

114 783 325 864 floduinus,
355 783 455 844 Hitto.
882 795 884 802 '

320 963 749 1026 TITULUS
814 958 1037 1026 XXVII.

161 1085 322 1144 Errssoss
338 1099 560 1142 'eetscoroauu
582 1099 624 1137 sn
646 1077 856 1154 Laconicus,
877 1099 981 1138 aucun
1003 1101 1194 1144 assuuntur.

123 1201 232 1270 Haec
265 1221 354 1291 quae
390 1207 595 1290 sequuntur
639 1192 807 1288 Capitale
846 1195 1024 1266 miserunt
1061 1199 1235 1294 Episcopi

124 1298 396 1394 provinciarum
422 1289 612 1366 Remensis
639 1305 676 1364 ot
701 1295 976 1386 Rotomagensis
1001 1319 1019 1362 a
1048 1297 1233 1370 carisiaco

119 1398 273 1492 palatio,-
300 1419 381 1488 quo
398 1407 667 1483 convenerant,
695 1415 762 1487 per
787 1393 1026 1464 Wenilonem
1050 1396 1235 1468 Rotoma-

115 1519 267 1590 gensem
293 1493 631 1589 Archiepiscopum,
650 1503 688 1562 et
711 1491 967 1562 Erchanraum
994 1495 1235 1568 Catalaunos·

113 1620 194 1666 sem
218 1594 457 1688 Episcopum,
487 1593 721 1663 Hludouvico
747 1592 840 1685 Regi
864 1594 903 1662 in
927 1595 1108 1664 Attiniaco
1133 1599 1234 1688 pala·

204 1697 261 1766 tio
286 1693 507 1778 consistenti,
533 1715 630 1762 anno
655 1691 919 1762 lucernationis
945 1693 1149 1766 dominicae

294 1792 571 1864 DCCCthlI.
596 1793 634 1862 in
660 1813 785 1862 mense
810 1790 1052 1868 Novembrio.

120 1923 244 1988 Domno
262 1922 483 1996 Hludouvico,
510 1922 587 2003 Regi
601 1922 760 2002 glorioso,
782 1919 936 2006 Episcopi
954 1921 1122 1983 Remorum
1139 1920 1231 1984 dioc-

220 2027 325 2070 ceseos
346 2019 440 2090 atque
460 2006 711 2086 Rotomagensis,
742 2005 799 2088 qui
822 2002 932 2064 adesse
955 2007 1126 2089 potuimus.

180 2145 368 2226 (Excusant
392 2168 450 2210 cur
475 2147 521 2210 od
549 2157 738 2209 conventum
767 2145 948 2205 Remeusem
972 2146 1082 2206 venire
1105 2167 1168 2208 uon

578 2236 778 2314 potuerunt)

201 2384 227 2445 1.
262 2325 415 2443 Litteras
433 2379 660 2443 dominationis
677 2389 797 2442 vestrae
810 2379 933 2463 quique
951 2391 1096 2444 nostrum
1113 2379 1231 2446 hahui-

115 2489 202 2544 mus,
212 2464 331 2549 quibus
345 2465 480 2527 iussistis
496 2475 534 2525 ut
545 2464 635 2526 vobis
655 2487 711 2524 vn.
723 2464 795 2524 Kal.
806 2465 975 2527 Decembr.
996 2467 1103 2525 Remis
1114 2479 1232 2528 occur·-

114 2571 283 2624 reremus‚
313 2557 472 2631 quatenus
502 2547 547 2609 ibi
574 2548 741 2608 uobiscum
765 2555 797 2608 et
822 2569 895 2608 cum
920 2547 1054 2608 caeteris
1081 2547 1232 2610 fidelihus

114 2633 233 2694 vestris
259 2632 300 2692 de
329 2630 563 2704 restauratione
588 2639 716 2692 sanctae
749 2629 935 2706 Ecclesiae,
963 2639 996 2690 et
1024 2633 1063 2690 ‹le
1087 2640 1171 2692 statu
1194 2653 1232 2694 uc

116 2715 225 2776 salute
244 2714 358 2798 populi
380 2713 572 2790 Christiani,
593 2711 784 2774 tractaretis.
826 2712 890 2773 Sed
919 2735 977 2774 nos
1003 2712 1042 2772 ad
1072 2713 1231 2794 placitum

116 2797 205 2858 illud
228 2817 401 2860 occurrere
426 2818 491 2856 non
524 2797 698 2878 potuimus,
720 2803 752 2856 et
780 2803 913 2876 propter
936 2795 1232 2864 incommoditatem

117 2889 151 2940 et
172 2879 362 2940 brevitatem
387 2879 558 2961 temporis,
581 2888 613 2939 et
630 2887 762 2961 propter
789 2876 1086 2956 inconvenientiam
1103 2879 1184 2950 loci;
1199 2891 1233 2942 et

116 2961 209 3043 quod
227 2972 276 3024 est
308 2961 499 3044 lugubrius,
531 2960 904 3045 propterconfusiouem
935 2960 1092 3021 tumultus
1116 2961 1232 3029 exorti,

116 3045 186 3108 Sed
204 3055 237 3106 et
254 3044 375 3107 divinis
394 3044 529 3126 legibus,
553 3065 631 3126 quas
650 3052 682 3105 et
695 3045 761 3103 ‘vos
780 3043 1003 3105 observaturos
1024 3065 1098 3103 cum
1116 3047 1233 3109 vestris

117 3126 273 3188 fratribus
298 3128 391 3188 nohis
419 3125 651 3205 denuntiastis,
684 3133 813 3187 cautum
840 3147 908 3188 esse
929 3127 1132 3206 dinoscitur,
1154 3130 1233 3211 quia

118 3209 208 3270 sicut
233 3231 294 3273 nec
316 3209 561 3294 Arcbiepiscopi
579 3211 648 3271 sine
670 3208 860 3292 Coepiscopi
873 3254 883 3288 ,
905 3209 950 3270 ita
976 3232 1036 3270 nec
1061 3213 1233 3295 Coepisco-

117 3292 151 3374 pi
179 3292 251 3353 siue
269 3292 595 3376 Archiepiscoporum
614 3313 774 3352 consensu
799 3292 854 3353 vel
879 3291 978 3368 iussu,
999 3293 1059 3354 nisi
1080 3315 1164 3374 quae
1188 3297 1232 3358 ad

117 3375 266 3456 proprias
288 3376 455 3456 pertinent
481 3375 660 3457 parochias,
682 3374 802 3434 dehent
822 3395 1039 3454 praesumere,
1064 3385 1096 3435 et
1115 3379 1149 3437 in
1165 3389 1231 3439 tam

118 3465 257 3538 augusto
274 3467 417 3538 tempore
437 3457 762 3541 Archiepiscoporum
782 3457 906 3516 litteras
930 3479 994 3514 non
1015 3458 1173 3522 valuimus
1188 3462 1231 3522 de

118 3547 286 3600 conventu
299 3541 428 3604 hahere.
470 3541 675 3622 Quapropter
689 3540 817 3599 noverit
834 3548 937 3598 vestra
955 3539 1136 3625 sublimitas
1154 3542 1232 3624 quia

117 3623 307 3682 mandatum
332 3631 472 3684 restrum
493 3635 600 3684 nostra
629 3643 695 3682 non
724 3621 926 3701 contempsit
941 3620 1126 3695 humilitas3
1161 3627 1230 3705 sed,

117 3703 204 3764 sicut
226 3705 324 3787 louge
346 3714 393 3766 est
417 3715 491 3766 ante
520 3727 578 3766 nos
603 3702 738 3783 dictum,
761 3704 818 3786 qui
834 3699 930 3764 'iubet
951 3703 1231 3787 impossibile„fa-

116 3787 162 3846 cit
184 3807 217 3848 se
241 3787 528 3870 contemptibilem.
556 3855 577 3872 y,

141 3894 369 3978 (Quaeruntur
382 3895 471 3979 quod
489 3919 598 3957 eorum
620 3900 749 3959 monitis
772 3909 804 3958 et
821 3896 963 3969 consiliis
978 3897 1125 3959 hacteuus
1144 3919 1210 3964 non
1306 3915 1310 3924 ‘

586 3982 761 4064 paruerit.)
964 3983 966 3988 ’

202 4079 254 4144 ΙΙ.Ι
294 4082 411 4144 Sedet
437 4093 607 4146 tractatum
636 4085 676 4146 de
701 4084 935 4148 restauratione
960 4093 1086 4146 sanctae
1111 4085 1231 4152 Eccle-

117 4163 197 4241 siae,
220 4173 254 4224 ct
279 4175 361 4226 statu
387 4189 423 4230 ac
445 4168 547 4230 salute
568 4167 683 4250 populi
706 4167 906 4245 Christiani,
943 4167 1031 4250 quod
1060 4189 1148 4231 nunc
1172 4194 1231 4236 vos

120 4245 292 4312 uobiscum
312 4245 431 4316 hahere
449 4251 535 4318 velle
554 4250 678 4332 dicitis,
707 4251 822 4315 iustius
845 4262 877 4314 et
897 4249 1122 4316 rationabilius
1145 4253 1230 4319 illud
