2786 4980
178 294 231 370 28
382 314 527 376 acan.
630 312 888 370 caerretanus
991 313 1077 376 sat.-

177 463 326 519 aeteruae
345 454 455 521 mortis
474 462 522 518 est
541 453 720 524 damnatio.
743 466 775 520 et
795 477 861 516 nou
885 454 946 518 nisi
959 476 1019 538 pro
1035 459 1163 520 mortali
1184 457 1298 520 debet

175 538 299 623 irnponi
313 537 468 616 crimine,
490 545 522 600 et
538 535 587 597 illi
608 537 666 620 qui
681 535 862 602 olitor‘uon
879 539 1022 622 potuerit
1038 542 1162 624 corrigi.

175 667 232 746 (Ut
251 668 403 732 Monucbi
416 665 571 750 palatium
585 669 651 727 sine
680 667 832 752 Episcopi
853 671 1039 730 urrctorr‘tate
1066 694 1128 732 non
1144 673 1293 746 adeunt,

253 772 309 812 nec
331 761 500 829 vagentur,
523 771 579 810 nec
603 750 843 812 villicationibus
866 751 985 811 diuu'us
999 754 1196 835 inserviant.)

142 908 145 916 ,
256 853 363 920 LVII,
403 855 448 913 Ut
475 852 625 913 Monachi
650 853 768 934 quibus
796 853 1063 919 monasteriorum
1095 881 1170 921 cura
1191 881 1296 921 com-

173 934 267 998 missa
285 957 349 996 non
372 944 429 1010 est,
444 935 559 1016 passim
574 945 606 996 et
621 935 690 997 siue
704 935 892 998 auctoritate
904 938 1057 1018 palatium
1073 963 1138 1003 uon
1151 943 1296 1022 adeant,

174 1038 235 1079 uec
253 1019 286 1078 iu
304 1039 342 1079 eo
357 1016 578 1095 immorentur,
597 1019 649 1079 vel
670 1018 725 1078 ubi
746 1028 778 1079 et
792 1019 845 1080 ubi
866 1019 1047 1085 discurrere
1061 1046 1097 1085 ao
1113 1028 1296 1106 pervagari

175 1100 322 1182 acephali
338 1108 553 1184 praesumant.
595 1100 660 1161 Sed
677 1101 704 1160 sl
722 1098 802 1162 tales
817 1101 956 1182 quilibet
971 1105 1096 1167 fuerInt
1116 1107 1161 1167 ut
1182 1107 1295 1170 utiles

174 1191 206 1243 et
224 1182 396 1244 necessarii
409 1180 576 1244 Ecclesiae
598 1204 635 1242 ac
655 1181 798 1264 Principi
820 1185 1042 1265 reperiuntur,
1065 1211 1138 1248 cum
1166 1199 1294 1250 aucto-

171 1264 267 1326 ritate
291 1263 444 1347 Episcopi
466 1264 621 1326 canonice
643 1285 679 1326 ac
698 1265 846 1346 religiose
877 1280 1022 1348 pergant.
1063 1271 1121 1331 Sin
1149 1281 1296 1352 autem,

172 1347 206 1408 in
229 1347 430 1408 Monastertis
455 1345 538 1422 suis,
561 1347 645 1408 sicut
661 1349 817 1408 canonica
835 1357 867 1408 et
889 1352 1045 1431 regularis
1067 1353 1161 1415 docet
1186 1355 1294 1415 insti-

171 1429 278 1508 tutio,
297 1429 359 1490 reli
384 1431 450 1490 inse
474 1428 646 1490 resideant.
688 1431 777 1507 Quos
794 1429 889 1490 ctiam
915 1451 974 1494 noc
999 1435 1195 1519 Episcopus,
1217 1458 1293 1498 nec

171 1512 296 1589 Abbas,
328 1449 382 1573 vei
409 1511 548 1594 quilibet
569 1511 650 1573 alius
671 1532 726 1573 eos
747 1513 987 1575 veredariorum
1004 1538 1093 1580 more
1111 1520 1145 1577 iu
1167 1518 1296 1578 missa-s

170 1594 243 1655 ticis
259 1595 416 1656 instanter
432 1594 625 1656 transmittat
637 1618 645 1666 ;
668 1595 745 1676 quia
765 1617 824 1676 per
853 1595 1008 1677 quosdam
1029 1599 1175 1678 illorum,
1199 1621 1294 1662 con·
1378 1625 1379 1644 i

151 1685 220 1740 ,tra
243 1676 431 1738 canonicam
452 1677 692 1753 auctoritatem,
714 1685 747 1738 et
770 1677 983 1740 ecclesiastica
1010 1691 1043 1743 et
1071 1683 1180 1749 civilia
1204 1703 1292 1763 per-

171 1757 344 1821 turbantur
368 1759 505 1842 negotia.
544 1761 612 1820 Nec
633 1759 692 1819 sub
718 1767 890 1840 praetextu
928 1761 1132 1828 obedientiae
1159 1764 1292 1828 diutius

170 1841 425 1903 villicationibus
447 1841 625 1903 inserviant
636 1865 644 1914 ς
667 1841 723 1903 sed
737 1839 929 1924 regulariter
947 1845 1164 1908 obedientiam
1183 1847 1292 1908 vicis-

172 1923 315 1986 situdine
334 1945 390 1985 sua
403 1934 614 2007 peragentes,
637 1944 769 2003 secum,
793 1933 829 1984 ut
847 1923 1013 1988 desancto
1030 1929 1205 1991 Benedicto
1231 1931 1291 1990 le·-
1378 1927 1379 1978 i

172 2005 275 2087 gitur,
306 2006 338 2065 in
363 2006 557 2070 monasterio
585 2007 750 2084 habitent,
780 2015 876 2086 atque
904 2027 937 2068 se
967 2009 1051 2091 ipsos
1078 2012 1290 2107 recollige-nt:
1378 2065 1379 2100 ἓ

170 2090 257 2151 Haec
279 2098 387 2152 autem
409 2088 702 2172 transgredientes,
723 2089 793 2150 sive
812 2089 946 2169 praelati
976 2094 1009 2152 in
1028 2095 1187 2172 favendo,
1209 2117 1288 2156 srve

170 2171 290 2232 subditi
306 2171 339 2230 in
355 2171 543 2249 obtinendo,
556 2171 885 2236 excommunicentur.
1284 2189 1288 2196 ·

172 2277 229 2357 (Ut
248 2281 305 2362 qni
319 2301 418 2342 nonas
433 2291 463 2340 et
477 2265 622 2340 'decimas
636 2280 831 2364 persolvere,
848 2291 903 2340 aut
916 2291 1002 2340 sarta
1015 2292 1095 2342 tectu
1103 2296 1288 2344 restaurare

334 2431 337 2438 ,
432 2361 628 2442 negligunt,
661 2363 991 2440 excommunicentur.)

254 2469 380 2536 LXIII.
420 2469 461 2530 Hi
487 2491 565 2532 vero
585 2469 643 2552 qui
678 2492 719 2532 ex
743 2469 841 2531 rebus
866 2469 1092 2532 ecclesiasticis
1122 2493 1222 2533 nonas
1249 2483 1286 2536 et

172 2552 312 2616 decimas
325 2553 531 2636 persolvere,
554 2561 586 2613 et
604 2561 686 2614 sarta
705 2562 791 2613 tecta
808 2553 973 2634 Ecclesiae
988 2553 1166 2614 secundum
1179 2555 1285 2618 'anti-

171 2636 504 2717 quamauctoritatem
525 2643 557 2696 et
576 2635 847 2696 consuetudinem
870 2645 1049 2696 restaurare
1079 2635 1214 2714 debent,
1249 2648 1286 2700 et
1375 2715 1376 2718 Ἴ

172 2718 234 2781 hoc
250 2741 315 2780 non
332 2720 437 2779 solum
454 2718 651 2800 neglegunt,
672 2736 786 2778 verum
804 2727 836 2776 et
853 2739 912 2799 per
927 2726 1146 2798 eontemptnm
1168 2718 1285 2778 ‹limit-

170 2811 262 2875 tunt‚
286 2813 382 2884 atque
401 2799 545 2862 Clericus
564 2801 647 2860 farne
666 2808 698 2861 et
723 2799 879 2882 penuria,
909 2799 1123 2860 ecclesiastica
1147 2822 1285 2883 qnoque

171 2883 541 2944 aedificiadissolutione
558 2881 719 2942 adnullari
742 2881 948 2962 permittunt,
971 2882 1094 2941 tamdiu
1116 2883 1155 2944 ab
1171 2885 1285 2944 eccle-

170 2965 295 3028 siastica
336 2963 565 3026 communione
613 2973 803 3046 separentur
844 2985 945 3045 usque
986 2965 1065 3024 dum
1112 2966 1285 3048 diligentia

170 3049 343 3108 emendare
381 3048 556 3122 studeant,
586 3046 675 3129 quod
709 3045 855 3107 socordia
894 3047 1119 3126 neglexerunt.
1182 3047 1283 3126 Quod
1375 3077 1376 3082 ¹

170 3128 198 3190 si
218 3129 336 3189 iterum
360 3127 568 3205 iteraverint,
590 3127 1016 3209 postexcommunicatiouis
1030 3129 1284 3190 satisfactionem

169 3209 260 3290 regia
280 3219 436 3290 potestate
452 3210 629 3292 compulsi,
651 3210 738 3270 iuxta
756 3211 860 3293 legale
882 3220 914 3271 et
943 3210 1111 3292 antiquum
1141 3212 1286 3289 dictum,

170 3295 227 3376 qni
243 3293 378 3372 neglegit
393 3313 521 3354 censum
530 3336 543 3365 ,
563 3292 679 3374 perdat
694 3314 813 3372 ugrum.
865 3293 957 3354 Servi
982 3304 1089 3354 autem
1118 3293 1284 3362 Ecclesia7

170 3375 510 3458 rumquibuscuuque
526 3375 737 3457 potestatibus
755 3375 893 3453 subditi,
916 3375 1004 3437 unde
1019 3376 1135 3437 melior
1148 3397 1285 3439 consue·
1374 3393 1375 3400 ¹

170 3459 249 3520 tudo
266 3452 315 3524 tel
341 3457 489 3520 devotior
510 3457 745 3520 commendatio
759 3479 798 3518 ex
818 3465 963 3538 tempore
983 3468 1015 3519 et
1031 3457 1171 3519 iussione
1183 3460 1284 3518 Dom-

170 3542 205 3603 ni
225 3541 446 3618 Hludouvici,
469 3539 523 3600 vel
540 3551 628 3602 certe
645 3540 764 3600 Domni
779 3540 910 3617 Karali,
942 3563 1000 3604 scu
1020 3540 1114 3601 etiam
1130 3539 1284 3624 Pippiui,

169 3645 236 3689 non
261 3623 388 3700 existit,
411 3623 525 3686 saltem
544 3620 661 3704 viginti
682 3621 796 3685 diebus
820 3623 853 3682 iu
874 3643 960 3682 anuo
979 3623 1084 3684 eidem
1113 3622 1279 3684 Ecclesiae
1373 3695 1374 3710 χ

82 3730 86 3738 ’
148 3755 150 3760 .
169 3709 210 3768 ad
229 3706 421 3768 reficiendas
436 3705 536 3787 ipsius
554 3707 664 3765 ruinas
685 3704 804 3788 absque
821 3705 966 3766 molestia
981 3704 1104 3784 servire
1123 3705 1281 3764 sinantur.

168 3790 230 3852 Ubi
262 3797 371 3848 autern
391 3798 424 3850 et
446 3787 584 3869 amplior
615 3789 851 3850 commendatio
879 3795 909 3846 et
936 3788 1051 3848 melior
1076 3785 1282 3849 'consuetudo

170 3873 246 3934 inde
263 3871 416 4019 bebelius,
438 3893 497 3956 pro
520 3869 581 3932 hac
615 3879 722 3932 nostra
752 3868 998 3935 necessitudinis
1022 3868 1283 3932 consideratione

169 3975 233 4018 non
258 3954 330 4016 deci
356 3965 397 4016 at.
990 3953 993 3960 '

172 4060 232 4134 (De
256 4062 294 4120 iis
316 4061 371 4143 qui
389 4057 649 4119 Snnctr'moniulcs
679 4049 815 4141 rapiunt
833 4070 863 4117 et
885 4056 917 4117 in
938 4057 1116 4138 coniugium
1132 4065 1281 4136 sumunt.)

257 4165 394 4233 vatt.
417 4167 503 4244 'Qui
525 4165 781 4227 sanctimoniales
804 4167 945 4248 virgines
967 4167 1019 4226 vel
1050 4150 1163 4228 viduas
1191 4166 1282 4248 rapi-

165 4241 246 4326 unt,
280 4261 312 4310 et
339 4268 508 4334 progr-essu
537 4251 631 4310 etiam
660 4248 803 4311 criminis
826 4251 872 4312 ¹iu
906 4249 1094 4333 coniugium
1126 4257 1278 4326 sumunt,
