2712 4992
196 317 270 398 378
648 343 836 398 sonuum

194 481 258 544 lam
279 489 436 556 vestrum,
457 481 547 544 sitam
570 479 601 541 in
623 503 704 566 pugo
725 482 802 560 illo,
832 483 865 544 in
896 482 1023 544 condita
1050 483 1118 562 illa,
1142 483 1172 546 in
1196 488 1251 549 loco

195 574 402 648 nuncupante
424 564 501 641 illo,
531 585 606 624 cum
625 564 712 624 omni
744 565 858 626 merito
889 568 930 628 ad
959 587 992 628 se
1025 567 1191 650 pertinente
1213 571 1253 632 vel

194 647 391 730 aspiciente,
413 644 651 708 usufructuario
672 646 786 708 ordine
811 645 890 706 milri
910 669 1097 710 conservare
1122 649 1255 713 iuberetis.

194 731 293 810 Quod
315 730 356 789 ita
378 736 410 789 et
429 728 560 790 lecistis.
599 728 646 788 Ea
666 749 742 790 vero
763 728 887 790 ratione
908 738 945 791 ut
965 729 1043 788 mibi
1075 730 1183 792 exinde
1205 755 1253 793 non

194 811 292 874 liceat
311 810 411 871 aliubi
433 831 495 872 nec
516 809 678 885 rendere,
700 831 760 873 uec
782 811 921 888 donare,
943 830 1003 873 nec
1025 811 1058 870 iu
1081 813 1165 873 nullu
1182 815 1254 875 modu

193 892 371 956 distrahere
384 917 393 963 ;
416 893 474 954 sed
493 891 552 952 snb
584 901 692 952 vestro
720 901 906 974 praetexto,
940 902 1097 974 quatenus
1122 895 1254 958 decretum

191 985 332 1039 vestrum
353 973 528 1052 manserit,
556 972 619 1035 boe
651 983 762 1036 tenere
789 982 821 1034 et
847 995 1003 1057 usurpare
1031 976 1149 1037 faciam.
1185 975 1254 1038 Unde

192 1055 315 1119 censivi
337 1077 388 1118 me
409 1055 503 1118 annis
524 1054 659 1136 singulis
679 1054 721 1115 ad
741 1054 946 1118 festivitatem
966 1056 1067 1139 ipsius
1087 1058 1186 1120 Sancti
1203 1082 1255 1142 par·

191 1139 277 1202 tibus
299 1138 413 1200 restris
433 1137 569 1200 reddere
591 1146 759 1218 argentum
775 1145 910 1198 tantum.
931 1137 977 1200 Et
995 1149 1067 1220 post
1087 1163 1184 1201 meum
1200 1163 1258 1224 quo·

192 1241 257 1304 que
278 1221 452 1283 discessum
471 1219 716 1302 suprascriptam
743 1241 811 1282 rem
834 1221 1017 1282 cumomni
1054 1223 1219 1305 integritate
1235 1231 1257 1284 et

190 1303 353 1366 soliditate
373 1325 450 1379 sua,
470 1299 627 1384 quicquid
648 1300 767 1362 ibidem
787 1301 929 1381 aspicere
950 1302 1003 1365 vel
1025 1306 1178 1384 pertinere
1192 1305 1257 1365 vide-

192 1392 271 1463 tur,
293 1407 366 1448 cum
385 1383 472 1446 omni
493 1383 708 1468 supraposito,
728 1385 779 1446 vel
801 1384 958 1466 quicquid
985 1385 1109 1446 ibidem
1136 1387 1257 1447 transitus

191 1487 283 1529 meus
314 1465 545 1550 dereliquerit,
579 1465 698 1547 absque
720 1465 819 1527 ullius
840 1476 1005 1548 expectata
1033 1469 1196 1530 traditione
1219 1469 1257 1527 rel

188 1547 341 1614 iudicum
361 1546 630 1630 consignatione,
651 1557 706 1607 ant
727 1547 883 1609 heredum
909 1569 1055 1609 meorum
1076 1550 1258 1633 repetitione,

189 1651 248 1692 vos
268 1638 463 1712 agentesque
486 1629 583 1710 ipsius
603 1629 766 1692 Fcclesiae
787 1630 821 1688 in
853 1651 964 1690 eorum
984 1632 1109 1693 saciant
1134 1652 1258 1694 revocare

188 1722 379 1798 potestatem
399 1713 452 1773 rel
474 1711 735 1772 dominationem.
773 1711 862 1775 Etsi
893 1712 993 1774 fuerit
1018 1724 1077 1776 aut
1106 1737 1161 1796 ego
1189 1713 1259 1796 ipse,

188 1803 244 1856 unt
264 1795 374 1856 nullus
394 1794 433 1856 de
454 1793 628 1854 heredibus
647 1795 751 1870 meis,
794 1793 847 1856 vel
876 1794 1028 1875 quislibet
1061 1818 1192 1880 persona
1217 1794 1258 1876 qai

190 1875 408 1939 coutra‘lsunc
428 1875 638 1959 precatoriam
656 1876 795 1958 aliquam
815 1877 1007 1937 calumniam
1034 1879 1089 1941 rel
1120 1877 1258 1960 repetitio-

189 1979 264 2020 nem
285 1967 341 2020 aut
370 1965 587 2038 contemptum
611 1979 765 2040 generare
794 1959 1058 2041 praesumpserit,
1088 1961 1167 2021 illud
1192 1957 1258 2040 quod
1322 1987 1323 2012 r

187 2039 307 2122 repetit
327 2062 392 2102 nun
415 2039 576 2117 vindicet,
597 2049 631 2100 et
653 2040 785 2122 insuper
806 2050 916 2101 contra
948 2041 1002 2101 cui
1022 2043 1115 2104 litem
1137 2039 1259 2102 intulerit

188 2123 310 2184 solidos
335 2130 672 2203 contumcomponat,
695 2131 726 2183 et
740 2120 818 2184 haec
831 2123 1023 2204 precatoria,
1046 2125 1187 2207 quamvis
1214 2141 1258 2203 per

188 2203 390 2265 diversorum
413 2225 571 2264 annorum
589 2205 749 2264 curricula
765 2205 845 2266 ianae
861 2205 974 2266 suisset
990 2227 1142 2286 possessa,
1156 2205 1257 2264 nnllam

185 2283 420 2367 praeiudicium
434 2285 524 2345 vobis
543 2306 607 2346 non
623 2295 839 2366 praeparetur,
855 2287 912 2346 sed
929 2286 973 2348 ita
992 2287 1084 2348 firma
1103 2295 1257 2368 permaneat

186 2366 277 2448 quusi
300 2389 360 2449 per
379 2367 641 2448 quinquennium
656 2369 768 2428 fuisset
787 2378 955 2442 renovata,
974 2389 1052 2430 cum
1076 2369 1256 2454 stipulatione

186 2448 323 2512 subnixa
332 2495 342 2529 ,
365 2449 452 2511 omni
467 2456 609 2534 tempore
625 2449 775 2511 inviolata
790 2459 983 2534 permaneat.

606 2582 687 2645 Item
705 2582 858 2644 venditio.

269 2695 359 2758 Vlll.
398 2695 674 2781 Magnificolratri
700 2696 779 2776 illo,
800 2719 860 2780 ego
884 2697 952 2764 ille.
993 2701 1128 2762 Constat
1145 2720 1190 2760 me
1212 2697 1256 2759 tibi
1277 2699 1282 2728 ¹

184 2777 369 2841 vendidisse
388 2788 421 2841 et
436 2779 479 2842 ita
495 2779 627 2842 vendidi
650 2779 733 2840 infra
747 2781 920 2842 terminum
935 2781 1043 2842 Sancti
1058 2783 1165 2858 illius,
1183 2781 1210 2841 in
1224 2782 1257 2840 lo

185 2881 225 2922 eo
247 2873 456 2944 nuncupante
476 2861 556 2939 illo,
578 2879 723 2942 eampum
738 2863 789 2924 rel
805 2863 931 2925 vineam
948 2863 1026 2925 iuris
1050 2865 1133 2942 mei,
1158 2863 1257 2922 haben-

185 2949 252 3004 tem
267 2942 438 3022 aripennos
461 2952 574 3009 tantos.
614 2945 672 3005 Est
691 2944 821 3027 quidem
842 2945 882 3004 dc
911 2965 976 3004 uno
999 2945 1099 3006 latere
1123 2954 1154 3006 et
1173 2947 1257 3006 fronte
1321 3011 1322 3018 ἵ

184 3031 270 3086 terra
292 3023 399 3104 illius,
422 3025 461 3086 de
476 3023 539 3086 alio
561 3027 660 3087 latere
683 3035 716 3086 et
732 3027 838 3086 fronte
861 3036 946 3088 terra
969 3026 1067 3087 illius.
1112 3027 1196 3088 Unde
1217 3048 1257 3086 ac·

186 3126 223 3169 ce
248 3105 258 3164 i
275 3105 292 3166 d
315 3115 345 3168 te
362 3105 511 3189 pretium,
535 3107 568 3168 in
591 3108 677 3188 quod
693 3107 771 3168 mihi
784 3108 867 3169 bene
891 3108 1104 3189 complacuit,
1122 3109 1257 3169 valentem

185 3127 306 3250 rabdos
330 3197 444 3264 tantos,
464 3189 506 3250 itu
522 3197 558 3248 ut
573 3189 611 3248 ab
631 3188 785 3250 hodierna
801 3190 853 3252 die
870 3189 1026 3271 quicquid
1045 3191 1085 3252 de
1104 3189 1257 3272 supradicta

185 3291 221 3332 re
241 3269 347 3330 facere
370 3271 526 3348 volueris,
553 3271 686 3331 liberam
711 3271 829 3333 babeas
858 3281 1065 3352 potestatem,
1095 3275 1180 3335 salvo
1204 3271 1256 3329 iure

186 3348 287 3434 ipsius
309 3352 427 3413 Sancti·
468 3353 509 3414 Et
527 3352 553 3414 si
569 3352 684 3430 fuerit,
705 3363 760 3414 aut
779 3373 838 3436 ego
854 3353 939 3435 ipse,
962 3363 1017 3414 aut
1030 3356 1118 3416 ullus
1137 3356 1172 3416 de
1186 3351 1258 3411 bere·

185 3431 280 3497 dibus
301 3433 397 3510 meis,
418 3427 471 3496 vel
488 3435 641 3516 quislibet
661 3457 793 3517 persona
814 3436 870 3518 qui
887 3445 996 3497 contra
1016 3435 1100 3498 banc
1119 3433 1255 3497 venditio-

185 3536 262 3576 nem
289 3516 431 3598 aliquam
461 3517 654 3577 calumniam
682 3517 733 3579 vel
763 3519 988 3598 repetitionem
1011 3539 1162 3599 generare
1181 3533 1256 3598 prae·

184 3599 363 3679 sumpserit,
384 3607 495 3659 contra
512 3600 565 3660 cui
582 3599 671 3658 litem
690 3599 837 3660 intulerit
852 3599 971 3662 solidus
993 3599 1174 3682 quindecim
1187 3615 1255 3660 cuu-

186 3688 306 3764 pouat,
329 3689 362 3742 et
382 3679 461 3742 baec
477 3681 621 3743 venditio
646 3679 734 3742 firma
749 3693 944 3764 permaneat.
1031 3719 1034 3726 ·

576 3808 724 3870 Vendr'tio
742 3808 782 3869 de
801 3829 900 3872 serve.

267 3921 327 3988 lx.
368 3923 538 4008 Magnifica
562 3925 652 3986 fratri
678 3924 754 4003 illo,
787 3945 846 4007 ego
869 3923 937 3991 illc.
978 3923 1179 3988 Constatura
1209 3917 1254 3980 tibi

185 4005 370 4069 vendidisse
387 4008 474 4069 etita
490 4007 620 4070 vendidi
639 4027 768 4068 servum
780 4005 858 4067 iuris
874 4007 937 4067 mei
952 4007 1080 4068 nomine
1096 4007 1192 4082 illum,
1204 4021 1252 4061 nun

185 4089 379 4172 fugitivum,
400 4089 457 4150 sed
482 4111 593 4152 sanum
610 4108 763 4170 corpore,
783 4087 942 4170 bonisque
961 4089 1102 4150 moribus
1121 4097 1255 4151 construc-

185 4181 263 4232 tum.
306 4170 399 4232 Unde
415 4171 521 4254 accepi
539 4173 557 4232 d
578 4182 609 4246 te
630 4170 786 4251 pretinm,
808 4169 840 4230 in
863 4169 950 4251 qnod
977 4169 1055 4230 mibi
1083 4171 1161 4232 bene
1185 4186 1252 4228 com·

185 4251 329 4336 placuit,
357 4253 517 4316 valentem
542 4252 660 4318 solidos
684 4261 796 4314 tantos.
839 4253 887 4314 lta
913 4261 949 4314 ut
976 4253 1014 4313 ab
1039 4252 1188 4317 hodierna
1212 4246 1251 4308 dit
