2712 4992
184 311 256 380 316
514 329 964 394 umcuunrouuutasun

183 469 238 529 vcl
262 469 431 531 meliorare
453 469 646 550 poterimus,
668 470 709 531 ad
729 474 871 554 praefato
893 469 1085 534 monasterio
1109 469 1147 528 ¹in
1168 470 1267 528 alimo-

183 551 247 612 niis
266 553 317 610 vel
339 551 520 612 substantiis
540 553 771 614 Monacborum
791 553 911 616 ibidem
930 552 1152 625 habitantium,
1173 552 1269 611 Chris-

183 641 216 693 to
244 642 451 714 protegente,
474 634 643 715 proficiat,
674 656 711 695 ea
740 635 864 698 scilicet
889 638 1011 698 ratione
1034 644 1071 694 ut
1099 633 1176 692 dum
1202 635 1270 713 pari-

181 723 233 774 ter
254 715 453 791 advivimus,
476 717 651 778 antedictas
675 717 768 779 villas
791 719 849 780 sub
876 742 934 782 uso
959 714 1120 779 beneficio
1144 723 1271 773 tautum-

180 796 279 857 ruodo
302 798 420 877 absque
442 797 641 878 praeiudicio
661 801 713 859 vel
732 801 945 862 diminutione
967 800 1075 880 aliqua
1101 797 1200 877 ipsius
1218 819 1270 856 mo

181 879 313 938 nasterii
340 879 576 959 possideamus;
607 882 669 942 nisi
689 890 814 944 tautum
835 884 861 945 si
887 884 1028 964 aliquem
1050 902 1092 940 ex
1119 878 1270 938 servienti·

180 960 241 1022 hus
264 961 420 1021 nostrisa
443 962 519 1044 iugo
540 961 781 1048 servitutispro
808 965 969 1026 communi
992 962 1144 1024 mercede
1165 961 1271 1020 relaxa-

180 1065 216 1102 re
238 1043 447 1104 volucrimus.
486 1048 563 1106 Post
590 1045 712 1105 obitum
732 1069 820 1122 vero,
842 1046 1108 1129 quandoquidem
1127 1045 1211 1102 Deus
1227 1064 1270 1101 vo·

178 1125 279 1185 luerit
300 1136 453 1200 nostrum,
476 1127 592 1209 absque
607 1127 705 1188 ullius
723 1129 841 1192 Iudicis
863 1130 914 1190 vel
934 1128 1093 1188 heredum
1105 1134 1270 1184 nostrorum

181 1216 347 1288 expectata
368 1208 552 1286 traditione,
576 1231 648 1268 cum
668 1212 755 1270 omni
779 1233 813 1271 re
842 1211 1045 1285 emeliorata,
1067 1207 1224 1289 quicquid
1242 1206 1267 1263 ia

181 1290 409 1371 suprascriptas
430 1291 523 1352 villas
550 1291 582 1350 in
599 1292 796 1372 quibuslibet
810 1295 906 1352 rebus
926 1293 978 1354 vel
1002 1290 1193 1370 corporibus
1209 1309 1268 1368 aug·

180 1381 355 1430 mentatum
377 1372 428 1434 vel
452 1374 653 1434 melioratum
674 1377 794 1452 fuerit,
816 1376 854 1434 de
869 1374 1032 1455 praesenti
1050 1373 1117 1432 hoc
1136 1393 1205 1453 pars
1222 1392 1266 1427 an-

130 1525 132 1531 ,
180 1453 292 1514 tedicti
320 1455 504 1515 monasterii
520 1455 570 1515 vel
598 1468 788 1518 memoratus
811 1457 914 1518 A'bbas
940 1457 1056 1536 suique
1083 1473 1266 1514 successores

180 1534 214 1592 in
232 1536 293 1594 Dei
310 1537 439 1596 nomine
458 1539 687 1618 perpetualiter
702 1538 859 1619 recipiant
876 1538 1118 1620 possidendum,
1133 1545 1266 1614 tanquam

173 1616 206 1678 'si
227 1617 265 1676 ad
291 1639 439 1698 praesens
459 1620 576 1699 absque
608 1642 667 1680 usu
690 1633 799 1682 nostro
830 1643 939 1680 eorum
961 1620 1075 1678 fuisset
1114 1619 1266 1678 subsecuta

177 1701 345 1780 possessio,
369 1701 413 1760 ita
433 1710 469 1762 nt
485 1703 643 1783 quicquid
664 1704 703 1763 de
718 1704 895 1785 praedictas
908 1702 998 1764 villas
1019 1712 1155 1783 propter
1170 1719 1266 1780 oppor-

180 1782 352 1842 tunitatem
366 1782 465 1864 ipsius
479 1785 663 1844 monasteril
687 1787 793 1846 facere
826 1783 1046 1860 decreverint,
1084 1784 1220 1842 liberum
1239 1779 1265 1836 ia

180 1863 327 1924 omnibus
347 1866 512 1944 potiantur
524 1865 700 1927 arbitrium.
741 1869 946 1928 Praesentem
966 1887 1043 1926 vero
1060 1864 1264 1938 donationem,

179 1966 221 2004 ne
243 1946 417 2026 quicquam
437 1947 506 2007 auri
523 1949 637 2008 talium
660 1947 801 2024 vilitate,
825 1949 918 2030 gestis
940 1947 1192 2028 municipalibus
1210 1945 1266 2002 alli·

179 2027 247 2107 gari
266 2029 469 2105 curavimus,
508 2039 539 2089 ct
567 2031 698 2090 omnino
732 2031 934 2090 decernimus
964 2048 1004 2089 ue
1033 2029 1207 2109 aliquando
1238 2027 1264 2082 ia

179 2111 302 2169 camob
317 2109 378 2170 hoc
395 2132 520 2171 causam
537 2113 706 2192 quisquam
730 2112 1004 2194 valeatreperire.
1048 2111 1147 2188 Quod
1175 2109 1201 2169 si
1214 2108 1263 2166 ali·
1327 2113 1328 2142 ³

178 2211 259 2271 quos
278 2193 509 2252 instrumentis
527 2193 565 2254 de
584 2195 665 2276 ipsas
682 2195 774 2256 villas
790 2194 829 2254 de
852 2215 967 2254 nomen
989 2202 1134 2253 nostrum
1159 2193 1189 2250 in
1217 2190 1263 2249 ad·

178 2273 329 2334 versitate
349 2275 504 2355 praedicti
518 2277 704 2338 monasterii
717 2277 865 2358 quolibet
881 2277 994 2336 ordine
1008 2274 1260 2356 comprehensus,

177 2363 233 2412 aut
248 2357 390 2417 anterius
405 2366 460 2417 aut
472 2359 630 2438 posterius
645 2367 865 2442 praenotatos,
887 2358 975 2439 quod
995 2379 1052 2417 nos
1064 2378 1125 2416 nec
1142 2356 1260 2416 fecimus

177 2457 239 2496 nec
259 2438 364 2500 facere
384 2439 584 2517 rogavimus,
608 2441 625 2500 ai
655 2461 850 2522 quocunque
879 2449 1006 2520 praeter
1032 2439 1146 2514 istum,
1178 2456 1261 2516 quem

175 2517 391 2580 firmissimum
406 2522 550 2580 volumus
566 2543 653 2599 esse,
674 2544 805 2605 quoquo
831 2532 973 2604 tempore
993 2530 1137 2582 ostensus
1159 2519 1258 2591 fuerit,

175 2602 304 2662 nullum
320 2604 472 2664 sortiatur
492 2601 662 2679 effectum,
690 2605 751 2665 nisi
775 2626 894 2665 vacuus
923 2613 955 2663 et
977 2601 1082 2662 inanis
1107 2608 1256 2682 appareat,

174 2693 340 2745 auctorem
356 2706 434 2746 vero
453 2685 595 2746 criminis
608 2686 658 2747 vel
670 2686 834 2747 falsarium
849 2707 909 2748 nec
925 2685 1082 2744 incultum
1096 2691 1175 2744 tunc
1192 2690 1256 2740 tem·
1326 2739 1327 2744 ,

173 2767 262 2847 poris
278 2767 417 2848 patiatur
435 2767 602 2826 iudiciaria
622 2768 707 2828 abire
725 2777 870 2850 potestas.
912 2768 946 2828 Si
970 2767 1042 2847 quis
1065 2787 1159 2838 vero,
1181 2762 1256 2844 quod

173 2850 322 2908 futurum
344 2871 410 2909 esse
433 2870 498 2909 non
519 2849 688 2927 credimus,
709 2847 787 2911 huic
806 2850 965 2910 voluntati
983 2858 1108 2908 nostrae
1126 2844 1257 2927 perqui-

172 2930 316 2991 buslibet
332 2930 614 2992 adinventionibus
634 2933 751 3012 aliquis
781 2932 820 2993 de
848 2929 1020 2994 heredibus
1049 2930 1180 3004 nostris,
1211 2934 1256 2985 aut

172 3013 322 3072 Indicum
339 3033 431 3072 saeva
450 3012 629 3092 cupiditas,
653 3015 704 3076 vel
721 3013 866 3095 qualibet
891 3035 1047 3093 persona,
1074 3010 1183 3074 obvius
1211 3029 1255 3067 re·

171 3094 293 3178 petitor
308 3094 466 3171 extiterit,
490 3095 507 3154 d
527 3105 689 3157 conventu
713 3096 854 3170 omniurn
873 3095 1128 3156 Christianorum
1152 3091 1201 3151 vel
1220 3090 1254 3148 li-

172 3175 303 3236 mitibus
327 3177 546 3237 Ecclesiarum
562 3187 732 3238 extraneus
750 3178 916 3254 habeatur,
945 3185 977 3236 et
994 3176 1090 3236 ludae
1108 3171 1252 3234 traditoris

172 3259 304 3319 Domini
329 3259 429 3320 nostri
448 3260 519 3319 Iesu
543 3259 664 3320 Christi
694 3261 878 3342 perfruatur
903 3253 1116 3333 consortium,
1138 3256 1253 3334 insuper
1325 3325 1326 3328 Ἴ

173 3341 268 3400 etiarn
287 3341 405 3400 inferat
421 3341 565 3422 partibus
591 3342 690 3422 ipsius
714 3342 896 3403 monasterii
919 3342 969 3402 vel
993 3342 1128 3400 fratrum
1149 3337 1250 3396 ibidem
1325 3373 1326 3376 =

173 3424 425 3498 consistentium,
450 3423 568 3482 sociato
586 3445 715 3504 quoquc
728 3432 793 3482 tam
810 3425 843 3483 in
867 3423 988 3484 actibus
1013 3444 1110 3502 quam
1136 3422 1166 3479 iu
1186 3439 1249 3499 pro·

172 3505 338 3567 secutione
354 3505 563 3566 sacratissimo
577 3503 745 3580 fisco,auri·
764 3506 859 3578 libras
879 3517 992 3581 tantas,
1013 3513 1144 3584 argento
1157 3499 1247 3582 pondo

172 3597 277 3665 tanta,
300 3597 332 3648 et
357 3587 456 3648 nesio
477 3608 607 3667 quoque
625 3587 712 3667 quod
729 3587 845 3672 repetit
864 3589 966 3649 valeat
983 3586 1158 3661 vindicare,
1171 3580 1248 3640 nibil·

173 3671 298 3730 ominus
317 3691 426 3752 praese
454 3693 467 3730 s
486 3670 627 3746 donatio,
644 3669 757 3749 quael
780 3692 837 3730 nos
849 3692 907 3750 pro
929 3669 1042 3728 timore
1058 3667 1119 3725 Dei
1138 3677 1168 3726 et
1182 3682 1248 3722 amo·

172 3774 206 3812 re
228 3773 405 3835 pauperum
424 3692 543 3812 dhristi
564 3751 744 3834 conscripta
762 3762 827 3826 est,
850 3752 937 3810 firma
958 3757 991 3809 et
1017 3747 1151 3807 inlibata
1176 3739 1246 3804 omni
1324 3803 1325 3810 χ

169 3847 313 3915 tempore
331 3834 444 3904 debeat
466 3854 665 3918 permanere.
713 3833 925 3918 stipulatione
958 3828 1104 3892 subnixa.
1141 3828 1247 3889 neam
1324 3833 1325 3850 ¹

171 3917 215 3976 ibi
232 3917 290 3979 sub
307 3916 359 3978 die
376 3916 445 3983 illo.

402 4048 507 4112 Cessio
530 4051 549 4111 le
571 4048 623 4110 die
641 4061 805 4134 praesente
827 4047 872 4108 ad
890 4045 1040 4108 Ecclesia.

252 4161 309 4229 lV.
351 4167 437 4224 Dum
454 4164 635 4247 fragilitatis
662 4162 794 4222 humani
824 4161 951 4242 generis
968 4157 1163 4241 pertimescit
1183 4149 1247 4214 ulti-

168 4267 255 4308 num
276 4246 358 4307 vitae
374 4248 526 4331 temporis
543 4248 709 4308 subitanea
726 4242 973 4328 transpositione
991 4252 1144 4320 ventura,
1165 4241 1245 4320 opor·
