<?xml version="1.0" encoding="UTF-8"?>
<!DOCTYPE html PUBLIC "-//W3C//DTD XHTML 1.0 Transitional//EN"
    "http://www.w3.org/TR/xhtml1/DTD/xhtml1-transitional.dtd">
<html xmlns="http://www.w3.org/1999/xhtml" xml:lang="en" lang="en">
 <head>
  <title>
</title>
<meta http-equiv="Content-Type" content="text/html;charset=utf-8" />
  <meta name='ocr-system' content='tesseract 3.04.00' />
  <meta name='ocr-capabilities' content='ocr_page ocr_carea ocr_par ocr_line ocrx_word'/>
</head>
<body>
  <div class='ocr_page' id='page_1' title='image "./corpusiurisgerm01visigoog_0261.png"; bbox 0 0 2746 4992; ppageno 0'>
   <div class='ocr_carea' id='block_1_1' title="bbox 193 325 1052 416">
    <p class='ocr_par' dir='ltr' id='par_1_1' title="bbox 193 325 1052 416">
     <span class='ocr_line' id='line_1_1' title="bbox 193 325 1052 416; baseline 0.009 -8"><span class='ocrx_word' id='word_1_1' title='bbox 193 337 267 410; x_wconf 80' lang='lat'><strong>250</strong></span> <span class='ocrx_word' id='word_1_2' title='bbox 401 357 431 409; x_wconf 80' lang='lat' dir='ltr'><strong>a.</strong></span> <span class='ocrx_word' id='word_1_3' title='bbox 449 325 536 412; x_wconf 79' lang='lat' dir='ltr'><strong>cura.¹</strong></span> <span class='ocrx_word' id='word_1_4' title='bbox 632 355 932 414; x_wconf 74' lang='lat' dir='ltr'><strong>cononarronus·</strong></span> <span class='ocrx_word' id='word_1_5' title='bbox 999 359 1052 416; x_wconf 81' lang='lat' dir='ltr'><strong>ooo</strong></span> 
     </span>
    </p>
   </div>
   <div class='ocr_carea' id='block_1_2' title="bbox 148 490 1338 4364">
    <p class='ocr_par' dir='ltr' id='par_1_2' title="bbox 148 490 1338 3038">
     <span class='ocr_line' id='line_1_2' title="bbox 190 490 1259 584; baseline 0.002 -23"><span class='ocrx_word' id='word_1_6' title='bbox 190 490 370 584; x_wconf 83' lang='lat' dir='ltr'><strong>separabile</strong></span> <span class='ocrx_word' id='word_1_7' title='bbox 390 494 534 560; x_wconf 88' lang='lat' dir='ltr'><strong>mulieris</strong></span> <span class='ocrx_word' id='word_1_8' title='bbox 551 495 743 561; x_wconf 87' lang='lat' dir='ltr'><strong>adiutorium</strong></span> <span class='ocrx_word' id='word_1_9' title='bbox 765 495 953 580; x_wconf 79' lang='lat' dir='ltr'><strong>condidisti,</strong></span> <span class='ocrx_word' id='word_1_10' title='bbox 980 521 1016 562; x_wconf 90' lang='lat' dir='ltr'><strong>ac</strong></span> <span class='ocrx_word' id='word_1_11' title='bbox 1042 499 1176 562; x_wconf 81' lang='lat' dir='ltr'><strong>femineo</strong></span> <span class='ocrx_word' id='word_1_12' title='bbox 1199 520 1259 562; x_wconf 85' lang='lat' dir='ltr'><strong>cor·</strong></span> 
     </span>
     <span class='ocr_line' id='line_1_3' title="bbox 191 579 1259 666; baseline 0 -24"><span class='ocrx_word' id='word_1_13' title='bbox 191 582 264 666; x_wconf 90' lang='lat' dir='ltr'><strong>pori</strong></span> <span class='ocrx_word' id='word_1_14' title='bbox 292 582 332 644; x_wconf 86' lang='lat' dir='ltr'><strong>de</strong></span> <span class='ocrx_word' id='word_1_15' title='bbox 353 580 441 642; x_wconf 84' lang='lat' dir='ltr'><strong>virili</strong></span> <span class='ocrx_word' id='word_1_16' title='bbox 467 579 582 643; x_wconf 87' lang='lat' dir='ltr'><strong>dedisti</strong></span> <span class='ocrx_word' id='word_1_17' title='bbox 605 601 701 642; x_wconf 86' lang='lat' dir='ltr'><strong>carne</strong></span> <span class='ocrx_word' id='word_1_18' title='bbox 723 580 930 662; x_wconf 89' lang='lat' dir='ltr'><strong>principium,</strong></span> <span class='ocrx_word' id='word_1_19' title='bbox 952 582 1071 646; x_wconf 90' lang='lat' dir='ltr'><strong>docens</strong></span> <span class='ocrx_word' id='word_1_20' title='bbox 1092 584 1165 666; x_wconf 88' lang='lat' dir='ltr'><strong>quia</strong></span> <span class='ocrx_word' id='word_1_21' title='bbox 1187 585 1259 664; x_wconf 88' lang='lat' dir='ltr'><strong>quod</strong></span> 
     </span>
     <span class='ocr_line' id='line_1_4' title="bbox 191 661 1261 747; baseline -0.003 -22"><span class='ocrx_word' id='word_1_22' title='bbox 191 685 232 725; x_wconf 84' lang='lat' dir='ltr'><strong>ex</strong></span> <span class='ocrx_word' id='word_1_23' title='bbox 253 685 320 726; x_wconf 92' lang='lat' dir='ltr'><strong>uno</strong></span> <span class='ocrx_word' id='word_1_24' title='bbox 337 663 461 747; x_wconf 80' lang='lat' dir='ltr'><strong>placuit</strong></span> <span class='ocrx_word' id='word_1_25' title='bbox 484 663 544 724; x_wconf 88' lang='lat' dir='ltr'><strong>tibi</strong></span> <span class='ocrx_word' id='word_1_26' title='bbox 565 661 699 738; x_wconf 88' lang='lat' dir='ltr'><strong>institui,</strong></span> <span class='ocrx_word' id='word_1_27' title='bbox 722 683 785 722; x_wconf 89' lang='lat' dir='ltr'><strong>non</strong></span> <span class='ocrx_word' id='word_1_28' title='bbox 808 663 905 724; x_wconf 85' lang='lat' dir='ltr'><strong>liceat</strong></span> <span class='ocrx_word' id='word_1_29' title='bbox 929 664 968 724; x_wconf 87' lang='lat' dir='ltr'><strong>ab</strong></span> <span class='ocrx_word' id='word_1_30' title='bbox 986 665 1118 727; x_wconf 88' lang='lat' dir='ltr'><strong>homine</strong></span> <span class='ocrx_word' id='word_1_31' title='bbox 1134 665 1261 746; x_wconf 86' lang='lat' dir='ltr'><strong>separari,</strong></span> 
     </span>
     <span class='ocr_line' id='line_1_5' title="bbox 188 743 1263 832; baseline -0.004 -24"><span class='ocrx_word' id='word_1_32' title='bbox 188 747 315 832; x_wconf 75' lang='lat' dir='ltr'><strong>respice</strong></span> <span class='ocrx_word' id='word_1_33' title='bbox 336 745 492 829; x_wconf 84' lang='lat' dir='ltr'><strong>propitius</strong></span> <span class='ocrx_word' id='word_1_34' title='bbox 510 767 606 830; x_wconf 89' lang='lat' dir='ltr'><strong>super</strong></span> <span class='ocrx_word' id='word_1_35' title='bbox 618 743 701 804; x_wconf 90' lang='lat' dir='ltr'><strong>hanc</strong></span> <span class='ocrx_word' id='word_1_36' title='bbox 723 745 873 804; x_wconf 87' lang='lat' dir='ltr'><strong>famulam</strong></span> <span class='ocrx_word' id='word_1_37' title='bbox 890 755 978 808; x_wconf 85' lang='lat' dir='ltr'><strong>tuam</strong></span> <span class='ocrx_word' id='word_1_38' title='bbox 992 747 1129 808; x_wconf 82' lang='lat' dir='ltr'><strong>maritali</strong></span> <span class='ocrx_word' id='word_1_39' title='bbox 1141 747 1263 807; x_wconf 87' lang='lat' dir='ltr'><strong>iunctam</strong></span> 
     </span>
     <span class='ocr_line' id='line_1_6' title="bbox 190 825 1262 910; baseline -0.006 -19"><span class='ocrx_word' id='word_1_40' title='bbox 190 829 367 906; x_wconf 86' lang='lat' dir='ltr'><strong>consortio,</strong></span> <span class='ocrx_word' id='word_1_41' title='bbox 387 849 470 910; x_wconf 82' lang='lat' dir='ltr'><strong>quae</strong></span> <span class='ocrx_word' id='word_1_42' title='bbox 494 837 548 888; x_wconf 90' lang='lat' dir='ltr'><strong>tna</strong></span> <span class='ocrx_word' id='word_1_43' title='bbox 573 849 607 890; x_wconf 90' lang='lat' dir='ltr'><strong>se</strong></span> <span class='ocrx_word' id='word_1_44' title='bbox 631 825 754 907; x_wconf 81' lang='lat' dir='ltr'><strong>expetit</strong></span> <span class='ocrx_word' id='word_1_45' title='bbox 778 830 977 910; x_wconf 89' lang='lat' dir='ltr'><strong>protectione</strong></span> <span class='ocrx_word' id='word_1_46' title='bbox 1002 829 1135 891; x_wconf 86' lang='lat' dir='ltr'><strong>muniri.</strong></span> <span class='ocrx_word' id='word_1_47' title='bbox 1172 827 1262 888; x_wconf 85' lang='lat' dir='ltr'><strong>Sitia</strong></span> 
     </span>
     <span class='ocr_line' id='line_1_7' title="bbox 189 907 1273 994; baseline -0.003 -23"><span class='ocrx_word' id='word_1_48' title='bbox 189 915 227 992; x_wconf 72' lang='lat' dir='ltr'><strong>ea</strong></span> <span class='ocrx_word' id='word_1_49' title='bbox 253 911 364 994; x_wconf 89' lang='lat' dir='ltr'><strong>iugum</strong></span> <span class='ocrx_word' id='word_1_50' title='bbox 392 910 575 972; x_wconf 87' lang='lat' dir='ltr'><strong>dilectionis</strong></span> <span class='ocrx_word' id='word_1_51' title='bbox 599 918 633 971; x_wconf 89' lang='lat' dir='ltr'><strong>et</strong></span> <span class='ocrx_word' id='word_1_52' title='bbox 655 909 751 990; x_wconf 81' lang='lat' dir='ltr'><strong>pacis.</strong></span> <span class='ocrx_word' id='word_1_53' title='bbox 811 909 935 972; x_wconf 87' lang='lat' dir='ltr'><strong>Fidelis</strong></span> <span class='ocrx_word' id='word_1_54' title='bbox 961 919 993 974; x_wconf 89' lang='lat' dir='ltr'><strong>et</strong></span> <span class='ocrx_word' id='word_1_55' title='bbox 1021 922 1106 974; x_wconf 89' lang='lat' dir='ltr'><strong>casta</strong></span> <span class='ocrx_word' id='word_1_56' title='bbox 1130 907 1273 970; x_wconf 87' lang='lat' dir='ltr'><strong>nubatin·</strong></span> 
     </span>
     <span class='ocr_line' id='line_1_8' title="bbox 188 991 1265 1076; baseline -0.003 -24"><span class='ocrx_word' id='word_1_57' title='bbox 188 991 328 1072; x_wconf 75' lang='lat' dir='ltr'><strong>Christo,</strong></span> <span class='ocrx_word' id='word_1_58' title='bbox 351 993 568 1074; x_wconf 81' lang='lat' dir='ltr'><strong>imitatrixque</strong></span> <span class='ocrx_word' id='word_1_59' title='bbox 592 1001 769 1054; x_wconf 86' lang='lat' dir='ltr'><strong>sanctarum</strong></span> <span class='ocrx_word' id='word_1_60' title='bbox 789 1003 972 1076; x_wconf 85' lang='lat' dir='ltr'><strong>permaneat</strong></span> <span class='ocrx_word' id='word_1_61' title='bbox 995 995 1193 1056; x_wconf 84' lang='lat' dir='ltr'><strong>seminarum.</strong></span> <span class='ocrx_word' id='word_1_62' title='bbox 1227 992 1265 1050; x_wconf 86' lang='lat' dir='ltr'><strong>Sit</strong></span> 
     </span>
     <span class='ocr_line' id='line_1_9' title="bbox 187 1074 1266 1157; baseline -0.003 -23"><span class='ocrx_word' id='word_1_63' title='bbox 187 1077 332 1136; x_wconf 75' lang='lat' dir='ltr'><strong>amabilis</strong></span> <span class='ocrx_word' id='word_1_64' title='bbox 353 1085 389 1136; x_wconf 88' lang='lat' dir='ltr'><strong>nt</strong></span> <span class='ocrx_word' id='word_1_65' title='bbox 411 1075 530 1136; x_wconf 82' lang='lat' dir='ltr'><strong>Rachel</strong></span> <span class='ocrx_word' id='word_1_66' title='bbox 552 1075 644 1150; x_wconf 82' lang='lat' dir='ltr'><strong>viro,</strong></span> <span class='ocrx_word' id='word_1_67' title='bbox 676 1074 802 1154; x_wconf 88' lang='lat' dir='ltr'><strong>sapiens</strong></span> <span class='ocrx_word' id='word_1_68' title='bbox 825 1083 860 1134; x_wconf 91' lang='lat' dir='ltr'><strong>ut</strong></span> <span class='ocrx_word' id='word_1_69' title='bbox 880 1077 1045 1154; x_wconf 84' lang='lat' dir='ltr'><strong>Rebecca,</strong></span> <span class='ocrx_word' id='word_1_70' title='bbox 1073 1077 1217 1157; x_wconf 76' lang='lat' dir='ltr'><strong>longaeva</strong></span> <span class='ocrx_word' id='word_1_71' title='bbox 1240 1081 1266 1132; x_wconf 86' lang='lat' dir='ltr'><strong>et</strong></span> 
     </span>
     <span class='ocr_line' id='line_1_10' title="bbox 187 1157 1265 1239; baseline -0.005 -21"><span class='ocrx_word' id='word_1_72' title='bbox 187 1157 292 1220; x_wconf 84' lang='lat' dir='ltr'><strong>fidelis</strong></span> <span class='ocrx_word' id='word_1_73' title='bbox 311 1168 348 1220; x_wconf 93' lang='lat' dir='ltr'><strong>nt</strong></span> <span class='ocrx_word' id='word_1_74' title='bbox 366 1160 469 1220; x_wconf 87' lang='lat' dir='ltr'><strong>Sarra.</strong></span> <span class='ocrx_word' id='word_1_75' title='bbox 509 1158 598 1220; x_wconf 84' lang='lat' dir='ltr'><strong>Nihil</strong></span> <span class='ocrx_word' id='word_1_76' title='bbox 622 1157 654 1215; x_wconf 91' lang='lat' dir='ltr'><strong>in</strong></span> <span class='ocrx_word' id='word_1_77' title='bbox 681 1178 715 1216; x_wconf 91' lang='lat' dir='ltr'><strong>ea</strong></span> <span class='ocrx_word' id='word_1_78' title='bbox 732 1176 773 1216; x_wconf 84' lang='lat' dir='ltr'><strong>ex</strong></span> <span class='ocrx_word' id='word_1_79' title='bbox 795 1157 916 1221; x_wconf 87' lang='lat' dir='ltr'><strong>actibus</strong></span> <span class='ocrx_word' id='word_1_80' title='bbox 937 1161 1004 1222; x_wconf 90' lang='lat' dir='ltr'><strong>suis</strong></span> <span class='ocrx_word' id='word_1_81' title='bbox 1024 1169 1136 1219; x_wconf 83' lang='lat' dir='ltr'><strong>auctor</strong></span> <span class='ocrx_word' id='word_1_82' title='bbox 1155 1176 1265 1239; x_wconf 82' lang='lat' dir='ltr'><strong>praeva-</strong></span> 
     </span>
     <span class='ocr_line' id='line_1_11' title="bbox 185 1236 1266 1323; baseline -0.006 -21"><span class='ocrx_word' id='word_1_83' title='bbox 185 1240 350 1320; x_wconf 76' lang='lat' dir='ltr'><strong>ricationis</strong></span> <span class='ocrx_word' id='word_1_84' title='bbox 364 1250 505 1323; x_wconf 84' lang='lat' dir='ltr'><strong>usurpet.</strong></span> <span class='ocrx_word' id='word_1_85' title='bbox 546 1243 633 1302; x_wconf 74' lang='lat' dir='ltr'><strong>llexa</strong></span> <span class='ocrx_word' id='word_1_86' title='bbox 655 1237 729 1298; x_wconf 88' lang='lat' dir='ltr'><strong>fidei</strong></span> <span class='ocrx_word' id='word_1_87' title='bbox 752 1239 906 1302; x_wconf 87' lang='lat' dir='ltr'><strong>mandatis</strong></span> <span class='ocrx_word' id='word_1_88' title='bbox 922 1250 1121 1323; x_wconf 84' lang='lat' dir='ltr'><strong>permaneat,</strong></span> <span class='ocrx_word' id='word_1_89' title='bbox 1141 1239 1194 1299; x_wconf 90' lang='lat' dir='ltr'><strong>nni</strong></span> <span class='ocrx_word' id='word_1_90' title='bbox 1212 1236 1266 1296; x_wconf 83' lang='lat' dir='ltr'><strong>tho</strong></span> 
     </span>
     <span class='ocr_line' id='line_1_12' title="bbox 184 1321 1267 1403; baseline -0.006 -19"><span class='ocrx_word' id='word_1_91' title='bbox 184 1343 223 1384; x_wconf 85' lang='lat' dir='ltr'><strong>ro</strong></span> <span class='ocrx_word' id='word_1_92' title='bbox 247 1323 356 1384; x_wconf 89' lang='lat' dir='ltr'><strong>iuncta</strong></span> <span class='ocrx_word' id='word_1_93' title='bbox 375 1332 538 1385; x_wconf 84' lang='lat' dir='ltr'><strong>contactus</strong></span> <span class='ocrx_word' id='word_1_94' title='bbox 554 1321 694 1382; x_wconf 87' lang='lat' dir='ltr'><strong>inlicitos</strong></span> <span class='ocrx_word' id='word_1_95' title='bbox 714 1322 824 1403; x_wconf 85' lang='lat' dir='ltr'><strong>fugiat.</strong></span> <span class='ocrx_word' id='word_1_96' title='bbox 865 1324 991 1386; x_wconf 89' lang='lat' dir='ltr'><strong>Muniat</strong></span> <span class='ocrx_word' id='word_1_97' title='bbox 1003 1324 1215 1385; x_wconf 88' lang='lat' dir='ltr'><strong>infirmitatem</strong></span> <span class='ocrx_word' id='word_1_98' title='bbox 1228 1340 1267 1379; x_wconf 91' lang='lat' dir='ltr'><strong>sn·</strong></span> 
     </span>
     <span class='ocr_line' id='line_1_13' title="bbox 185 1403 1266 1488; baseline -0.006 -24"><span class='ocrx_word' id='word_1_99' title='bbox 185 1409 237 1465; x_wconf 82' lang='lat' dir='ltr'><strong>a&#39;m</strong></span> <span class='ocrx_word' id='word_1_100' title='bbox 263 1407 379 1468; x_wconf 90' lang='lat' dir='ltr'><strong>robore</strong></span> <span class='ocrx_word' id='word_1_101' title='bbox 401 1406 599 1488; x_wconf 88' lang='lat' dir='ltr'><strong>disciplinae.</strong></span> <span class='ocrx_word' id='word_1_102' title='bbox 641 1403 688 1464; x_wconf 84' lang='lat' dir='ltr'><strong>sit</strong></span> <span class='ocrx_word' id='word_1_103' title='bbox 716 1405 912 1466; x_wconf 83' lang='lat' dir='ltr'><strong>verecundia</strong></span> <span class='ocrx_word' id='word_1_104' title='bbox 937 1406 1057 1486; x_wconf 84' lang='lat' dir='ltr'><strong>gravis,</strong></span> <span class='ocrx_word' id='word_1_105' title='bbox 1078 1405 1197 1488; x_wconf 90' lang='lat' dir='ltr'><strong>pudore</strong></span> <span class='ocrx_word' id='word_1_106' title='bbox 1221 1420 1266 1458; x_wconf 80' lang='lat' dir='ltr'><strong>ve-</strong></span> 
     </span>
     <span class='ocr_line' id='line_1_14' title="bbox 185 1480 1266 1568; baseline -0.011 -18"><span class='ocrx_word' id='word_1_107' title='bbox 185 1489 351 1568; x_wconf 76' lang='lat' dir='ltr'><strong>nerabilis,</strong></span> <span class='ocrx_word' id='word_1_108' title='bbox 375 1488 528 1550; x_wconf 86' lang='lat' dir='ltr'><strong>doctrinis</strong></span> <span class='ocrx_word' id='word_1_109' title='bbox 548 1485 738 1549; x_wconf 90' lang='lat' dir='ltr'><strong>coelestibus</strong></span> <span class='ocrx_word' id='word_1_110' title='bbox 758 1487 890 1548; x_wconf 85' lang='lat' dir='ltr'><strong>erudita.</strong></span> <span class='ocrx_word' id='word_1_111' title='bbox 931 1490 981 1550; x_wconf 91' lang='lat' dir='ltr'><strong>Sit</strong></span> <span class='ocrx_word' id='word_1_112' title='bbox 997 1487 1161 1550; x_wconf 86' lang='lat' dir='ltr'><strong>foecunda</strong></span> <span class='ocrx_word' id='word_1_113' title='bbox 1176 1483 1205 1543; x_wconf 91' lang='lat' dir='ltr'><strong>in</strong></span> <span class='ocrx_word' id='word_1_114' title='bbox 1221 1480 1266 1543; x_wconf 88' lang='lat' dir='ltr'><strong>tibi</strong></span> 
     </span>
     <span class='ocr_line' id='line_1_15' title="bbox 184 1564 1266 1654; baseline -0.01 -23"><span class='ocrx_word' id='word_1_115' title='bbox 184 1569 301 1654; x_wconf 87' lang='lat' dir='ltr'><strong>placita</strong></span> <span class='ocrx_word' id='word_1_116' title='bbox 323 1571 444 1648; x_wconf 88' lang='lat' dir='ltr'><strong>sobole,</strong></span> <span class='ocrx_word' id='word_1_117' title='bbox 466 1571 507 1632; x_wconf 90' lang='lat' dir='ltr'><strong>sit</strong></span> <span class='ocrx_word' id='word_1_118' title='bbox 528 1569 659 1652; x_wconf 84' lang='lat' dir='ltr'><strong>probata</strong></span> <span class='ocrx_word' id='word_1_119' title='bbox 682 1577 714 1630; x_wconf 88' lang='lat' dir='ltr'><strong>et</strong></span> <span class='ocrx_word' id='word_1_120' title='bbox 735 1568 900 1632; x_wconf 87' lang='lat' dir='ltr'><strong>innocens.</strong></span> <span class='ocrx_word' id='word_1_121' title='bbox 938 1571 1105 1653; x_wconf 89' lang='lat' dir='ltr'><strong>Percipiat</strong></span> <span class='ocrx_word' id='word_1_122' title='bbox 1126 1564 1266 1650; x_wconf 89' lang='lat' dir='ltr'><strong>perhanc</strong></span> 
     </span>
     <span class='ocr_line' id='line_1_16' title="bbox 185 1650 1267 1730; baseline -0.008 -17"><span class='ocrx_word' id='word_1_123' title='bbox 185 1675 305 1714; x_wconf 87' lang='lat' dir='ltr'><strong>sacram</strong></span> <span class='ocrx_word' id='word_1_124' title='bbox 319 1654 569 1730; x_wconf 83' lang='lat' dir='ltr'><strong>misericordiae,</strong></span> <span class='ocrx_word' id='word_1_125' title='bbox 592 1661 625 1713; x_wconf 90' lang='lat' dir='ltr'><strong>et</strong></span> <span class='ocrx_word' id='word_1_126' title='bbox 640 1650 797 1728; x_wconf 88' lang='lat' dir='ltr'><strong>laetitiae,</strong></span> <span class='ocrx_word' id='word_1_127' title='bbox 824 1660 856 1712; x_wconf 90' lang='lat' dir='ltr'><strong>et</strong></span> <span class='ocrx_word' id='word_1_128' title='bbox 878 1653 1088 1714; x_wconf 86' lang='lat' dir='ltr'><strong>exultationis</strong></span> <span class='ocrx_word' id='word_1_129' title='bbox 1114 1651 1177 1711; x_wconf 93' lang='lat' dir='ltr'><strong>olei</strong></span> <span class='ocrx_word' id='word_1_130' title='bbox 1202 1667 1267 1706; x_wconf 85' lang='lat' dir='ltr'><strong>unc-</strong></span> 
     </span>
     <span class='ocr_line' id='line_1_17' title="bbox 184 1723 1268 1816; baseline -0.01 -21"><span class='ocrx_word' id='word_1_131' title='bbox 184 1723 308 1814; x_wconf 80' lang='lat' dir='ltr'><strong>tionem</strong></span> <span class='ocrx_word' id='word_1_132' title='bbox 328 1735 495 1798; x_wconf 87' lang='lat' dir='ltr'><strong>sanitatem</strong></span> <span class='ocrx_word' id='word_1_133' title='bbox 520 1733 653 1809; x_wconf 88' lang='lat' dir='ltr'><strong>mentis,</strong></span> <span class='ocrx_word' id='word_1_134' title='bbox 683 1732 933 1795; x_wconf 88' lang='lat' dir='ltr'><strong>incolumitatem</strong></span> <span class='ocrx_word' id='word_1_135' title='bbox 961 1735 1127 1816; x_wconf 86' lang='lat' dir='ltr'><strong>corporis,</strong></span> <span class='ocrx_word' id='word_1_136' title='bbox 1156 1729 1268 1793; x_wconf 88' lang='lat' dir='ltr'><strong>tutelam</strong></span> 
     </span>
     <span class='ocr_line' id='line_1_18' title="bbox 184 1809 1268 1900; baseline -0.009 -22"><span class='ocrx_word' id='word_1_137' title='bbox 184 1817 314 1894; x_wconf 84' lang='lat' dir='ltr'><strong>salutis,</strong></span> <span class='ocrx_word' id='word_1_138' title='bbox 340 1818 540 1880; x_wconf 87' lang='lat' dir='ltr'><strong>securitatem</strong></span> <span class='ocrx_word' id='word_1_139' title='bbox 568 1816 658 1900; x_wconf 88' lang='lat' dir='ltr'><strong>spei,</strong></span> <span class='ocrx_word' id='word_1_140' title='bbox 681 1816 972 1878; x_wconf 84' lang='lat' dir='ltr'><strong>corroborationem</strong></span> <span class='ocrx_word' id='word_1_141' title='bbox 997 1819 1095 1894; x_wconf 85' lang='lat' dir='ltr'><strong>fidei,</strong></span> <span class='ocrx_word' id='word_1_142' title='bbox 1116 1809 1268 1896; x_wconf 88' lang='lat' dir='ltr'><strong>plenitudi-</strong></span> 
     </span>
     <span class='ocr_line' id='line_1_19' title="bbox 179 1898 1268 1977; baseline -0.006 -19"><span class='ocrx_word' id='word_1_143' title='bbox 179 1919 260 1960; x_wconf 84' lang='lat' dir='ltr'><strong>nem</strong></span> <span class='ocrx_word' id='word_1_144' title='bbox 283 1899 432 1967; x_wconf 79' lang='lat' dir='ltr'><strong>caritatis.</strong></span> <span class='ocrx_word' id='word_1_145' title='bbox 474 1902 600 1960; x_wconf 88' lang='lat' dir='ltr'><strong>Corona</strong></span> <span class='ocrx_word' id='word_1_146' title='bbox 626 1920 712 1977; x_wconf 85' lang='lat' dir='ltr'><strong>earn,</strong></span> <span class='ocrx_word' id='word_1_147' title='bbox 732 1899 888 1975; x_wconf 90' lang='lat' dir='ltr'><strong>Domine,</strong></span> <span class='ocrx_word' id='word_1_148' title='bbox 911 1922 1028 1965; x_wconf 90' lang='lat' dir='ltr'><strong>corona</strong></span> <span class='ocrx_word' id='word_1_149' title='bbox 1050 1898 1268 1972; x_wconf 86' lang='lat' dir='ltr'><strong>iustitiae,·co·</strong></span> 
     </span>
     <span class='ocr_line' id='line_1_20' title="bbox 184 1979 1269 2064; baseline -0.007 -22"><span class='ocrx_word' id='word_1_150' title='bbox 184 2003 263 2064; x_wconf 74' lang='lat' dir='ltr'><strong>rona</strong></span> <span class='ocrx_word' id='word_1_151' title='bbox 286 2003 356 2044; x_wconf 83' lang='lat' dir='ltr'><strong>earn</strong></span> <span class='ocrx_word' id='word_1_152' title='bbox 379 1983 535 2044; x_wconf 85' lang='lat' dir='ltr'><strong>fructibus</strong></span> <span class='ocrx_word' id='word_1_153' title='bbox 559 1981 675 2043; x_wconf 89' lang='lat' dir='ltr'><strong>sanctis</strong></span> <span class='ocrx_word' id='word_1_154' title='bbox 699 1993 731 2042; x_wconf 93' lang='lat' dir='ltr'><strong>et</strong></span> <span class='ocrx_word' id='word_1_155' title='bbox 754 1981 903 2062; x_wconf 89' lang='lat' dir='ltr'><strong>operibns</strong></span> <span class='ocrx_word' id='word_1_156' title='bbox 922 1983 1116 2045; x_wconf 90' lang='lat' dir='ltr'><strong>benedictis.</strong></span> <span class='ocrx_word' id='word_1_157' title='bbox 1155 1979 1269 2040; x_wconf 83' lang='lat' dir='ltr'><strong>Sitme·</strong></span> 
     </span>
     <span class='ocr_line' id='line_1_21' title="bbox 184 2062 1269 2147; baseline -0.01 -21"><span class='ocrx_word' id='word_1_158' title='bbox 184 2063 255 2126; x_wconf 85' lang='lat' dir='ltr'><strong>ritis</strong></span> <span class='ocrx_word' id='word_1_159' title='bbox 277 2073 309 2126; x_wconf 86' lang='lat' dir='ltr'><strong>et</strong></span> <span class='ocrx_word' id='word_1_160' title='bbox 333 2066 464 2127; x_wconf 91' lang='lat' dir='ltr'><strong>nomine</strong></span> <span class='ocrx_word' id='word_1_161' title='bbox 486 2075 582 2147; x_wconf 87' lang='lat' dir='ltr'><strong>atque</strong></span> <span class='ocrx_word' id='word_1_162' title='bbox 603 2065 722 2125; x_wconf 78' lang='lat' dir='ltr'><strong>virtute</strong></span> <span class='ocrx_word' id='word_1_163' title='bbox 741 2064 884 2146; x_wconf 82' lang='lat' dir='ltr'><strong>Regina,</strong></span> <span class='ocrx_word' id='word_1_164' title='bbox 912 2066 1068 2126; x_wconf 85' lang='lat' dir='ltr'><strong>adsistens</strong></span> <span class='ocrx_word' id='word_1_165' title='bbox 1082 2065 1125 2124; x_wconf 75' lang='lat' dir='ltr'><strong>vin</strong></span> <span class='ocrx_word' id='word_1_166' title='bbox 1147 2062 1205 2121; x_wconf 91' lang='lat' dir='ltr'><strong>hoc</strong></span> <span class='ocrx_word' id='word_1_167' title='bbox 1227 2076 1269 2117; x_wconf 90' lang='lat' dir='ltr'><strong>se·</strong></span> 
     </span>
     <span class='ocr_line' id='line_1_22' title="bbox 184 2145 1269 2229; baseline -0.007 -23"><span class='ocrx_word' id='word_1_168' title='bbox 184 2147 260 2208; x_wconf 90' lang='lat' dir='ltr'><strong>culo</strong></span> <span class='ocrx_word' id='word_1_169' title='bbox 284 2147 451 2210; x_wconf 85' lang='lat' dir='ltr'><strong>liderecta</strong></span> <span class='ocrx_word' id='word_1_170' title='bbox 475 2157 507 2209; x_wconf 88' lang='lat' dir='ltr'><strong>et</strong></span> <span class='ocrx_word' id='word_1_171' title='bbox 531 2147 680 2229; x_wconf 90' lang='lat' dir='ltr'><strong>operibus</strong></span> <span class='ocrx_word' id='word_1_172' title='bbox 701 2145 811 2222; x_wconf 90' lang='lat' dir='ltr'><strong>bonis,</strong></span> <span class='ocrx_word' id='word_1_173' title='bbox 842 2155 875 2206; x_wconf 91' lang='lat' dir='ltr'><strong>et</strong></span> <span class='ocrx_word' id='word_1_174' title='bbox 896 2146 930 2206; x_wconf 91' lang='lat' dir='ltr'><strong>in</strong></span> <span class='ocrx_word' id='word_1_175' title='bbox 961 2150 1075 2208; x_wconf 83' lang='lat' dir='ltr'><strong>futuro</strong></span> <span class='ocrx_word' id='word_1_176' title='bbox 1106 2146 1221 2204; x_wconf 91' lang='lat' dir='ltr'><strong>honore</strong></span> <span class='ocrx_word' id='word_1_177' title='bbox 1244 2145 1269 2197; x_wconf 86' lang='lat' dir='ltr'><strong>et</strong></span> 
     </span>
     <span class='ocr_line' id='line_1_23' title="bbox 184 2227 1268 2309; baseline -0.006 -21"><span class='ocrx_word' id='word_1_178' title='bbox 184 2229 287 2309; x_wconf 82' lang='lat' dir='ltr'><strong>gloria</strong></span> <span class='ocrx_word' id='word_1_179' title='bbox 314 2240 466 2291; x_wconf 88' lang='lat' dir='ltr'><strong>coronata</strong></span> <span class='ocrx_word' id='word_1_180' title='bbox 490 2252 508 2290; x_wconf 89' lang='lat' dir='ltr'><strong>a</strong></span> <span class='ocrx_word' id='word_1_181' title='bbox 536 2229 655 2290; x_wconf 85' lang='lat' dir='ltr'><strong>dextris</strong></span> <span class='ocrx_word' id='word_1_182' title='bbox 676 2228 787 2309; x_wconf 85' lang='lat' dir='ltr'><strong>Regis,</strong></span> <span class='ocrx_word' id='word_1_183' title='bbox 820 2227 854 2287; x_wconf 92' lang='lat' dir='ltr'><strong>in</strong></span> <span class='ocrx_word' id='word_1_184' title='bbox 880 2229 999 2290; x_wconf 82' lang='lat' dir='ltr'><strong>vestitu</strong></span> <span class='ocrx_word' id='word_1_185' title='bbox 1022 2230 1183 2290; x_wconf 89' lang='lat' dir='ltr'><strong>bonorum</strong></span> <span class='ocrx_word' id='word_1_186' title='bbox 1205 2239 1268 2302; x_wconf 84' lang='lat' dir='ltr'><strong>ope·</strong></span> 
     </span>
     <span class='ocr_line' id='line_1_24' title="bbox 181 2303 1269 2390; baseline -0.013 -18"><span class='ocrx_word' id='word_1_187' title='bbox 181 2319 265 2390; x_wconf 85' lang='lat' dir='ltr'><strong>rum,</strong></span> <span class='ocrx_word' id='word_1_188' title='bbox 287 2311 482 2375; x_wconf 87' lang='lat' dir='ltr'><strong>circumdata</strong></span> <span class='ocrx_word' id='word_1_189' title='bbox 505 2312 661 2374; x_wconf 82' lang='lat' dir='ltr'><strong>virtutum</strong></span> <span class='ocrx_word' id='word_1_190' title='bbox 678 2311 841 2371; x_wconf 82' lang='lat' dir='ltr'><strong>varietate.</strong></span> <span class='ocrx_word' id='word_1_191' title='bbox 882 2311 946 2372; x_wconf 88' lang='lat' dir='ltr'><strong>Fac</strong></span> <span class='ocrx_word' id='word_1_192' title='bbox 971 2313 1061 2373; x_wconf 90' lang='lat' dir='ltr'><strong>illam</strong></span> <span class='ocrx_word' id='word_1_193' title='bbox 1083 2311 1177 2372; x_wconf 88' lang='lat' dir='ltr'><strong>talem</strong></span> <span class='ocrx_word' id='word_1_194' title='bbox 1196 2303 1269 2366; x_wconf 89' lang='lat' dir='ltr'><strong>sobo·</strong></span> 
     </span>
     <span class='ocr_line' id='line_1_25' title="bbox 181 2390 1267 2478; baseline -0.011 -24"><span class='ocrx_word' id='word_1_195' title='bbox 181 2393 247 2454; x_wconf 90' lang='lat' dir='ltr'><strong>lem</strong></span> <span class='ocrx_word' id='word_1_196' title='bbox 274 2415 427 2476; x_wconf 87' lang='lat' dir='ltr'><strong>generare</strong></span> <span class='ocrx_word' id='word_1_197' title='bbox 456 2416 539 2478; x_wconf 88' lang='lat' dir='ltr'><strong>quae</strong></span> <span class='ocrx_word' id='word_1_198' title='bbox 569 2394 608 2454; x_wconf 87' lang='lat' dir='ltr'><strong>ad</strong></span> <span class='ocrx_word' id='word_1_199' title='bbox 627 2391 771 2475; x_wconf 89' lang='lat' dir='ltr'><strong>&#39;paradisi</strong></span> <span class='ocrx_word' id='word_1_200' title='bbox 801 2391 848 2452; x_wconf 89' lang='lat' dir='ltr'><strong>tui</strong></span> <span class='ocrx_word' id='word_1_201' title='bbox 874 2393 1034 2475; x_wconf 87' lang='lat' dir='ltr'><strong>pertineat</strong></span> <span class='ocrx_word' id='word_1_202' title='bbox 1064 2390 1267 2453; x_wconf 86' lang='lat' dir='ltr'><strong>hereditatem.</strong></span> 
     </span>
     <span class='ocr_line' id='line_1_26' title="bbox 180 2467 1267 2553; baseline -0.016 -13"><span class='ocrx_word' id='word_1_203' title='bbox 180 2475 323 2553; x_wconf 77' lang='lat' dir='ltr'><strong>Praesta,</strong></span> <span class='ocrx_word' id='word_1_204' title='bbox 345 2478 495 2552; x_wconf 87' lang='lat' dir='ltr'><strong>Domine,</strong></span> <span class='ocrx_word' id='word_1_205' title='bbox 517 2476 594 2537; x_wconf 89' lang='lat' dir='ltr'><strong>huic</strong></span> <span class='ocrx_word' id='word_1_206' title='bbox 616 2475 753 2536; x_wconf 83' lang='lat' dir='ltr'><strong>famulae</strong></span> <span class='ocrx_word' id='word_1_207' title='bbox 779 2484 852 2536; x_wconf 85' lang='lat' dir='ltr'><strong>tuae</strong></span> <span class='ocrx_word' id='word_1_208' title='bbox 877 2485 1001 2535; x_wconf 87' lang='lat' dir='ltr'><strong>tantum</strong></span> <span class='ocrx_word' id='word_1_209' title='bbox 1030 2473 1170 2536; x_wconf 89' lang='lat' dir='ltr'><strong>caritatis</strong></span> <span class='ocrx_word' id='word_1_210' title='bbox 1193 2467 1267 2528; x_wconf 87' lang='lat' dir='ltr'><strong>allec·</strong></span> 
     </span>
     <span class='ocr_line' id='line_1_27' title="bbox 181 2558 1267 2642; baseline -0.012 -23"><span class='ocrx_word' id='word_1_211' title='bbox 181 2567 252 2642; x_wconf 84' lang='lat' dir='ltr'><strong>tum</strong></span> <span class='ocrx_word' id='word_1_212' title='bbox 278 2567 311 2620; x_wconf 91' lang='lat' dir='ltr'><strong>et</strong></span> <span class='ocrx_word' id='word_1_213' title='bbox 338 2559 577 2622; x_wconf 88' lang='lat' dir='ltr'><strong>misericordiae</strong></span> <span class='ocrx_word' id='word_1_214' title='bbox 602 2559 743 2618; x_wconf 85' lang='lat' dir='ltr'><strong>studium</strong></span> <span class='ocrx_word' id='word_1_215' title='bbox 766 2567 859 2638; x_wconf 86' lang='lat' dir='ltr'><strong>atque</strong></span> <span class='ocrx_word' id='word_1_216' title='bbox 888 2558 1056 2639; x_wconf 80' lang='lat' dir='ltr'><strong>religionis</strong></span> <span class='ocrx_word' id='word_1_217' title='bbox 1081 2560 1267 2636; x_wconf 86' lang='lat' dir='ltr'><strong>angmentum</strong></span> 
     </span>
     <span class='ocr_line' id='line_1_28' title="bbox 148 2629 1338 2725; baseline -0.016 -20"><span class='ocrx_word' id='word_1_218' title='bbox 148 2684 151 2691; x_wconf 94' lang='lat'>-</span> <span class='ocrx_word' id='word_1_219' title='bbox 182 2651 219 2712; x_wconf 85' lang='lat' dir='ltr'><strong>ut</strong></span> <span class='ocrx_word' id='word_1_220' title='bbox 241 2652 331 2704; x_wconf 87' lang='lat' dir='ltr'><strong>tunm</strong></span> <span class='ocrx_word' id='word_1_221' title='bbox 352 2643 470 2725; x_wconf 86' lang='lat' dir='ltr'><strong>ingiter</strong></span> <span class='ocrx_word' id='word_1_222' title='bbox 491 2640 888 2724; x_wconf 81' lang='lat' dir='ltr'><strong>promereatnranxilium.</strong></span> <span class='ocrx_word' id='word_1_223' title='bbox 931 2641 1049 2700; x_wconf 89' lang='lat' dir='ltr'><strong>Callidi</strong></span> <span class='ocrx_word' id='word_1_224' title='bbox 1072 2633 1221 2716; x_wconf 83' lang='lat' dir='ltr'><strong>serpentis</strong></span> <span class='ocrx_word' id='word_1_225' title='bbox 1237 2629 1267 2687; x_wconf 88' lang='lat' dir='ltr'><strong>ab</strong></span> <span class='ocrx_word' id='word_1_226' title='bbox 1337 2637 1338 2666; x_wconf 71' lang='lat'>³</span> 
     </span>
     <span class='ocr_line' id='line_1_29' title="bbox 181 2717 1267 2808; baseline -0.015 -22"><span class='ocrx_word' id='word_1_227' title='bbox 181 2747 217 2804; x_wconf 80' lang='lat' dir='ltr'><strong>ea</strong></span> <span class='ocrx_word' id='word_1_228' title='bbox 238 2747 362 2787; x_wconf 81' lang='lat' dir='ltr'><strong>venena</strong></span> <span class='ocrx_word' id='word_1_229' title='bbox 386 2725 520 2808; x_wconf 90' lang='lat' dir='ltr'><strong>repelle,</strong></span> <span class='ocrx_word' id='word_1_230' title='bbox 546 2732 577 2783; x_wconf 90' lang='lat' dir='ltr'><strong>et</strong></span> <span class='ocrx_word' id='word_1_231' title='bbox 599 2721 699 2783; x_wconf 89' lang='lat' dir='ltr'><strong>lorica</strong></span> <span class='ocrx_word' id='word_1_232' title='bbox 720 2721 795 2781; x_wconf 85' lang='lat' dir='ltr'><strong>fidei</strong></span> <span class='ocrx_word' id='word_1_233' title='bbox 816 2721 959 2782; x_wconf 89' lang='lat' dir='ltr'><strong>indutam</strong></span> <span class='ocrx_word' id='word_1_234' title='bbox 982 2732 1072 2783; x_wconf 89' lang='lat' dir='ltr'><strong>scuto</strong></span> <span class='ocrx_word' id='word_1_235' title='bbox 1090 2717 1197 2781; x_wconf 88' lang='lat' dir='ltr'><strong>salutis</strong></span> <span class='ocrx_word' id='word_1_236' title='bbox 1212 2733 1267 2774; x_wconf 88' lang='lat' dir='ltr'><strong>eam</strong></span> 
     </span>
     <span class='ocr_line' id='line_1_30' title="bbox 181 2804 1266 2890; baseline -0.01 -20"><span class='ocrx_word' id='word_1_237' title='bbox 181 2808 332 2890; x_wconf 79' lang='lat' dir='ltr'><strong>defende,</strong></span> <span class='ocrx_word' id='word_1_238' title='bbox 355 2817 445 2869; x_wconf 90' lang='lat' dir='ltr'><strong>actus</strong></span> <span class='ocrx_word' id='word_1_239' title='bbox 465 2806 533 2866; x_wconf 90' lang='lat' dir='ltr'><strong>eius</strong></span> <span class='ocrx_word' id='word_1_240' title='bbox 554 2804 689 2885; x_wconf 79' lang='lat' dir='ltr'><strong>corrige,</strong></span> <span class='ocrx_word' id='word_1_241' title='bbox 713 2804 810 2864; x_wconf 81' lang='lat' dir='ltr'><strong>vitam</strong></span> <span class='ocrx_word' id='word_1_242' title='bbox 832 2804 984 2879; x_wconf 89' lang='lat' dir='ltr'><strong>emenda,</strong></span> <span class='ocrx_word' id='word_1_243' title='bbox 1006 2825 1111 2864; x_wconf 88' lang='lat' dir='ltr'><strong>mores</strong></span> <span class='ocrx_word' id='word_1_244' title='bbox 1130 2813 1266 2878; x_wconf 73' lang='lat' dir='ltr'><strong>compone</strong></span> 
     </span>
     <span class='ocr_line' id='line_1_31' title="bbox 181 2880 1267 2970; baseline -0.014 -20"><span class='ocrx_word' id='word_1_245' title='bbox 181 2899 214 2970; x_wconf 81' lang='lat' dir='ltr'><strong>et</strong></span> <span class='ocrx_word' id='word_1_246' title='bbox 236 2910 306 2950; x_wconf 90' lang='lat' dir='ltr'><strong>eam</strong></span> <span class='ocrx_word' id='word_1_247' title='bbox 333 2889 365 2950; x_wconf 92' lang='lat' dir='ltr'><strong>in</strong></span> <span class='ocrx_word' id='word_1_248' title='bbox 391 2897 556 2951; x_wconf 91' lang='lat' dir='ltr'><strong>senectute</strong></span> <span class='ocrx_word' id='word_1_249' title='bbox 576 2887 660 2947; x_wconf 88' lang='lat' dir='ltr'><strong>bona</strong></span> <span class='ocrx_word' id='word_1_250' title='bbox 683 2885 723 2946; x_wconf 92' lang='lat' dir='ltr'><strong>ad</strong></span> <span class='ocrx_word' id='word_1_251' title='bbox 748 2886 898 2946; x_wconf 88' lang='lat' dir='ltr'><strong>coelestia</strong></span> <span class='ocrx_word' id='word_1_252' title='bbox 919 2907 1019 2969; x_wconf 87' lang='lat' dir='ltr'><strong>regna</strong></span> <span class='ocrx_word' id='word_1_253' title='bbox 1045 2880 1187 2968; x_wconf 85' lang='lat' dir='ltr'><strong>digneris</strong></span> <span class='ocrx_word' id='word_1_254' title='bbox 1208 2897 1267 2961; x_wconf 87' lang='lat' dir='ltr'><strong>per·</strong></span> 
     </span>
     <span class='ocr_line' id='line_1_32' title="bbox 180 2967 946 3038; baseline -0.009 -4"><span class='ocrx_word' id='word_1_255' title='bbox 180 2972 309 3038; x_wconf 88' lang='lat' dir='ltr'><strong>ducere.</strong></span> <span class='ocrx_word' id='word_1_256' title='bbox 351 2974 416 3034; x_wconf 90' lang='lat' dir='ltr'><strong>Per</strong></span> <span class='ocrx_word' id='word_1_257' title='bbox 434 2970 572 3032; x_wconf 87' lang='lat' dir='ltr'><strong>eundem</strong></span> <span class='ocrx_word' id='word_1_258' title='bbox 593 2967 767 3029; x_wconf 90' lang='lat' dir='ltr'><strong>Dominum</strong></span> <span class='ocrx_word' id='word_1_259' title='bbox 793 2977 946 3028; x_wconf 88' lang='lat' dir='ltr'><strong>nostrum.</strong></span> 
     </span>
    </p>

    <p class='ocr_par' dir='ltr' id='par_1_3' title="bbox 180 3045 1266 3221">
     <span class='ocr_line' id='line_1_33' title="bbox 199 3045 1266 3134; baseline -0.017 -18"><span class='ocrx_word' id='word_1_260' title='bbox 199 3127 202 3134; x_wconf 21' lang='lat'><strong>⁴</strong></span> <span class='ocrx_word' id='word_1_261' title='bbox 262 3055 403 3115; x_wconf 82' lang='lat' dir='ltr'><strong>Coronat</strong></span> <span class='ocrx_word' id='word_1_262' title='bbox 428 3062 460 3112; x_wconf 90' lang='lat' dir='ltr'><strong>te</strong></span> <span class='ocrx_word' id='word_1_263' title='bbox 492 3053 648 3111; x_wconf 89' lang='lat' dir='ltr'><strong>Dominus</strong></span> <span class='ocrx_word' id='word_1_264' title='bbox 677 3050 779 3132; x_wconf 88' lang='lat' dir='ltr'><strong>gloria</strong></span> <span class='ocrx_word' id='word_1_265' title='bbox 808 3058 840 3110; x_wconf 91' lang='lat' dir='ltr'><strong>et</strong></span> <span class='ocrx_word' id='word_1_266' title='bbox 867 3049 991 3110; x_wconf 89' lang='lat' dir='ltr'><strong>honore</strong></span> <span class='ocrx_word' id='word_1_267' title='bbox 1024 3055 1057 3107; x_wconf 86' lang='lat' dir='ltr'><strong>et</strong></span> <span class='ocrx_word' id='word_1_268' title='bbox 1090 3045 1266 3128; x_wconf 89' lang='lat' dir='ltr'><strong>sempiterna</strong></span> 
     </span>
     <span class='ocr_line' id='line_1_34' title="bbox 180 3133 819 3221; baseline -0.006 -25"><span class='ocrx_word' id='word_1_269' title='bbox 180 3135 395 3221; x_wconf 84' lang='lat' dir='ltr'><strong>protectione.</strong></span> <span class='ocrx_word' id='word_1_270' title='bbox 436 3133 501 3212; x_wconf 89' lang='lat' dir='ltr'><strong>Qui</strong></span> <span class='ocrx_word' id='word_1_271' title='bbox 533 3133 614 3196; x_wconf 82' lang='lat' dir='ltr'><strong>ririt</strong></span> <span class='ocrx_word' id='word_1_272' title='bbox 638 3140 669 3192; x_wconf 90' lang='lat' dir='ltr'><strong>et</strong></span> <span class='ocrx_word' id='word_1_273' title='bbox 696 3141 819 3212; x_wconf 84' lang='lat' dir='ltr'><strong>regnat.</strong></span> 
     </span>
    </p>

    <p class='ocr_par' dir='ltr' id='par_1_4' title="bbox 179 3209 1265 4364">
     <span class='ocr_line' id='line_1_35' title="bbox 261 3209 1265 3297; baseline -0.016 -18"><span class='ocrx_word' id='word_1_274' title='bbox 261 3219 350 3280; x_wconf 89' lang='lat' dir='ltr'><strong>Deus</strong></span> <span class='ocrx_word' id='word_1_275' title='bbox 376 3217 589 3297; x_wconf 87' lang='lat' dir='ltr'><strong>omnipotens,</strong></span> <span class='ocrx_word' id='word_1_276' title='bbox 610 3214 667 3295; x_wconf 90' lang='lat' dir='ltr'><strong>qui</strong></span> <span class='ocrx_word' id='word_1_277' title='bbox 685 3213 855 3274; x_wconf 83' lang='lat' dir='ltr'><strong>benedixit</strong></span> <span class='ocrx_word' id='word_1_278' title='bbox 871 3209 973 3273; x_wconf 85' lang='lat' dir='ltr'><strong>Adam</strong></span> <span class='ocrx_word' id='word_1_279' title='bbox 990 3219 1023 3272; x_wconf 90' lang='lat' dir='ltr'><strong>et</strong></span> <span class='ocrx_word' id='word_1_280' title='bbox 1040 3213 1141 3272; x_wconf 82' lang='lat' dir='ltr'><strong>Evam</strong></span> <span class='ocrx_word' id='word_1_281' title='bbox 1157 3209 1265 3270; x_wconf 83' lang='lat' dir='ltr'><strong>dicens:</strong></span> 
     </span>
     <span class='ocr_line' id='line_1_36' title="bbox 181 3291 1265 3381; baseline -0.015 -20"><span class='ocrx_word' id='word_1_282' title='bbox 181 3301 318 3362; x_wconf 84' lang='lat' dir='ltr'><strong>Crescite</strong></span> <span class='ocrx_word' id='word_1_283' title='bbox 343 3311 373 3360; x_wconf 88' lang='lat' dir='ltr'><strong>et</strong></span> <span class='ocrx_word' id='word_1_284' title='bbox 390 3297 661 3381; x_wconf 83' lang='lat' dir='ltr'><strong>multiplicamini,</strong></span> <span class='ocrx_word' id='word_1_285' title='bbox 692 3306 724 3356; x_wconf 87' lang='lat' dir='ltr'><strong>et</strong></span> <span class='ocrx_word' id='word_1_286' title='bbox 745 3294 998 3356; x_wconf 79' lang='lat' dir='ltr'><strong>patriarcharum</strong></span> <span class='ocrx_word' id='word_1_287' title='bbox 1018 3291 1185 3355; x_wconf 87' lang='lat' dir='ltr'><strong>benedixit</strong></span> <span class='ocrx_word' id='word_1_288' title='bbox 1200 3310 1265 3350; x_wconf 89' lang='lat' dir='ltr'><strong>con-</strong></span> 
     </span>
     <span class='ocr_line' id='line_1_37' title="bbox 180 3377 1265 3465; baseline -0.012 -23"><span class='ocrx_word' id='word_1_289' title='bbox 180 3382 278 3465; x_wconf 87' lang='lat' dir='ltr'><strong>iugia,</strong></span> <span class='ocrx_word' id='word_1_290' title='bbox 299 3381 422 3464; x_wconf 88' lang='lat' dir='ltr'><strong>quique</strong></span> <span class='ocrx_word' id='word_1_291' title='bbox 444 3402 518 3441; x_wconf 92' lang='lat' dir='ltr'><strong>cum</strong></span> <span class='ocrx_word' id='word_1_292' title='bbox 541 3379 642 3439; x_wconf 86' lang='lat' dir='ltr'><strong>Tobia</strong></span> <span class='ocrx_word' id='word_1_293' title='bbox 666 3378 752 3438; x_wconf 85' lang='lat' dir='ltr'><strong>misit</strong></span> <span class='ocrx_word' id='word_1_294' title='bbox 770 3377 908 3458; x_wconf 88' lang='lat' dir='ltr'><strong>Raphael</strong></span> <span class='ocrx_word' id='word_1_295' title='bbox 929 3377 1090 3457; x_wconf 80' lang='lat' dir='ltr'><strong>Angelum</strong></span> <span class='ocrx_word' id='word_1_296' title='bbox 1107 3397 1205 3449; x_wconf 87' lang='lat' dir='ltr'><strong>snum,</strong></span> <span class='ocrx_word' id='word_1_297' title='bbox 1223 3391 1265 3429; x_wconf 86' lang='lat' dir='ltr'><strong>cu-</strong></span> 
     </span>
     <span class='ocr_line' id='line_1_38' title="bbox 180 3454 1263 3541; baseline -0.011 -17"><span class='ocrx_word' id='word_1_298' title='bbox 180 3465 231 3526; x_wconf 88' lang='lat' dir='ltr'><strong>ius</strong></span> <span class='ocrx_word' id='word_1_299' title='bbox 254 3463 433 3525; x_wconf 87' lang='lat' dir='ltr'><strong>ministerio</strong></span> <span class='ocrx_word' id='word_1_300' title='bbox 457 3462 659 3522; x_wconf 89' lang='lat' dir='ltr'><strong>daemonium</strong></span> <span class='ocrx_word' id='word_1_301' title='bbox 692 3460 841 3541; x_wconf 82' lang='lat' dir='ltr'><strong>effugarit</strong></span> <span class='ocrx_word' id='word_1_302' title='bbox 871 3481 888 3517; x_wconf 85' lang='lat' dir='ltr'><strong>a</strong></span> <span class='ocrx_word' id='word_1_303' title='bbox 916 3459 1009 3519; x_wconf 88' lang='lat' dir='ltr'><strong>Sarra</strong></span> <span class='ocrx_word' id='word_1_304' title='bbox 1037 3478 1139 3518; x_wconf 86' lang='lat' dir='ltr'><strong>uxore</strong></span> <span class='ocrx_word' id='word_1_305' title='bbox 1170 3454 1263 3538; x_wconf 81' lang='lat' dir='ltr'><strong>ipsius,</strong></span> 
     </span>
     <span class='ocr_line' id='line_1_39' title="bbox 180 3537 1263 3616; baseline -0.015 -10"><span class='ocrx_word' id='word_1_306' title='bbox 180 3547 350 3608; x_wconf 86' lang='lat' dir='ltr'><strong>benedicat</strong></span> <span class='ocrx_word' id='word_1_307' title='bbox 372 3554 402 3604; x_wconf 89' lang='lat' dir='ltr'><strong>te</strong></span> <span class='ocrx_word' id='word_1_308' title='bbox 423 3554 454 3604; x_wconf 89' lang='lat' dir='ltr'><strong>et</strong></span> <span class='ocrx_word' id='word_1_309' title='bbox 478 3543 566 3604; x_wconf 90' lang='lat' dir='ltr'><strong>illam</strong></span> <span class='ocrx_word' id='word_1_310' title='bbox 588 3544 727 3602; x_wconf 84' lang='lat' dir='ltr'><strong>futuram</strong></span> <span class='ocrx_word' id='word_1_311' title='bbox 757 3563 888 3602; x_wconf 86' lang='lat' dir='ltr'><strong>uxorem</strong></span> <span class='ocrx_word' id='word_1_312' title='bbox 909 3549 1017 3616; x_wconf 84' lang='lat' dir='ltr'><strong>tuam,</strong></span> <span class='ocrx_word' id='word_1_313' title='bbox 1047 3549 1084 3598; x_wconf 90' lang='lat' dir='ltr'><strong>nt</strong></span> <span class='ocrx_word' id='word_1_314' title='bbox 1105 3537 1263 3599; x_wconf 87' lang='lat' dir='ltr'><strong>secundum</strong></span> 
     </span>
     <span class='ocr_line' id='line_1_40' title="bbox 179 3614 1262 3714; baseline -0.016 -24"><span class='ocrx_word' id='word_1_315' title='bbox 179 3636 388 3714; x_wconf 86' lang='lat' dir='ltr'><strong>praeceptum</strong></span> <span class='ocrx_word' id='word_1_316' title='bbox 410 3625 541 3688; x_wconf 87' lang='lat' dir='ltr'><strong>Domini</strong></span> <span class='ocrx_word' id='word_1_317' title='bbox 564 3625 668 3686; x_wconf 85' lang='lat' dir='ltr'><strong>effecti</strong></span> <span class='ocrx_word' id='word_1_318' title='bbox 688 3624 752 3684; x_wconf 88' lang='lat' dir='ltr'><strong>dno</strong></span> <span class='ocrx_word' id='word_1_319' title='bbox 776 3614 808 3682; x_wconf 92' lang='lat' dir='ltr'><strong>in</strong></span> <span class='ocrx_word' id='word_1_320' title='bbox 840 3643 935 3683; x_wconf 90' lang='lat' dir='ltr'><strong>carne</strong></span> <span class='ocrx_word' id='word_1_321' title='bbox 962 3643 1050 3697; x_wconf 88' lang='lat' dir='ltr'><strong>nna,</strong></span> <span class='ocrx_word' id='word_1_322' title='bbox 1083 3622 1168 3700; x_wconf 91' lang='lat' dir='ltr'><strong>quod</strong></span> <span class='ocrx_word' id='word_1_323' title='bbox 1190 3621 1262 3678; x_wconf 90' lang='lat' dir='ltr'><strong>Deus</strong></span> 
     </span>
     <span class='ocr_line' id='line_1_41' title="bbox 181 3698 1262 3793; baseline -0.016 -21"><span class='ocrx_word' id='word_1_324' title='bbox 181 3711 297 3793; x_wconf 90' lang='lat' dir='ltr'><strong>iungit,</strong></span> <span class='ocrx_word' id='word_1_325' title='bbox 319 3708 415 3770; x_wconf 89' lang='lat' dir='ltr'><strong>homo</strong></span> <span class='ocrx_word' id='word_1_326' title='bbox 441 3731 505 3769; x_wconf 94' lang='lat' dir='ltr'><strong>non</strong></span> <span class='ocrx_word' id='word_1_327' title='bbox 533 3716 677 3787; x_wconf 87' lang='lat' dir='ltr'><strong>separet,</strong></span> <span class='ocrx_word' id='word_1_328' title='bbox 708 3718 740 3766; x_wconf 89' lang='lat' dir='ltr'><strong>et</strong></span> <span class='ocrx_word' id='word_1_329' title='bbox 765 3705 819 3766; x_wconf 90' lang='lat' dir='ltr'><strong>det</strong></span> <span class='ocrx_word' id='word_1_330' title='bbox 847 3703 936 3764; x_wconf 84' lang='lat' dir='ltr'><strong>vobis</strong></span> <span class='ocrx_word' id='word_1_331' title='bbox 960 3703 1213 3763; x_wconf 90' lang='lat' dir='ltr'><strong>benedictionem</strong></span> <span class='ocrx_word' id='word_1_332' title='bbox 1230 3698 1262 3757; x_wconf 88' lang='lat' dir='ltr'><strong>de</strong></span> 
     </span>
     <span class='ocr_line' id='line_1_42' title="bbox 180 3785 1261 3873; baseline -0.014 -19"><span class='ocrx_word' id='word_1_333' title='bbox 180 3814 253 3854; x_wconf 88' lang='lat' dir='ltr'><strong>rore</strong></span> <span class='ocrx_word' id='word_1_334' title='bbox 275 3791 358 3854; x_wconf 89' lang='lat' dir='ltr'><strong>coeli</strong></span> <span class='ocrx_word' id='word_1_335' title='bbox 383 3801 415 3852; x_wconf 92' lang='lat' dir='ltr'><strong>et</strong></span> <span class='ocrx_word' id='word_1_336' title='bbox 439 3792 478 3851; x_wconf 89' lang='lat' dir='ltr'><strong>de</strong></span> <span class='ocrx_word' id='word_1_337' title='bbox 499 3787 697 3873; x_wconf 84' lang='lat' dir='ltr'><strong>pinguedine</strong></span> <span class='ocrx_word' id='word_1_338' title='bbox 719 3797 831 3848; x_wconf 87' lang='lat' dir='ltr'><strong>terrae.</strong></span> <span class='ocrx_word' id='word_1_339' title='bbox 873 3785 1095 3846; x_wconf 88' lang='lat' dir='ltr'><strong>Benedieimus</strong></span> <span class='ocrx_word' id='word_1_340' title='bbox 1118 3785 1198 3844; x_wconf 89' lang='lat' dir='ltr'><strong>enim</strong></span> <span class='ocrx_word' id='word_1_341' title='bbox 1214 3800 1261 3841; x_wconf 86' lang='lat' dir='ltr'><strong>ro-</strong></span> 
     </span>
     <span class='ocr_line' id='line_1_43' title="bbox 179 3864 1261 3952; baseline -0.015 -14"><span class='ocrx_word' id='word_1_342' title='bbox 179 3875 229 3938; x_wconf 82' lang='lat' dir='ltr'><strong>bis</strong></span> <span class='ocrx_word' id='word_1_343' title='bbox 249 3875 283 3934; x_wconf 91' lang='lat' dir='ltr'><strong>in</strong></span> <span class='ocrx_word' id='word_1_344' title='bbox 311 3874 442 3934; x_wconf 89' lang='lat' dir='ltr'><strong>nomine</strong></span> <span class='ocrx_word' id='word_1_345' title='bbox 468 3872 617 3933; x_wconf 75' lang='lat' dir='ltr'><strong>Dominis</strong></span> <span class='ocrx_word' id='word_1_346' title='bbox 644 3870 701 3952; x_wconf 90' lang='lat' dir='ltr'><strong>qui</strong></span> <span class='ocrx_word' id='word_1_347' title='bbox 725 3870 826 3930; x_wconf 87' lang='lat' dir='ltr'><strong>mittat</strong></span> <span class='ocrx_word' id='word_1_348' title='bbox 852 3867 992 3950; x_wconf 85' lang='lat' dir='ltr'><strong>Angelos</strong></span> <span class='ocrx_word' id='word_1_349' title='bbox 1015 3889 1091 3926; x_wconf 82' lang='lat' dir='ltr'><strong>suos.</strong></span> <span class='ocrx_word' id='word_1_350' title='bbox 1109 3865 1214 3932; x_wconf 79' lang='lat' dir='ltr'><strong>bonos,</strong></span> <span class='ocrx_word' id='word_1_351' title='bbox 1233 3864 1261 3917; x_wconf 80' lang='lat' dir='ltr'><strong>ul</strong></span> 
     </span>
     <span class='ocr_line' id='line_1_44' title="bbox 181 3945 1260 4036; baseline -0.02 -17"><span class='ocrx_word' id='word_1_352' title='bbox 181 3980 236 4020; x_wconf 83' lang='lat' dir='ltr'><strong>vos</strong></span> <span class='ocrx_word' id='word_1_353' title='bbox 262 3956 445 4020; x_wconf 89' lang='lat' dir='ltr'><strong>custodiant</strong></span> <span class='ocrx_word' id='word_1_354' title='bbox 465 3975 609 4036; x_wconf 85' lang='lat' dir='ltr'><strong>semper,</strong></span> <span class='ocrx_word' id='word_1_355' title='bbox 632 3963 664 4014; x_wconf 92' lang='lat' dir='ltr'><strong>et</strong></span> <span class='ocrx_word' id='word_1_356' title='bbox 682 3974 808 4026; x_wconf 89' lang='lat' dir='ltr'><strong>ornnem</strong></span> <span class='ocrx_word' id='word_1_357' title='bbox 827 3948 1021 4033; x_wconf 83' lang='lat' dir='ltr'><strong>phantasiam</strong></span> <span class='ocrx_word' id='word_1_358' title='bbox 1047 3958 1079 4008; x_wconf 90' lang='lat' dir='ltr'><strong>et</strong></span> <span class='ocrx_word' id='word_1_359' title='bbox 1104 3945 1260 4029; x_wconf 85' lang='lat' dir='ltr'><strong>nequitiam</strong></span> 
     </span>
     <span class='ocr_line' id='line_1_45' title="bbox 181 4022 1258 4122; baseline -0.017 -22"><span class='ocrx_word' id='word_1_360' title='bbox 181 4049 279 4122; x_wconf 84' lang='lat' dir='ltr'><strong>atque</strong></span> <span class='ocrx_word' id='word_1_361' title='bbox 305 4037 480 4100; x_wconf 84' lang='lat' dir='ltr'><strong>versutiam</strong></span> <span class='ocrx_word' id='word_1_362' title='bbox 507 4035 652 4097; x_wconf 89' lang='lat' dir='ltr'><strong>omnium</strong></span> <span class='ocrx_word' id='word_1_363' title='bbox 681 4035 893 4114; x_wconf 86' lang='lat' dir='ltr'><strong>malignorum</strong></span> <span class='ocrx_word' id='word_1_364' title='bbox 920 4030 1092 4110; x_wconf 87' lang='lat' dir='ltr'><strong>spirituum</strong></span> <span class='ocrx_word' id='word_1_365' title='bbox 1116 4039 1147 4090; x_wconf 92' lang='lat' dir='ltr'><strong>et</strong></span> <span class='ocrx_word' id='word_1_366' title='bbox 1171 4022 1258 4086; x_wconf 86' lang='lat' dir='ltr'><strong>homi·</strong></span> 
     </span>
     <span class='ocr_line' id='line_1_46' title="bbox 182 4109 1258 4201; baseline -0.012 -20"><span class='ocrx_word' id='word_1_367' title='bbox 182 4143 259 4183; x_wconf 84' lang='lat' dir='ltr'><strong>nnrn</strong></span> <span class='ocrx_word' id='word_1_368' title='bbox 282 4144 300 4180; x_wconf 93' lang='lat' dir='ltr'><strong>a</strong></span> <span class='ocrx_word' id='word_1_369' title='bbox 323 4121 414 4182; x_wconf 82' lang='lat' dir='ltr'><strong>vobis</strong></span> <span class='ocrx_word' id='word_1_370' title='bbox 436 4120 610 4201; x_wconf 88' lang='lat' dir='ltr'><strong>depellant,</strong></span> <span class='ocrx_word' id='word_1_371' title='bbox 632 4125 664 4177; x_wconf 91' lang='lat' dir='ltr'><strong>et</strong></span> <span class='ocrx_word' id='word_1_372' title='bbox 685 4119 726 4177; x_wconf 87' lang='lat' dir='ltr'><strong>ab</strong></span> <span class='ocrx_word' id='word_1_373' title='bbox 749 4115 833 4174; x_wconf 86' lang='lat' dir='ltr'><strong>omni</strong></span> <span class='ocrx_word' id='word_1_374' title='bbox 855 4114 1098 4193; x_wconf 85' lang='lat' dir='ltr'><strong>inquinamento</strong></span> <span class='ocrx_word' id='word_1_375' title='bbox 1123 4109 1216 4172; x_wconf 88' lang='lat' dir='ltr'><strong>omnis</strong></span> <span class='ocrx_word' id='word_1_376' title='bbox 1230 4128 1258 4162; x_wconf 78' lang='lat' dir='ltr'><strong>a·</strong></span> 
     </span>
     <span class='ocr_line' id='line_1_47' title="bbox 181 4194 1256 4280; baseline -0.017 -16"><span class='ocrx_word' id='word_1_377' title='bbox 181 4204 325 4266; x_wconf 78' lang='lat' dir='ltr'><strong>dulterii,</strong></span> <span class='ocrx_word' id='word_1_378' title='bbox 348 4202 560 4280; x_wconf 86' lang='lat' dir='ltr'><strong>omnibusque</strong></span> <span class='ocrx_word' id='word_1_379' title='bbox 585 4198 709 4260; x_wconf 90' lang='lat' dir='ltr'><strong>insidiis</strong></span> <span class='ocrx_word' id='word_1_380' title='bbox 739 4197 885 4256; x_wconf 88' lang='lat' dir='ltr'><strong>humanis</strong></span> <span class='ocrx_word' id='word_1_381' title='bbox 910 4194 1076 4255; x_wconf 87' lang='lat' dir='ltr'><strong>diabolicis</strong></span> <span class='ocrx_word' id='word_1_382' title='bbox 1100 4195 1256 4275; x_wconf 86' lang='lat' dir='ltr'><strong>protegant,</strong></span> 
     </span>
     <span class='ocr_line' id='line_1_48' title="bbox 181 4268 1255 4364; baseline -0.017 -19"><span class='ocrx_word' id='word_1_383' title='bbox 181 4285 340 4364; x_wconf 75' lang='lat' dir='ltr'><strong>miniant,</strong></span> <span class='ocrx_word' id='word_1_384' title='bbox 359 4295 391 4346; x_wconf 89' lang='lat' dir='ltr'><strong>et</strong></span> <span class='ocrx_word' id='word_1_385' title='bbox 413 4284 597 4345; x_wconf 84' lang='lat' dir='ltr'><strong>defendant.</strong></span> <span class='ocrx_word' id='word_1_386' title='bbox 645 4279 753 4343; x_wconf 83' lang='lat' dir='ltr'><strong>Gratia</strong></span> <span class='ocrx_word' id='word_1_387' title='bbox 774 4277 902 4342; x_wconf 86' lang='lat' dir='ltr'><strong>Domini</strong></span> <span class='ocrx_word' id='word_1_388' title='bbox 927 4277 1026 4340; x_wconf 84' lang='lat' dir='ltr'><strong>nostri</strong></span> <span class='ocrx_word' id='word_1_389' title='bbox 1050 4276 1121 4339; x_wconf 87' lang='lat' dir='ltr'><strong>lesu</strong></span> <span class='ocrx_word' id='word_1_390' title='bbox 1144 4268 1255 4341; x_wconf 79' lang='lat' dir='ltr'><strong>Christi,</strong></span> 
     </span>
    </p>
   </div>
   <div class='ocr_carea' id='block_1_3' title="bbox 0 0 1378 4992">
    <p class='ocr_par' dir='ltr' id='par_1_5' title="bbox 0 0 1378 4992">
     <span class='ocr_line' id='line_1_49' title="bbox 0 0 1378 4992; baseline 0 1"><span class='ocrx_word' id='word_1_391' title='bbox 0 0 1378 4992; x_wconf 95' lang='lat' dir='ltr'><strong> </strong></span> 
     </span>
    </p>
   </div>
  </div>
 </body>
</html>
