2786 4980
170 281 218 352 26
393 304 425 360 i.
447 298 529 356 cun.
636 299 879 354 canrmsan
984 298 1045 360 sto.

168 441 371 524 plicuerunt,
394 440 433 500 ab
452 439 566 500 eodem
580 433 805 519 hospitalitatis
823 439 1089 504 officiotnnditus
1107 452 1180 504 sunt
1197 443 1288 504 alie-

169 534 262 595 nata;
285 532 319 586 et
335 543 399 582 non
419 524 524 583 solnm
545 515 812 602 supervenientes
833 523 995 584 iraeadem
1015 523 1184 608 hospitalia
1207 547 1284 586 non

167 605 393 689 recipiuntur,
415 625 528 664 veram
548 604 644 663 etiam
661 601 722 682 ipsi
741 603 797 683 qui
821 604 860 666 ab
877 604 1014 666 infantia
1029 607 1063 667 in
1079 607 1198 669 eisdem
1225 609 1285 668 lo-

169 689 215 749 cis
233 689 292 750 sub
312 687 470 768 religione
490 685 629 746 Domino
648 684 889 765 militaverunt,
912 689 1031 750 exinde
1053 688 1232 768 eiciuntur,
1251 700 1287 750 et

168 771 307 832 ostiatim
323 770 506 829 mendicare
525 777 692 850 coguntur.
735 768 827 829 Unde
841 769 1097 851 pertimescenda
1112 781 1160 834 est
1174 794 1286 833 cano-

168 853 240 913 nica
259 852 438 932 sententia,
461 859 493 911 et
504 850 639 910 maxime
661 849 866 912 decretalisS
891 852 1027 913 mmachi
1040 855 1142 936 Papae
1161 855 1288 916 defini-

167 935 234 1012 tio,
257 935 333 1016 qnia
363 943 398 994 ut
425 942 556 993 necator
577 953 774 1014 pauperum,
798 941 830 992 ct
883 932 975 995 bristi
1001 935 1135 996 traditor
1154 937 1285 1014 ladas,

169 1018 256 1077 idem
269 1016 311 1099 s)
332 1016 388 1097 qui
404 1015 500 1076 huius
515 1013 646 1076 sceleris
664 1022 775 1073 auctor
793 1025 826 1074 et
842 1027 1044 1097 perpetrator
1065 1037 1132 1079 csse
1161 1019 1285 1080 dinos-

169 1100 271 1174 citur,
294 1099 453 1182 praesenti
469 1105 669 1178 etperpetuo
687 1104 734 1156 est
761 1098 962 1160 anathemate
992 1099 1168 1161 feriendus.
1213 1101 1288 1184 Qui

168 1183 339 1254 reiculam,
363 1181 471 1261 inquit
493 1178 701 1261 Symmachus
718 1178 821 1258 Papa,
843 1181 894 1241 rel
935 1181 1069 1264 uicqnid
1091 1182 1190 1243 fucrit
1215 1183 1287 1242 Ec-

168 1264 304 1340 clesiae,
324 1275 436 1346 petunt
454 1264 473 1321 b
489 1262 641 1340 Regibus,
664 1273 695 1321 et
713 1203 959 1344 corrumpendae
982 1265 1109 1347 pietatis
1126 1267 1286 1324 instinctu

168 1348 323 1424 egentium
339 1345 542 1406 substantiam
562 1346 701 1426 rapiunt,
726 1343 819 1402 irrita
836 1345 1010 1406 habeantur
1024 1347 1102 1425 quae
1121 1348 1284 1417 obtinent,

173 1430 240 1486 etia
261 1429 476 1492 communione
498 1424 671 1496 Ecclesiae,
684 1425 772 1484 cutm
780 1423 970 1504 facultatem
989 1425 1115 1508 auferre
1130 1430 1284 1512 cupiunt,

171 1510 394 1570 excludantur.
417 1511 498 1569 Item
517 1507 550 1565 in
580 1528 705 1568 canone
725 1506 969 1570 Aurelianensis
998 1509 1036 1568 Si
1054 1512 1123 1590 quis
1138 1511 1286 1593 quolibet

171 1607 310 1674 tempore
324 1605 434 1651 contra
445 1593 524 1650 banc
537 1588 801 1649 Constitutionem
814 1602 954 1650 nostram
969 1593 1072 1651 venire
1093 1593 1284 1668 tentaverit,

170 1686 225 1733 aut
243 1672 369 1756 aliquid
383 1673 423 1732 de
447 1669 670 1734 consuetudine
705 1671 753 1729 rel
765 1669 923 1752 facultate
956 1673 1149 1734 xenodochii
1177 1675 1285 1756 ipsias

171 1755 354 1830 abstulerit,
377 1769 410 1816 ut
425 1753 679 1831 xenodochium,
701 1753 790 1832 qiaod
806 1767 926 1814 avertat
942 1755 1040 1833 Deus,
1062 1777 1127 1816 esse
1141 1755 1285 1829 desinat,

171 1849 204 1896 ut
216 1849 345 1898 necator
359 1857 532 1920 pauperum
552 1835 756 1896 inrevocabili
773 1838 967 1896 anatlaernate
973 1835 1126 1918 feriatur.

253 1943 308 2020 (Ut
315 1942 595 2028 perSimoniacam
610 1937 763 2003 baeresim
777 1963 866 2004 nemo
884 1945 1022 2024 regimen
1035 1946 1195 2023 obtineat.)

250 2050 369 2112 XLIII.
412 2050 600 2111 Cavendum
636 2058 669 2110 et
695 2070 895 2131 summopere
926 2053 1204 2134 praecavendum,
1245 2075 1284 2114 ac

168 2155 227 2220 per
246 2134 398 2194 virtutem
417 2131 545 2193 Christi·
575 2131 739 2214 sanguinis
764 2132 1025 2194 interdicendum
1048 2145 1080 2196 et
1110 2135 1307 2218 Episcopis-

170 2228 204 2278 et
217 2216 378 2298 Regibus,
412 2223 443 2274 et
473 2215 620 2276 omnibus
650 2214 890 2276 sublimioribus
918 2217 1145 2297 potestatibus,
1180 2227 1283 2297 atque

170 2299 296 2360 cunctis
314 2296 494 2359 fautoribus
515 2307 546 2357 et
564 2287 758 2358 electoribus
782 2319 1063 2380 quorumcunque,
1085 2310 1181 2381 atque
1201 2320 1283 2359 con-

171 2379 352 2443 sensoribus
370 2401 428 2442 sen
449 2380 688 2440 ordinatoribus
705 2380 739 2439 in
764 2380 862 2461 gradu
883 2381 1160 2458 ecclesiastico,ut
1180 2402 1283 2440 nemo

168 2485 228 2548 per
246 2463 452 2525 simoniacam
465 2462 625 2522 haeresim
647 2461 813 2543 regiminis
833 2462 942 2522 locum
963 2464 1106 2526 obtineat
1129 2485 1279 2544 quacun-

169 2569 233 2629 que
262 2547 415 2623 l'actione,
430 2549 490 2606 seu'
503 2545 727 2606 commoditate
748 2554 802 2604 aut
824 2545 1009 2624 donatione,
1027 2568 1132 2628 perse
1147 2555 1200 2605 aut
1217 2565 1281 2626 per

170 2629 315 2692 emissam
327 2649 507 2709 personam,
524 2649 598 2688 cum
613 2626 751 2711 Spiritus
770 2636 895 2688 sanctus
919 2628 1005 2688 inter
1032 2639 1156 2690 caetera
1176 2628 1280 2688 docu·

170 2711 503 2773 mentaecclesiastica
520 2733 579 2788 per
598 2733 632 2770 os
650 2711 752 2770 sancti
768 2709 853 2768 dicat
862 2709 1027 2791 Gregorii:
1046 2712 1110 2770 Cur
1121 2731 1187 2770 nou
1201 2729 1281 2790 per-

168 2795 321 2880 penditur
332 2796 406 2875 quia
419 2793 592 2853 benedictio
602 2793 652 2851 illi
664 2793 698 2850 in
715 2790 966 2859 maledictionem
982 2795 1191 2862 convertitur,
1204 2793 1280 2867 quia

172 2877 217 2938 ad
225 2879 283 2937 boc
293 2875 395 2957 utfiat
408 2877 581 2934 haereticus
590 2874 819 2957 promovetur?
838 2875 880 2934 Et
897 2874 989 2934 item:
1004 2874 1149 2934 Ementes
1163 2875 1281 2956 qtaippe

173 2973 265 3040 atque
273 2957 444 3018 vendentes
451 2977 512 3036 par
517 2979 619 3040 poena
628 2957 825 3034 constringit,
835 2963 904 3014 carn
910 2957 1028 3036 liqueat
1037 2959 1114 3014 banc
1125 2955 1279 3014 baeresim

172 3044 206 3100 in
226 3042 295 3120 ipsa
313 3061 369 3097 sua
381 3038 501 3115 origine
521 3038 695 3120 apostolica
715 3059 779 3097 esse
802 3037 1005 3096 detestatione
1027 3037 1216 3096 dramatum.
1236 3035 1279 3093 Et

172 3121 344 3202 Apostolus
358 3120 470 3179 docet:
494 3121 567 3179 Non
581 3120 681 3181 solam
690 3122 745 3202 quii
750 3118 887 3199 faciunt,
897 3118 955 3177 sed
959 3121 1052 3178 etiam
1060 3121 1115 3200 qui
1121 3117 1280 3178 consenti-

173 3216 247 3275 tint,
269 3203 444 3282 dignisunt
463 3213 572 3266 morte.
613 3203 656 3262 Et
675 3201 752 3262 item
771 3202 882 3262 beatus
909 3201 1102 3282 Gregorius:
1136 3200 1275 3266 Dolens,

174 3285 301 3367 inquit,
343 3285 441 3360 dico,
474 3283 597 3362 gemens
625 3283 797 3355 denuntio,
829 3285 903 3365 quia
932 3283 1171 3359 Sacerdotium,
1192 3278 1282 3364 qiaod

174 3367 261 3451 apud
282 3389 340 3428 vos
361 3369 443 3425 intus
473 3367 607 3438 cecidit,
634 3364 723 3445 foris
748 3366 804 3424 diu
828 3378 912 3424 stare
945 3387 1007 3425 non
1028 3367 1155 3448 poterit.
1198 3365 1280 3421 Item

173 3451 278 3515 idem:
298 3448 507 3508 Adversarius
528 3449 703 3508 animarum
723 3446 840 3506 callida
857 3448 957 3527 specie
974 3448 1084 3506 suadet
1110 3446 1201 3528 qacasi
1220 3443 1278 3501 de-

174 3537 246 3596 bere
268 3534 305 3592 ab
319 3531 501 3592 habentibus
521 3531 640 3614 accipi,
663 3543 697 3589 ut
719 3532 758 3587 sit
775 3528 862 3609 quod
879 3534 980 3610 possit
1007 3551 1070 3589 non
1096 3526 1281 3587 habentibus

174 3618 316 3695 erogari;
338 3616 418 3673 sicut
436 3615 667 3696 scriptumest:
688 3610 821 3671 Hostiae
839 3612 1006 3696 impioram
1033 3609 1279 3678 abominabiles,

173 3702 248 3780 quia
267 3697 448 3778 offerantur
467 3716 510 3756 ea
525 3695 652 3756 scelere.
1057 3711 1059 3718 ¹
1101 3688 1107 3702 '

228 3803 408 3890 (Quomodo
421 3801 657 3886 providendum
671 3804 712 3861 sit
733 3799 910 3876 Ecclesiae,
933 3799 1021 3858 cutm
1043 3795 1218 3880 Episcopus

609 3881 755 3968 infirmus
776 3888 842 3960 est.)
1074 3909 1077 3914 ¹

255 3995 394 4060 XLVII.
438 3997 480 4055 Ut
494 4013 599 4065 nemo,
624 3987 783 4072 Episcopo
814 3989 960 4063 virente,
990 3987 1168 4048 Ecclesiam
1191 3987 1281 4048 illins

175 4091 229 4140 aut
242 4101 298 4168 res,
311 4079 350 4168 ad
369 4099 437 4138 earn
451 4075 651 4160 pertinentes
673 4072 822 4132 invadere
839 4082 894 4130 aut
915 4071 1071 4131 dominari
1086 4082 1282 4156 praesumat,

190 4200 497 4212 ...mm—...-

209 4243 240 4314 s)
257 4232 291 4298 al,
311 4235 358 4294 ms.
370 4235 406 4292 'id
421 4255 468 4298 est.
