2746 4992
219 330 346 388 enan
448 332 571 388 nnoau
591 335 804 414 astancium
908 347 968 400 m,
1118 335 1188 406 225

398 751 878 884 capannas

249 973 1052 1096 nantonensi

143 1201 462 1330 FRANCORUM
483 1201 666 1295 REGIS,
703 1207 954 1284 LUDOVICI
984 1217 1033 1288 11.
1074 1221 1134 1290 F.
1162 1285 1166 1292 .

507 1385 776 1406 m

377 1489 803 1556 TITULUS
886 1491 913 1564 Ι.

293 1604 463 1666 Acon
529 1606 981 1678 castaneae.

94 1721 254 1807 Quando
285 1731 372 1814 post
405 1735 558 1791 mortem
587 1722 776 1795 Ludooioi
810 1729 960 1798 matria
1001 1687 1187 1826 integrum·
1285 1814 1290 1819 ,

89 1839 245 1910 regnum
271 1822 422 1890 sortitus
455 1833 509 1906 est
549 1847 647 1893 anno
688 1823 1023 1908 DCCOLXXXIL
1061 1849 1182 1904 menae

522 1917 737 2014 Septembri.
1070 1951 1072 1955 ·
1107 2015 1112 2028 Ι

90 2045 205 2104 Potitio
239 2045 466 2129 Episcoporum
495 2048 539 2107 ud
567 2051 723 2110 Domuum
745 2049 1027 2117 Charolomuunum
1046 2059 1176 2140 Regem,

88 2125 213 2207 quando
236 2131 265 2187 ei
286 2150 317 2188 se
338 2131 686 2198 commendaveramus
708 2133 866 2196 Curisiuco
897 2136 1024 2204 mdes
1039 2141 1191 2226 Septem·-

404 2213 469 2274 bris
490 2232 572 2274 enno
592 2215 862 2306 Dechxxxlt.

85 2324 132 2424 Α
154 2379 248 2444 vobis
266 2379 444 2464 perdonare
457 2383 594 2464 petimus
605 2392 648 2443 ut
665 2383 842 2467 unicnique
859 2387 1008 2452 de'nobis
1026 2403 1059 2456 et
1067 2396 1176 2460 Eccle.

83 2465 135 2524 siis
164 2463 257 2523 nobis
283 2463 473 2534 commissis,
510 2465 692 2531 secundum
712 2468 849 2546 primum
877 2471 1061 2552 Capitulum
1088 2484 1189 2559 qamda

84 2547 255 2606 novissime
269 2545 301 2605 in
326 2545 484 2606 Curisiaco
498 2547 641 2606 Domnus
651 2549 829 2629 'Imperator
844 2571 922 2612 avus
939 2565 1046 2617 vester
1064 2561 1081 2618 al
1096 2583 1128 2620 sc
1142 2551 1189 2622 et¹

83 2629 209 2708 bpatre
238 2636 342 2690 vestro
367 2631 584 2705 servaturum,
608 2625 879 2694 consentientibus
911 2634 1058 2700 fidelibus
1085 2643 1190 2707 illius?

81 2731 115 2768 ac
138 2710 238 2790 patris
254 2711 348 2770 vestri
367 2719 460 2792 atque
477 2710 666 2792 apostolicae
683 2711 764 2773 sedis
779 2714 912 2796 Legatis,
928 2716 1053 2796 legente
1064 2721 1185 2784 Genea*

79 2790 174 2866 leno,
198 2793 409 2868 denuntiavit,
430 2792 621 2854 canonicum
642 2794 846 2876 privilegium
866 2807 897 2857 et
911 2797 1048 2860 debitam
1067 2807 1171 2886 legem

79 2881 177 2954 atque
201 2873 351 2933 iustitiam
381 2871 592 2951 conservetis,
615 2883 647 2935 et
669 2876 888 2938 defensionem
907 2879 1099 2964 exhibeatis,
1118 2891 1168 2948 si·
1212 2903 1215 2906 ·

78 2965 131 3015 cut
160 2957 231 3016 Rex
254 2955 288 3014 in
303 3030 305 3034 ,
319 2979 376 3018 suo
399 2977 498 3038 regno
518 2957 694 3036 unicuique
718 2967 750 3018 et
772 2960 930 3044 Episcopo
952 2975 985 3024 et
1005 2967 1169 3032 Ecclesiae

77 3037 137 3095 sibi
161 3039 345 3100 commissae
364 3049 556 3119 perrectum
573 3039 724 3098 exhibere
746 3041 856 3118 debet,
893 3051 942 3120 etl
967 3054 1168 3129 quemadmo.

77 3117 154 3178 dum
181 3121 366 3180 continetur
380 3121 411 3178 in
431 3121 547 3202 scripto
568 3122 655 3202 quod
675 3120 707 3179 in
732 3124 951 3186 Farrariorum
975 3138 1166 3195 monasterio

77 3221 184 3260 coram
197 3203 294 3262 altare
311 3202 409 3262 sancti
432 3203 519 3263 Petri
537 3202 758 3284 perdonastis,
781 3214 814 3265 ct
833 3227 929 3268 manu
946 3215 1075 3295 propria
1100 3239 1164 3278 una

76 3304 149 3343 cnm
167 3287 267 3344 fratre
290 3293 396 3344 vestro
411 3285 628 3346 confirmastis.
1011 3311 1027 3322 ‘-

137 3415 313 3474 Promissio
335 3415 452 3474 Domni
477 3414 701 3476 Ilurolommmi
719 3415 811 3494 mgis
833 3415 877 3476 ud
894 3421 1105 3504 supradictam
1135 3497 1137 3501 .
1181 3453 1184 3461 ¹

531 3498 720 3580 petitionem.

156 3581 310 3640 Promitte
328 3588 360 3638 et
375 3577 521 3659 'perdono
541 3577 723 3660 vobissqaia
747 3579 924 3666 unicuique
949 3584 1098 3654 devotis
1129 3595 1162 3653 et

72 3661 227 3723 Ecclesiis
258 3660 348 3726 vobis
379 3659 571 3735 commissis,
607 3662 782 3723 secundum
807 3666 947 3747 primum
974 3669 1158 3750 Capitulum

72 3745 163 3824 quod
183 3742 404 3806 novissimein
428 3741 586 3800 Curisiaco
603 3743 744 3805 Domnus
764 3746 940 3828 imperator
962 3772 1039 3811 avus
1068 3775 1157 3818 meus

74 3827 144 3889 isse
163 3827 334 3908 stipatae
354 3842 424 3882 meo
454 3832 671 3898 servaturum,
701 3829 973 3891 consentientibus
1006 3834 1157 3900 fidelihus

72 3910 189 3970 suisne
213 3907 311 3990 patris
337 3906 403 3968 mei
433 3912 526 3986 atque
546 3905 838 3987 apostolicaesedis
865 3913 1005 3994 Legatis,
1028 3917 1155 4000 legente

73 3992 260 4066 Ganzlcn0,
283 3985 498 4064 denuntiavit,
521 3987 713 4050 canonicum
734 3991 938 4076 privilegium
964 4007 997 4056 et
1018 3999 1155 4062 debitam

70 4073 175 4155 legem
192 4082 285 4155 atque
304 4070 454 4130 insti-tiam
471 4071 674 4146 conservabo,
697 4082 727 4132 et
748 4072 977 4154 defensionem,
998 4095 1154 4162 quantum

69 4166 225 4234 potuero,
246 4154 417 4216 adiuvante
442 4151 597 4229 Domino,
625 4153 800 4231 exhibebo,
830 4158 913 4218 sicut
940 4161 1010 4222 Rex
1035 4164 1067 4224 in
1095 4188 1152 4226 sno
1236 4204 1240 4214 ·

70 4257 171 4319 regno
192 4236 368 4318 unicnique
392 4235 547 4320 Episcopo
571 4244 604 4298 et
628 4235 789 4300 Ecclesiae
807 4239 867 4300 sihi
891 4242 1073 4308 commissae
1096 4268 1155 4332 per

821 4334 871 4425 m
