2712 4992
167 313 244 388 tlt
496 337 677 393 aaronem
697 335 942 393 ronuuasnuu

290 475 440 558 Prologus
461 477 516 559 qui
535 475 575 537 de
594 475 711 556 grandi
730 497 824 538 saissa
835 477 922 560 sacis
942 467 1150 540 donatiouem.

202 615 205 625 ·
247 587 294 656 ll.
338 591 504 668 Quantum
534 588 720 652 intellectus
750 611 927 672 sensusque
970 591 1131 652 humanus
1167 602 1261 674 potest

163 681 272 738 mente
294 673 398 754 sagaci
428 694 562 754 pensare
585 682 680 752 atque
700 673 822 734 sollerti
838 674 1040 756 indagatione
1056 674 1260 758 perpendere,

165 755 407 836 nibil·amplius
432 755 571 815 saletio
598 753 694 815 buius
709 755 810 815 seculi
834 756 907 816 luce
929 756 1042 840 gaudia
1064 755 1200 837 fugitive
1217 756 1262 815 lu-

163 855 254 898 crare
277 857 374 918 quam
395 837 483 918 qnod
510 837 549 898 de
576 836 671 896 robus
693 837 758 898 suis
776 837 854 898 locis
887 838 1126 901 venerabilibus
1155 838 1188 898 in
1209 838 1261 896 ali-

162 919 279 980 moniis
313 940 489 1000 pauperum
523 928 655 979 curetur
681 918 894 1000 impendere:
931 930 1090 1002 quatenus
1121 919 1261 1001 fragilita·

161 1009 228 1060 tem
252 1011 383 1060 naturae
404 1001 492 1081 quod
520 1023 629 1061 omnes
651 1002 845 1082 generaliter
863 1002 1051 1085 patiuntur,
1083 1002 1261 1084 priusquam

162 1083 328 1144 subitanea
347 1083 551 1163 transpositio
571 1087 707 1158 eveniat,
731 1093 859 1166 oportet
879 1106 937 1168 pro
957 1085 1059 1146 salute
1085 1083 1207 1144 animae
1224 1085 1261 1143 vi·

162 1165 273 1246 gilare,
296 1173 410 1224 utnon
433 1165 578 1227 inveniat
597 1166 1001 1247 quernquaml'imparatum,
1023 1175 1057 1228 et
1074 1165 1148 1228 sine
1164 1165 1261 1246 aliquo

161 1255 309 1328 respectu
326 1247 467 1308 discedat
480 1249 497 1308 ὲ
509 1247 628 1312 seculo.
650 1248 738 1324 Quin
751 1247 866 1332 potius,
880 1249 957 1309 dum
973 1249 1106 1332 proprio
1118 1248 1260 1308 libertatis

162 1328 232 1389 iure
257 1331 410 1408 subsistit,
433 1351 474 1390 ex
500 1329 629 1390 caducis
655 1329 839 1390 substantiis
862 1331 895 1389 in
915 1339 1045 1392 aeterna
1063 1330 1260 1392 tabernacula

162 1412 260 1473 vitam
289 1424 422 1493 quaerat
445 1413 581 1473 mercari
611 1420 791 1484 aeternam
828 1419 864 1471 ut
888 1413 975 1473 inter
1001 1413 1165 1474 iustorum
1192 1434 1260 1474 con·

162 1493 297 1554 sortium
321 1495 564 1556 desiderabilem
589 1495 692 1554 valeat
719 1495 853 1576 adipisci
882 1496 1011 1571 locum,
1042 1505 1075 1558 et
1101 1494 1260 1555 retributo·

161 1597 230 1636 rem
257 1576 314 1636 sibi
341 1586 507 1658 praeparet
527 1579 655 1652 Deum,
678 1585 713 1636 ut
731 1577 770 1636 de
793 1579 901 1638 fructu
922 1576 1126 1638 indeficienti
1152 1576 1260 1659 paradi·

162 1659 189 1720 si
215 1670 374 1720 mereatur
395 1658 520 1728 foveri;
549 1659 587 1718 dc
610 1659 701 1718 cuius
724 1661 924 1736 vivofonte,
947 1661 1095 1741 perfecta*
1118 1659 1181 1722 fide
1197 1679 1260 1740 pos-

162 1750 268 1816 cente,
292 1740 745 1822 necsubtrabiturpoculum,
776 1763 837 1802 nec
866 1741 1027 1802 minuitur
1050 1743 1183 1818 alveus,
1214 1738 1260 1800 sed

160 1823 268 1904 potius
293 1825 341 1886 uti
367 1824 504 1905 quisque
537 1823 698 1900 hauserit,
728 1823 885 1904 inrigatus
919 1823 1095 1888 dulcedine
1125 1823 1259 1896 coelitus,

161 1911 258 1987 atque
284 1906 390 1968 suavis
417 1905 447 1967 ei
469 1905 621 1987 flagratur
648 1907 729 1967 odor
751 1906 884 1968 balsami
907 1906 1057 1989 paradisi.

543 2011 624 2071 Item
635 2012 708 2071 ulio
727 2012 874 2094 prologo·

244 2117 281 2177 iu
303 2117 433 2178 nomine
456 2125 581 2178 sanctae
607 2119 782 2179 Trinitatis.
824 2120 1016 2201 Prosperum
1039 2141 1075 2181 ac
1099 2117 1259 2181 salubriter

161 2201 334 2262 consilium
365 2202 525 2279 immoque
551 2201 624 2260 satis
647 2201 825 2263 iucundum
858 2222 925 2262 esse
948 2201 1129 2263 dinoscitur
1156 2209 1190 2262 ut
1209 2201 1258 2260 bo·
1324 2231 1325 2256 i

162 2305 215 2343 mo
248 2283 288 2344 de
313 2283 483 2342 mundanis
507 2283 602 2344 rebus
627 2293 788 2365 comparet
816 2284 995 2364 paradisum
1020 2294 1052 2344 et
1077 2285 1117 2345 de
1142 2291 1256 2345 terrena

160 2366 336 2426 transferat
364 2365 396 2424 in
426 2364 588 2429 coelestia.
631 2367 683 2426 Sic
714 2366 870 2426 Dominus
891 2365 926 2424 in
954 2375 1063 2427 sancto
1088 2365 1255 2448 Evangelio

161 2449 359 2530 praeclaram
383 2447 508 2506 intonat
532 2469 665 2524 vocem,
697 2448 829 2511 dicenst
858 2447 1081 2508 leesaurr'zate
1099 2450 1189 2510 vobis
1205 2447 1256 2506 tlu-

162 2548 272 2590 souros
291 2532 325 2589 in
352 2529 451 2606 coelo,
472 2529 526 2588 ubi
546 2551 600 2589 nec
617 2529 681 2610 sur-
704 2530 836 2610 effodit,
859 2550 916 2590 nec
944 2532 1029 2590 tinea
1055 2531 1166 2592 sulcat.

214 2633 353 2717 Prologo
379 2635 419 2698 de
442 2637 562 2697 Clerico
586 2639 640 2719 qui
665 2640 698 2696 in
723 2637 917 2698 Monasterio
933 2643 1137 2717 remoratur,
1159 2639 1214 2718 qui
1239 2701 1240 2712 ,
1323 2689 1324 2704 ,

442 2739 528 2779 suum
551 2741 616 2779 rem
637 2719 769 2804 adipso
790 2720 859 2780 loco
882 2718 990 2780 donat.
1091 2757 1093 2762 -

168 2869 171 2876 ι
242 2825 347 2889 Debet
367 2826 603 2908 uuusquisque,
625 2827 779 2909 largiente
802 2827 953 2904 Domino,
974 2826 1051 2889 dum
1071 2837 1211 2889 versatur
1225 2825 1253 2884 in

162 2929 317 2995 corpore,
346 2910 455 2969 futura
482 2918 615 2992 tractare
641 2911 731 2970 etde
751 2909 878 2972 caducis
896 2910 991 2971 rebus
1013 2909 1147 2971 mercari
1164 2919 1253 2970 aeter-

163 3011 224 3054 na:
255 3000 291 3049 ut
330 2990 610 3072 quandoquidem,
640 2991 771 3051 iubente
800 2994 888 3066 Deo,
918 2993 958 3052 de
989 3014 1124 3074 corpore
1158 2989 1252 3073 egredi

163 3071 359 3152 contigerit,
390 3073 429 3134 de
460 3095 639 3134 mammona
664 3072 844 3154 iniquitatis
866 3073 1065 3134 mansionem
1089 3074 1149 3134 sibi
1172 3092 1251 3153 rope·
1322 3149 1323 3152 Ἴ

163 3157 227 3216 riat
253 3165 464 3234 comparatam
491 3155 522 3213 in
551 3157 659 3216 coelis.
703 3155 827 3215 Idcirco
853 3177 911 3235 ego
940 3155 995 3214 ille
1028 3157 1108 3216 cedo
1136 3157 1174 3216 ad
1194 3175 1251 3212 mo·
1322 3179 1323 3210 a

164 3235 304 3298 nasterio
329 3237 396 3314 illo,
419 3236 473 3296 ubi
496 3237 584 3296 Abba
612 3239 668 3298 ille
696 3245 800 3298 custos
820 3258 965 3320 praeesse
986 3237 1132 3315 ridetur,
1154 3248 1184 3299 ct
1211 3255 1251 3295 co·

163 3341 246 3380 mam
278 3319 388 3400 eapitis
418 3319 481 3380 mei
512 3319 632 3381 ibidem
656 3318 814 3400 deposui,
845 3327 877 3380 et
905 3319 937 3378 in
971 3318 1041 3399 ipso
1075 3318 1249 3380 monasterio

163 3402 222 3464 sub
245 3422 356 3464 norma
378 3401 569 3466 Sanctorum
593 3403 703 3466 risere
730 3401 845 3484 cupio,
874 3421 1061 3483 cessumque
1093 3401 1126 3461 in
1155 3419 1250 3486 perpe·

163 3492 265 3550 tuum.

593 3570 673 3626 Item
700 3567 842 3650 prologo.

248 3671 476 3752 Opportunum
498 3678 546 3730 est
566 3691 851 3752 unumquemque,
883 3671 958 3730 dum
980 3681 1109 3731 terrena
1134 3686 1248 3728 munera
1321 3671 1322 3692 ¹

164 3753 316 3833 possidet,
339 3774 397 3833 pro
425 3753 529 3812 anima
556 3775 612 3814 sua
634 3755 836 3832 frequentius
863 3754 1018 3833 cogitare,
1050 3763 1089 3840 pt
1110 3764 1248 3834 terrenam

164 3834 396 3899 beatitudinem
414 3831 575 3917 possidere
597 3847 764 3896 mereatur.
806 3838 876 3917 Ego
895 3835 1031 3895 inluster
1051 3837 1101 3896 vir
1120 3835 1172 3896 ille
1193 3851 1249 3892 sen·

164 3919 212 3979 tio
240 3940 290 3978 me
322 3919 406 3977 infra
437 3939 552 3997 corpus
584 3940 690 3977 meum
716 3920 877 3978 infirmum
899 3939 966 3978 csse
995 3928 1028 3976 et
1054 3917 1137 3976 infra
1162 3915 1247 3974 anima

165 3999 355 4062 mea-nimis
377 4021 445 4060 esse
468 4009 677 4082 peccatorem.
720 4001 880 4061 Admonet
902 4022 952 4060 me
979 4000 1087 4060 divina
1114 3996 1246 4080 potentia,

165 4085 218 4144 vel
247 4082 453 4164 cornpnnctio
481 4083 587 4142 cordis
613 4083 675 4142 mei
704 4084 783 4142 mibi
805 4083 954 4158 obvenit,
982 4091 1018 4142 ut
1040 4103 1099 4164 pro
1129 4075 1247 4161 peccatis
1320 4093 1321 4154 t

166 4186 252 4233 neas:
275 4164 454 4226 remedium
477 4165 601 4246 aliquid
624 4165 664 4231 de
683 4187 734 4228 res
756 4185 840 4228 meas
865 4164 944 4226 locis
973 4166 1162 4228 Satrctorum
1179 4157 1249 4222 dele·

168 4265 242 4330 gare
264 4245 417 4328 debeam„
447 4245 525 4312 Ideo
546 4236 636 4310 cedo'.
