<?xml version="1.0" encoding="UTF-8"?>
<!DOCTYPE html PUBLIC "-//W3C//DTD XHTML 1.0 Transitional//EN"
    "http://www.w3.org/TR/xhtml1/DTD/xhtml1-transitional.dtd">
<html xmlns="http://www.w3.org/1999/xhtml" xml:lang="en" lang="en">
 <head>
  <title>
</title>
<meta http-equiv="Content-Type" content="text/html;charset=utf-8" />
  <meta name='ocr-system' content='tesseract 3.04.00' />
  <meta name='ocr-capabilities' content='ocr_page ocr_carea ocr_par ocr_line ocrx_word'/>
</head>
<body>
  <div class='ocr_page' id='page_1' title='image "./corpusiurisgerm01visigoog_0070.png"; bbox 0 0 2786 4980; ppageno 0'>
   <div class='ocr_carea' id='block_1_1' title="bbox 297 311 1251 394">
    <p class='ocr_par' dir='ltr' id='par_1_1' title="bbox 297 311 1251 394">
     <span class='ocr_line' id='line_1_1' title="bbox 297 311 1251 394; baseline 0 -4"><span class='ocrx_word' id='word_1_1' title='bbox 297 335 331 390; x_wconf 80' lang='lat' dir='ltr'><strong>a</strong></span> <span class='ocrx_word' id='word_1_2' title='bbox 358 333 438 393; x_wconf 79' lang='lat' dir='ltr'><strong>cna</strong></span> <span class='ocrx_word' id='word_1_3' title='bbox 551 331 680 390; x_wconf 80' lang='lat' dir='ltr'><strong>raom</strong></span> <span class='ocrx_word' id='word_1_4' title='bbox 697 331 918 388; x_wconf 79' lang='lat' dir='ltr'><strong>smacoauu</strong></span> <span class='ocrx_word' id='word_1_5' title='bbox 1029 329 1091 394; x_wconf 81' lang='lat' dir='ltr'><strong>ssa.</strong></span> <span class='ocrx_word' id='word_1_6' title='bbox 1201 311 1251 390; x_wconf 79' lang='lat'><strong>57</strong></span> 
     </span>
    </p>
   </div>
   <div class='ocr_carea' id='block_1_2' title="bbox 133 473 1252 722">
    <p class='ocr_par' dir='ltr' id='par_1_2' title="bbox 133 473 1252 722">
     <span class='ocr_line' id='line_1_2' title="bbox 138 473 1252 560; baseline -0.005 -18"><span class='ocrx_word' id='word_1_7' title='bbox 138 475 364 560; x_wconf 86' lang='lat' dir='ltr'><strong>Wiugboldus.</strong></span> <span class='ocrx_word' id='word_1_8' title='bbox 405 473 572 537; x_wconf 81' lang='lat' dir='ltr'><strong>Berulfus.</strong></span> <span class='ocrx_word' id='word_1_9' title='bbox 621 473 723 538; x_wconf 85' lang='lat' dir='ltr'><strong>Wala.</strong></span> <span class='ocrx_word' id='word_1_10' title='bbox 771 474 893 538; x_wconf 87' lang='lat' dir='ltr'><strong>Herilo.</strong></span> <span class='ocrx_word' id='word_1_11' title='bbox 936 473 1136 538; x_wconf 82' lang='lat' dir='ltr'><strong>lleirbertus.</strong></span> <span class='ocrx_word' id='word_1_12' title='bbox 1177 474 1252 536; x_wconf 81' lang='lat' dir='ltr'><strong>Air-</strong></span> 
     </span>
     <span class='ocr_line' id='line_1_3' title="bbox 138 556 1252 642; baseline -0.001 -22"><span class='ocrx_word' id='word_1_13' title='bbox 138 560 240 622; x_wconf 88' lang='lat' dir='ltr'><strong>ardus.</strong></span> <span class='ocrx_word' id='word_1_14' title='bbox 280 561 472 622; x_wconf 87' lang='lat' dir='ltr'><strong>Gotlandus.</strong></span> <span class='ocrx_word' id='word_1_15' title='bbox 509 557 686 639; x_wconf 88' lang='lat' dir='ltr'><strong>Hilpricus.</strong></span> <span class='ocrx_word' id='word_1_16' title='bbox 714 558 896 640; x_wconf 76' lang='lat' dir='ltr'><strong>Gerlegius.</strong></span> <span class='ocrx_word' id='word_1_17' title='bbox 922 556 1111 642; x_wconf 76' lang='lat' dir='ltr'><strong>Amalgisus.</strong></span> <span class='ocrx_word' id='word_1_18' title='bbox 1141 560 1252 620; x_wconf 89' lang='lat' dir='ltr'><strong>lleico.</strong></span> 
     </span>
     <span class='ocr_line' id='line_1_4' title="bbox 133 640 674 722; baseline -0.011 -16"><span class='ocrx_word' id='word_1_19' title='bbox 133 644 327 722; x_wconf 74' lang='lat' dir='ltr'><strong>amalricus,</strong></span> <span class='ocrx_word' id='word_1_20' title='bbox 350 643 453 703; x_wconf 90' lang='lat' dir='ltr'><strong>maior</strong></span> <span class='ocrx_word' id='word_1_21' title='bbox 472 642 514 702; x_wconf 89' lang='lat' dir='ltr'><strong>de</strong></span> <span class='ocrx_word' id='word_1_22' title='bbox 535 640 674 700; x_wconf 86' lang='lat' dir='ltr'><strong>Buxido.</strong></span> 
     </span>
    </p>
   </div>
   <div class='ocr_carea' id='block_1_3' title="bbox 132 751 1253 1744">
    <p class='ocr_par' dir='ltr' id='par_1_3' title="bbox 329 751 1040 812">
     <span class='ocr_line' id='line_1_5' title="bbox 329 751 1040 812; baseline -0.003 1"><span class='ocrx_word' id='word_1_23' title='bbox 329 751 418 812; x_wconf 83' lang='lat' dir='ltr'><strong>lsrr</strong></span> <span class='ocrx_word' id='word_1_24' title='bbox 458 769 715 810; x_wconf 70' lang='lat' dir='ltr'><strong>iuraverunt</strong></span> <span class='ocrx_word' id='word_1_25' title='bbox 746 769 1040 812; x_wconf 78' lang='lat' dir='ltr'><strong>rtuarrrarrn.</strong></span> 
     </span>
    </p>

    <p class='ocr_par' dir='ltr' id='par_1_4' title="bbox 132 829 1253 1744">
     <span class='ocr_line' id='line_1_6' title="bbox 220 829 1252 912; baseline -0.004 -14"><span class='ocrx_word' id='word_1_26' title='bbox 220 835 458 898; x_wconf 83' lang='lat' dir='ltr'><strong>Go&#39;deramnus.</strong></span> <span class='ocrx_word' id='word_1_27' title='bbox 505 830 638 891; x_wconf 88' lang='lat' dir='ltr'><strong>Dodilo.</strong></span> <span class='ocrx_word' id='word_1_28' title='bbox 697 829 893 912; x_wconf 73' lang='lat' dir='ltr'><strong>sigebertus.</strong></span> <span class='ocrx_word' id='word_1_29' title='bbox 954 835 1137 897; x_wconf 78' lang='lat' dir='ltr'><strong>Fidentine.</strong></span> <span class='ocrx_word' id='word_1_30' title='bbox 1187 834 1252 894; x_wconf 79' lang='lat' dir='ltr'><strong>Er-</strong></span> 
     </span>
     <span class='ocr_line' id='line_1_7' title="bbox 134 912 1253 996; baseline -0.004 -16"><span class='ocrx_word' id='word_1_31' title='bbox 134 920 319 980; x_wconf 84' lang='lat' dir='ltr'><strong>meuulfus.</strong></span> <span class='ocrx_word' id='word_1_32' title='bbox 358 913 608 996; x_wconf 76' lang='lat' dir='ltr'><strong>Teutgriminus.</strong></span> <span class='ocrx_word' id='word_1_33' title='bbox 641 912 843 979; x_wconf 84' lang='lat' dir='ltr'><strong>Wicboldus.</strong></span> <span class='ocrx_word' id='word_1_34' title='bbox 884 916 1138 992; x_wconf 73' lang='lat' dir='ltr'><strong>Ermrngaudus.</strong></span> <span class='ocrx_word' id='word_1_35' title='bbox 1172 919 1253 976; x_wconf 87' lang='lat' dir='ltr'><strong>Rot-</strong></span> 
     </span>
     <span class='ocr_line' id='line_1_8' title="bbox 137 996 1252 1076; baseline -0.004 -14"><span class='ocrx_word' id='word_1_36' title='bbox 137 1003 296 1066; x_wconf 77' lang='lat' dir='ltr'><strong>munduS.</strong></span> <span class='ocrx_word' id='word_1_37' title='bbox 330 1000 498 1060; x_wconf 87' lang='lat' dir='ltr'><strong>Gislullus.</strong></span> <span class='ocrx_word' id='word_1_38' title='bbox 529 996 728 1055; x_wconf 87' lang='lat' dir='ltr'><strong>Haimiricus.</strong></span> <span class='ocrx_word' id='word_1_39' title='bbox 760 998 970 1058; x_wconf 82' lang='lat' dir='ltr'><strong>Teutbaldns.</strong></span> <span class='ocrx_word' id='word_1_40' title='bbox 1000 1003 1118 1076; x_wconf 68' lang='lat' dir='ltr'><strong>llrogn.</strong></span> <span class='ocrx_word' id='word_1_41' title='bbox 1147 1001 1252 1060; x_wconf 75' lang='lat' dir='ltr'><strong>Timo·</strong></span> 
     </span>
     <span class='ocr_line' id='line_1_9' title="bbox 143 1079 1252 1146; baseline -0.005 0"><span class='ocrx_word' id='word_1_42' title='bbox 143 1085 290 1146; x_wconf 83' lang='lat' dir='ltr'><strong>dericus.</strong></span> <span class='ocrx_word' id='word_1_43' title='bbox 330 1082 504 1142; x_wconf 84' lang='lat' dir='ltr'><strong>Ebroinus.</strong></span> <span class='ocrx_word' id='word_1_44' title='bbox 541 1079 715 1140; x_wconf 83' lang='lat' dir='ltr'><strong>Rodoinus.</strong></span> <span class='ocrx_word' id='word_1_45' title='bbox 758 1081 913 1140; x_wconf 89' lang='lat' dir='ltr'><strong>Gislinus.</strong></span> <span class='ocrx_word' id='word_1_46' title='bbox 956 1083 1127 1145; x_wconf 77' lang='lat' dir='ltr'><strong>wlfridus.</strong></span> <span class='ocrx_word' id='word_1_47' title='bbox 1174 1083 1252 1141; x_wconf 80' lang='lat' dir='ltr'><strong>liui-</strong></span> 
     </span>
     <span class='ocr_line' id='line_1_10' title="bbox 144 1159 1252 1244; baseline -0.004 -18"><span class='ocrx_word' id='word_1_48' title='bbox 144 1166 291 1227; x_wconf 90' lang='lat' dir='ltr'><strong>muinus.</strong></span> <span class='ocrx_word' id='word_1_49' title='bbox 318 1163 571 1225; x_wconf 85' lang='lat' dir='ltr'><strong>Wandrebertus.</strong></span> <span class='ocrx_word' id='word_1_50' title='bbox 602 1159 800 1222; x_wconf 83' lang='lat' dir='ltr'><strong>Berecarius.</strong></span> <span class='ocrx_word' id='word_1_51' title='bbox 834 1163 1023 1244; x_wconf 77' lang='lat' dir='ltr'><strong>Angelinus.</strong></span> <span class='ocrx_word' id='word_1_52' title='bbox 1060 1167 1139 1230; x_wconf 80' lang='lat' dir='ltr'><strong>Ado,</strong></span> <span class='ocrx_word' id='word_1_53' title='bbox 1169 1165 1252 1224; x_wconf 70' lang='lat' dir='ltr'><strong>aiei-</strong></span> 
     </span>
     <span class='ocr_line' id='line_1_11' title="bbox 147 1244 1253 1321; baseline -0.004 -13"><span class='ocrx_word' id='word_1_54' title='bbox 147 1249 279 1312; x_wconf 87' lang='lat' dir='ltr'><strong>uardus.</strong></span> <span class='ocrx_word' id='word_1_55' title='bbox 322 1246 482 1320; x_wconf 85' lang='lat' dir='ltr'><strong>Ottradus,</strong></span> <span class='ocrx_word' id='word_1_56' title='bbox 503 1244 653 1303; x_wconf 87' lang='lat' dir='ltr'><strong>decanus.</strong></span> <span class='ocrx_word' id='word_1_57' title='bbox 688 1245 898 1321; x_wconf 84' lang='lat' dir='ltr'><strong>Guntbortus,</strong></span> <span class='ocrx_word' id='word_1_58' title='bbox 922 1248 1070 1312; x_wconf 79' lang='lat' dir='ltr'><strong>decanus,</strong></span> <span class='ocrx_word' id='word_1_59' title='bbox 1103 1247 1253 1309; x_wconf 83' lang='lat' dir='ltr'><strong>lleruin-</strong></span> 
     </span>
     <span class='ocr_line' id='line_1_12' title="bbox 145 1326 1253 1407; baseline -0.005 -16"><span class='ocrx_word' id='word_1_60' title='bbox 145 1354 215 1407; x_wconf 88' lang='lat' dir='ltr'><strong>cus,</strong></span> <span class='ocrx_word' id='word_1_61' title='bbox 248 1331 394 1391; x_wconf 85' lang='lat' dir='ltr'><strong>decanus.</strong></span> <span class='ocrx_word' id='word_1_62' title='bbox 437 1326 540 1390; x_wconf 83' lang='lat' dir='ltr'><strong>Ozias.</strong></span> <span class='ocrx_word' id='word_1_63' title='bbox 582 1327 683 1391; x_wconf 81' lang='lat' dir='ltr'><strong>Ailus.</strong></span> <span class='ocrx_word' id='word_1_64' title='bbox 725 1329 920 1395; x_wconf 81' lang='lat' dir='ltr'><strong>Teudaldus.</strong></span> <span class='ocrx_word' id='word_1_65' title='bbox 964 1330 1161 1406; x_wconf 87' lang='lat' dir='ltr'><strong>Teodoldus,</strong></span> <span class='ocrx_word' id='word_1_66' title='bbox 1193 1330 1253 1388; x_wconf 89' lang='lat' dir='ltr'><strong>de-</strong></span> 
     </span>
     <span class='ocr_line' id='line_1_13' title="bbox 141 1408 1253 1488; baseline -0.008 -14"><span class='ocrx_word' id='word_1_67' title='bbox 141 1435 251 1474; x_wconf 86' lang='lat' dir='ltr'><strong>canus.</strong></span> <span class='ocrx_word' id='word_1_68' title='bbox 293 1411 463 1474; x_wconf 90' lang='lat' dir='ltr'><strong>Bertricus.</strong></span> <span class='ocrx_word' id='word_1_69' title='bbox 504 1408 656 1474; x_wconf 84' lang='lat' dir='ltr'><strong>Rotbaus.</strong></span> <span class='ocrx_word' id='word_1_70' title='bbox 699 1408 900 1488; x_wconf 76' lang='lat' dir='ltr'><strong>ingobertus.</strong></span> <span class='ocrx_word' id='word_1_71' title='bbox 943 1413 1124 1488; x_wconf 85' lang='lat' dir='ltr'><strong>llmblinus,</strong></span> <span class='ocrx_word' id='word_1_72' title='bbox 1157 1414 1253 1472; x_wconf 68' lang='lat' dir='ltr'><strong>‹leeri-</strong></span> 
     </span>
     <span class='ocr_line' id='line_1_14' title="bbox 136 1492 1250 1574; baseline -0.002 -20"><span class='ocrx_word' id='word_1_73' title='bbox 136 1519 211 1560; x_wconf 85' lang='lat' dir='ltr'>nus.</span> <span class='ocrx_word' id='word_1_74' title='bbox 255 1494 463 1569; x_wconf 87' lang='lat' dir='ltr'><strong>Gozselmus,</strong></span> <span class='ocrx_word' id='word_1_75' title='bbox 498 1492 647 1556; x_wconf 87' lang='lat' dir='ltr'><strong>decanus.</strong></span> <span class='ocrx_word' id='word_1_76' title='bbox 688 1494 856 1558; x_wconf 85' lang='lat' dir='ltr'><strong>Wlfarius.</strong></span> <span class='ocrx_word' id='word_1_77' title='bbox 898 1495 1087 1557; x_wconf 86' lang='lat' dir='ltr'><strong>Flodoinus.</strong></span> <span class='ocrx_word' id='word_1_78' title='bbox 1129 1495 1250 1574; x_wconf 72' lang='lat' dir='ltr'><strong>Angla·</strong></span> 
     </span>
     <span class='ocr_line' id='line_1_15' title="bbox 132 1575 1253 1654; baseline 0 -16"><span class='ocrx_word' id='word_1_79' title='bbox 132 1577 259 1638; x_wconf 88' lang='lat' dir='ltr'><strong>bertus.</strong></span> <span class='ocrx_word' id='word_1_80' title='bbox 301 1576 541 1640; x_wconf 85' lang='lat' dir='ltr'><strong>Emmenulfus.</strong></span> <span class='ocrx_word' id='word_1_81' title='bbox 583 1575 775 1654; x_wconf 85' lang='lat' dir='ltr'><strong>Sicbertus,</strong></span> <span class='ocrx_word' id='word_1_82' title='bbox 807 1577 956 1642; x_wconf 82' lang='lat' dir='ltr'><strong>decanus.</strong></span> <span class='ocrx_word' id='word_1_83' title='bbox 999 1582 1110 1642; x_wconf 80' lang='lat' dir='ltr'><strong>Hecto.</strong></span> <span class='ocrx_word' id='word_1_84' title='bbox 1155 1579 1253 1637; x_wconf 83' lang='lat' dir='ltr'><strong>lsaac.</strong></span> 
     </span>
     <span class='ocr_line' id='line_1_16' title="bbox 134 1658 1192 1744; baseline -0.001 -23"><span class='ocrx_word' id='word_1_85' title='bbox 134 1659 317 1722; x_wconf 88' lang='lat' dir='ltr'><strong>Gislardus.</strong></span> <span class='ocrx_word' id='word_1_86' title='bbox 357 1659 516 1721; x_wconf 83' lang='lat' dir='ltr'><strong>Alaricus.</strong></span> <span class='ocrx_word' id='word_1_87' title='bbox 559 1658 731 1727; x_wconf 86' lang='lat' dir='ltr'><strong>Gerardus.</strong></span> <span class='ocrx_word' id='word_1_88' title='bbox 773 1660 1017 1744; x_wconf 80' lang='lat' dir='ltr'><strong>Madergaudus,</strong></span> <span class='ocrx_word' id='word_1_89' title='bbox 1041 1661 1192 1722; x_wconf 89' lang='lat' dir='ltr'><strong>decanus.</strong></span> 
     </span>
    </p>
   </div>
   <div class='ocr_carea' id='block_1_4' title="bbox 385 1837 1007 1924">
    <p class='ocr_par' dir='ltr' id='par_1_5' title="bbox 385 1837 1007 1924">
     <span class='ocr_line' id='line_1_17' title="bbox 385 1837 1007 1924; baseline -0.005 -21"><span class='ocrx_word' id='word_1_90' title='bbox 385 1837 1007 1924; x_wconf 69' lang='lat' dir='ltr'><strong>arruausxva</strong></span> 
     </span>
    </p>
   </div>
   <div class='ocr_carea' id='block_1_5' title="bbox 448 1977 944 2019">
    <p class='ocr_par' dir='ltr' id='par_1_6' title="bbox 448 1977 944 2019">
     <span class='ocr_line' id='line_1_18' title="bbox 448 1977 944 2019; baseline 0.002 -3"><span class='ocrx_word' id='word_1_91' title='bbox 448 1977 589 2019; x_wconf 74' lang='lat' dir='ltr'><strong>APUD</strong></span> <span class='ocrx_word' id='word_1_92' title='bbox 634 1977 944 2018; x_wconf 68' lang='lat' dir='ltr'><strong>tauricana.</strong></span> 
     </span>
    </p>
   </div>
   <div class='ocr_carea' id='block_1_6' title="bbox 138 2073 1251 2282">
    <p class='ocr_par' dir='ltr' id='par_1_7' title="bbox 138 2073 1251 2282">
     <span class='ocr_line' id='line_1_19' title="bbox 138 2073 1251 2165; baseline -0.001 -21"><span class='ocrx_word' id='word_1_93' title='bbox 138 2073 235 2144; x_wconf 83' lang='lat' dir='ltr'><strong>Hae</strong></span> <span class='ocrx_word' id='word_1_94' title='bbox 259 2085 342 2143; x_wconf 83' lang='lat' dir='ltr'><strong>sunt</strong></span> <span class='ocrx_word' id='word_1_95' title='bbox 365 2075 671 2145; x_wconf 71' lang='lat' dir='ltr'><em>adnuntiationes</em></span> <span class='ocrx_word' id='word_1_96' title='bbox 689 2099 782 2165; x_wconf 77' lang='lat' dir='ltr'><strong>quas</strong></span> <span class='ocrx_word' id='word_1_97' title='bbox 793 2075 1019 2145; x_wconf 83' lang='lat' dir='ltr'><strong>Hlotlrnrius</strong></span> <span class='ocrx_word' id='word_1_98' title='bbox 1038 2087 1073 2143; x_wconf 76' lang='lat' dir='ltr'><strong>et</strong></span> <span class='ocrx_word' id='word_1_99' title='bbox 1084 2076 1127 2144; x_wconf 85' lang='lat' dir='ltr'><em>K</em></span> <span class='ocrx_word' id='word_1_100' title='bbox 1123 2075 1251 2146; x_wconf 80' lang='lat' dir='ltr'><strong>aroino</strong></span> 
     </span>
     <span class='ocr_line' id='line_1_20' title="bbox 145 2174 1241 2282; baseline 0.002 -40"><span class='ocrx_word' id='word_1_101' title='bbox 145 2174 259 2268; x_wconf 79' lang='lat' dir='ltr'><strong>apud</strong></span> <span class='ocrx_word' id='word_1_102' title='bbox 276 2175 485 2244; x_wconf 75' lang='lat' dir='ltr'><strong>Laudiceni</strong></span> <span class='ocrx_word' id='word_1_103' title='bbox 510 2175 849 2282; x_wconf 71' lang='lat' dir='ltr'><strong>udnnntiauernnt,</strong></span> <span class='ocrx_word' id='word_1_104' title='bbox 878 2200 976 2246; x_wconf 86' lang='lat' dir='ltr'><strong>anno</strong></span> <span class='ocrx_word' id='word_1_105' title='bbox 1003 2175 1241 2248; x_wconf 83' lang='lat' dir='ltr'><strong>DCCCLlV.</strong></span> 
     </span>
    </p>
   </div>
   <div class='ocr_carea' id='block_1_7' title="bbox 234 2304 1156 2382">
    <p class='ocr_par' dir='ltr' id='par_1_8' title="bbox 234 2304 1156 2382">
     <span class='ocr_line' id='line_1_21' title="bbox 234 2304 1156 2382; baseline 0.002 -20"><span class='ocrx_word' id='word_1_106' title='bbox 234 2304 532 2382; x_wconf 73' lang='lat' dir='ltr'><strong>Huorasarus,</strong></span> <span class='ocrx_word' id='word_1_107' title='bbox 578 2325 867 2367; x_wconf 71' lang='lat' dir='ltr'><strong>securissimus</strong></span> <span class='ocrx_word' id='word_1_108' title='bbox 907 2305 1156 2366; x_wconf 75' lang='lat' dir='ltr'><strong>Inraaaaou.</strong></span> 
     </span>
    </p>
   </div>
   <div class='ocr_carea' id='block_1_8' title="bbox 135 2405 1256 3346">
    <p class='ocr_par' dir='ltr' id='par_1_9' title="bbox 135 2405 1255 3282">
     <span class='ocr_line' id='line_1_22' title="bbox 221 2405 1253 2536; baseline 0.005 -24"><span class='ocrx_word' id='word_1_109' title='bbox 221 2454 247 2520; x_wconf 91' lang='grc' dir='ltr'><strong>Ι,</strong></span> <span class='ocrx_word' id='word_1_110' title='bbox 269 2405 372 2514; x_wconf 79' lang='lat' dir='ltr'><strong>Scire</strong></span> <span class='ocrx_word' id='word_1_111' title='bbox 391 2456 542 2517; x_wconf 80' lang='lat' dir='ltr'><strong>volumus</strong></span> <span class='ocrx_word' id='word_1_112' title='bbox 563 2467 699 2518; x_wconf 82' lang='lat' dir='ltr'><strong>vestram</strong></span> <span class='ocrx_word' id='word_1_113' title='bbox 721 2456 863 2516; x_wconf 90' lang='lat' dir='ltr'><strong>omnium</strong></span> <span class='ocrx_word' id='word_1_114' title='bbox 885 2457 1072 2517; x_wconf 83' lang='lat' dir='ltr'><strong>fidelitatem</strong></span> <span class='ocrx_word' id='word_1_115' title='bbox 1092 2455 1168 2536; x_wconf 91' lang='lat' dir='ltr'><strong>quia</strong></span> <span class='ocrx_word' id='word_1_116' title='bbox 1190 2455 1253 2517; x_wconf 80' lang='lat' dir='ltr'><strong>fre-</strong></span> 
     </span>
     <span class='ocr_line' id='line_1_23' title="bbox 140 2539 1252 2619; baseline 0.001 -22"><span class='ocrx_word' id='word_1_117' title='bbox 140 2547 282 2616; x_wconf 89' lang='lat' dir='ltr'><strong>quenter</strong></span> <span class='ocrx_word' id='word_1_118' title='bbox 303 2539 465 2619; x_wconf 84' lang='lat' dir='ltr'><strong>praesenti</strong></span> <span class='ocrx_word' id='word_1_119' title='bbox 486 2560 572 2600; x_wconf 88' lang='lat' dir='ltr'><strong>anuo</strong></span> <span class='ocrx_word' id='word_1_120' title='bbox 597 2539 841 2600; x_wconf 89' lang='lat' dir='ltr'><strong>dilectissimum</strong></span> <span class='ocrx_word' id='word_1_121' title='bbox 859 2541 989 2598; x_wconf 87' lang='lat' dir='ltr'><strong>fratrem</strong></span> <span class='ocrx_word' id='word_1_122' title='bbox 1010 2548 1154 2598; x_wconf 85' lang='lat' dir='ltr'><strong>nostrum</strong></span> <span class='ocrx_word' id='word_1_123' title='bbox 1170 2541 1252 2598; x_wconf 87' lang='lat' dir='ltr'><strong>lllu-</strong></span> 
     </span>
     <span class='ocr_line' id='line_1_24' title="bbox 142 2619 1253 2701; baseline 0.002 -22"><span class='ocrx_word' id='word_1_124' title='bbox 142 2619 320 2680; x_wconf 87' lang='lat' dir='ltr'><strong>douvicum</strong></span> <span class='ocrx_word' id='word_1_125' title='bbox 351 2621 561 2683; x_wconf 82' lang='lat' dir='ltr'><strong>invitavimus</strong></span> <span class='ocrx_word' id='word_1_126' title='bbox 582 2632 619 2682; x_wconf 90' lang='lat' dir='ltr'><strong>ut</strong></span> <span class='ocrx_word' id='word_1_127' title='bbox 640 2643 809 2684; x_wconf 91' lang='lat' dir='ltr'><strong>commune</strong></span> <span class='ocrx_word' id='word_1_128' title='bbox 838 2620 1048 2701; x_wconf 84' lang='lat' dir='ltr'><strong>conloquium</strong></span> <span class='ocrx_word' id='word_1_129' title='bbox 1072 2643 1146 2678; x_wconf 89' lang='lat' dir='ltr'><strong>cum</strong></span> <span class='ocrx_word' id='word_1_130' title='bbox 1171 2621 1253 2680; x_wconf 90' lang='lat' dir='ltr'><strong>lide-</strong></span> 
     </span>
     <span class='ocr_line' id='line_1_25' title="bbox 139 2700 1254 2788; baseline 0.002 -28"><span class='ocrx_word' id='word_1_131' title='bbox 139 2700 226 2762; x_wconf 87' lang='lat' dir='ltr'><strong>libus</strong></span> <span class='ocrx_word' id='word_1_132' title='bbox 258 2703 375 2764; x_wconf 88' lang='lat' dir='ltr'><strong>nostris</strong></span> <span class='ocrx_word' id='word_1_133' title='bbox 410 2702 619 2783; x_wconf 83' lang='lat' dir='ltr'><strong>haberemus,</strong></span> <span class='ocrx_word' id='word_1_134' title='bbox 654 2717 749 2788; x_wconf 86' lang='lat' dir='ltr'><strong>atque</strong></span> <span class='ocrx_word' id='word_1_135' title='bbox 778 2727 850 2764; x_wconf 91' lang='lat' dir='ltr'><strong>cum</strong></span> <span class='ocrx_word' id='word_1_136' title='bbox 879 2704 946 2763; x_wconf 88' lang='lat' dir='ltr'><strong>illis</strong></span> <span class='ocrx_word' id='word_1_137' title='bbox 971 2702 1010 2762; x_wconf 89' lang='lat' dir='ltr'><strong>de</strong></span> <span class='ocrx_word' id='word_1_138' title='bbox 1039 2703 1172 2763; x_wconf 88' lang='lat' dir='ltr'><strong>Domini</strong></span> <span class='ocrx_word' id='word_1_139' title='bbox 1200 2725 1254 2762; x_wconf 89' lang='lat' dir='ltr'><strong>vo·</strong></span> 
     </span>
     <span class='ocr_line' id='line_1_26' title="bbox 140 2783 1253 2870; baseline 0 -28"><span class='ocrx_word' id='word_1_140' title='bbox 140 2783 277 2862; x_wconf 88' lang='lat' dir='ltr'><strong>luntate,</strong></span> <span class='ocrx_word' id='word_1_141' title='bbox 306 2796 463 2868; x_wconf 88' lang='lat' dir='ltr'><strong>quantum</strong></span> <span class='ocrx_word' id='word_1_142' title='bbox 483 2788 550 2869; x_wconf 90' lang='lat' dir='ltr'><strong>ipse</strong></span> <span class='ocrx_word' id='word_1_143' title='bbox 579 2789 734 2870; x_wconf 82' lang='lat' dir='ltr'><strong>inspirare</strong></span> <span class='ocrx_word' id='word_1_144' title='bbox 763 2788 875 2861; x_wconf 83' lang='lat' dir='ltr'><strong>vellet,</strong></span> <span class='ocrx_word' id='word_1_145' title='bbox 913 2807 949 2845; x_wconf 89' lang='lat' dir='ltr'><strong>ac</strong></span> <span class='ocrx_word' id='word_1_146' title='bbox 980 2785 1019 2846; x_wconf 89' lang='lat' dir='ltr'><strong>dc</strong></span> <span class='ocrx_word' id='word_1_147' title='bbox 1042 2795 1168 2845; x_wconf 87' lang='lat' dir='ltr'><strong>sanctae</strong></span> <span class='ocrx_word' id='word_1_148' title='bbox 1191 2784 1253 2844; x_wconf 89' lang='lat' dir='ltr'><strong>Dei</strong></span> 
     </span>
     <span class='ocr_line' id='line_1_27' title="bbox 137 2865 1254 2954; baseline -0.004 -24"><span class='ocrx_word' id='word_1_149' title='bbox 137 2869 307 2930; x_wconf 84' lang='lat' dir='ltr'><strong>Ecclesiae</strong></span> <span class='ocrx_word' id='word_1_150' title='bbox 333 2865 491 2944; x_wconf 87' lang='lat' dir='ltr'><strong>utilitate,</strong></span> <span class='ocrx_word' id='word_1_151' title='bbox 515 2881 688 2954; x_wconf 87' lang='lat' dir='ltr'><strong>nostroque</strong></span> <span class='ocrx_word' id='word_1_152' title='bbox 714 2892 750 2929; x_wconf 90' lang='lat' dir='ltr'><strong>ac</strong></span> <span class='ocrx_word' id='word_1_153' title='bbox 776 2876 958 2929; x_wconf 80' lang='lat' dir='ltr'><strong>nostrorum</strong></span> <span class='ocrx_word' id='word_1_154' title='bbox 985 2868 1148 2929; x_wconf 89' lang='lat' dir='ltr'><strong>communi</strong></span> <span class='ocrx_word' id='word_1_155' title='bbox 1176 2889 1254 2949; x_wconf 89' lang='lat' dir='ltr'><strong>pro-</strong></span> 
     </span>
     <span class='ocr_line' id='line_1_28' title="bbox 135 2949 1254 3028; baseline -0.001 -17"><span class='ocrx_word' id='word_1_156' title='bbox 135 2952 240 3028; x_wconf 85' lang='lat' dir='ltr'><strong>fectu,</strong></span> <span class='ocrx_word' id='word_1_157' title='bbox 251 2950 375 3012; x_wconf 88' lang='lat' dir='ltr'><strong>honore</strong></span> <span class='ocrx_word' id='word_1_158' title='bbox 399 2962 431 3012; x_wconf 90' lang='lat' dir='ltr'><strong>et</strong></span> <span class='ocrx_word' id='word_1_159' title='bbox 454 2954 642 3013; x_wconf 77' lang='lat' dir='ltr'><strong>necessitate</strong></span> <span class='ocrx_word' id='word_1_160' title='bbox 665 2962 872 3013; x_wconf 80' lang='lat' dir='ltr'><strong>tractaremus</strong></span> <span class='ocrx_word' id='word_1_161' title='bbox 888 2959 920 3012; x_wconf 90' lang='lat' dir='ltr'><strong>et</strong></span> <span class='ocrx_word' id='word_1_162' title='bbox 934 2952 1165 3012; x_wconf 87' lang='lat' dir='ltr'><strong>ordinaremus.</strong></span> <span class='ocrx_word' id='word_1_163' title='bbox 1189 2949 1254 3010; x_wconf 87' lang='lat' dir='ltr'><strong>Sed</strong></span> 
     </span>
     <span class='ocr_line' id='line_1_29' title="bbox 137 3033 1253 3117; baseline -0.001 -25"><span class='ocrx_word' id='word_1_164' title='bbox 137 3033 219 3114; x_wconf 88' lang='lat' dir='ltr'><strong>quia</strong></span> <span class='ocrx_word' id='word_1_165' title='bbox 238 3034 423 3114; x_wconf 90' lang='lat' dir='ltr'><strong>praedictus</strong></span> <span class='ocrx_word' id='word_1_166' title='bbox 453 3037 554 3095; x_wconf 85' lang='lat' dir='ltr'><strong>frater</strong></span> <span class='ocrx_word' id='word_1_167' title='bbox 579 3046 689 3097; x_wconf 88' lang='lat' dir='ltr'><strong>noster</strong></span> <span class='ocrx_word' id='word_1_168' title='bbox 715 3035 889 3113; x_wconf 87' lang='lat' dir='ltr'><strong>hactenus,</strong></span> <span class='ocrx_word' id='word_1_169' title='bbox 913 3035 996 3094; x_wconf 90' lang='lat' dir='ltr'><strong>sicut</strong></span> <span class='ocrx_word' id='word_1_170' title='bbox 1018 3046 1253 3117; x_wconf 82' lang='lat' dir='ltr'><strong>optaveramus,</strong></span> 
     </span>
     <span class='ocr_line' id='line_1_30' title="bbox 137 3115 1255 3197; baseline 0.004 -23"><span class='ocrx_word' id='word_1_171' title='bbox 137 3115 335 3196; x_wconf 87' lang='lat' dir='ltr'><strong>quibusdam</strong></span> <span class='ocrx_word' id='word_1_172' title='bbox 355 3117 606 3197; x_wconf 84' lang='lat' dir='ltr'><strong>impedientibus</strong></span> <span class='ocrx_word' id='word_1_173' title='bbox 628 3118 748 3194; x_wconf 89' lang='lat' dir='ltr'><strong>causis,</strong></span> <span class='ocrx_word' id='word_1_174' title='bbox 764 3119 881 3179; x_wconf 42' lang='lat' dir='ltr'><strong>&#39;venire</strong></span> <span class='ocrx_word' id='word_1_175' title='bbox 912 3118 1055 3196; x_wconf 86' lang='lat' dir='ltr'><strong>distulit,</strong></span> <span class='ocrx_word' id='word_1_176' title='bbox 1089 3139 1146 3178; x_wconf 89' lang='lat' dir='ltr'><strong>uos</strong></span> <span class='ocrx_word' id='word_1_177' title='bbox 1168 3117 1255 3178; x_wconf 89' lang='lat' dir='ltr'><strong>illud</strong></span> 
     </span>
     <span class='ocr_line' id='line_1_31' title="bbox 138 3199 1109 3282; baseline 0.001 -22"><span class='ocrx_word' id='word_1_178' title='bbox 138 3199 291 3260; x_wconf 88' lang='lat' dir='ltr'><strong>omittere</strong></span> <span class='ocrx_word' id='word_1_179' title='bbox 312 3199 472 3262; x_wconf 91' lang='lat' dir='ltr'><strong>noluimus</strong></span> <span class='ocrx_word' id='word_1_180' title='bbox 497 3201 576 3282; x_wconf 88' lang='lat' dir='ltr'><strong>quin</strong></span> <span class='ocrx_word' id='word_1_181' title='bbox 598 3200 722 3260; x_wconf 87' lang='lat' dir='ltr'><strong>utiliter</strong></span> <span class='ocrx_word' id='word_1_182' title='bbox 746 3223 803 3261; x_wconf 93' lang='lat' dir='ltr'><strong>nos</strong></span> <span class='ocrx_word' id='word_1_183' title='bbox 828 3202 1109 3282; x_wconf 78' lang='lat' dir='ltr'><strong>coniungercmus·</strong></span> 
     </span>
    </p>

    <p class='ocr_par' dir='ltr' id='par_1_10' title="bbox 225 3280 1256 3346">
     <span class='ocr_line' id='line_1_32' title="bbox 225 3280 1256 3346; baseline 0.006 -8"><span class='ocrx_word' id='word_1_184' title='bbox 225 3280 267 3339; x_wconf 92' lang='lat' dir='ltr'><strong>ll.</strong></span> <span class='ocrx_word' id='word_1_185' title='bbox 307 3282 402 3342; x_wconf 90' lang='lat' dir='ltr'><strong>Nunc</strong></span> <span class='ocrx_word' id='word_1_186' title='bbox 425 3284 574 3344; x_wconf 83' lang='lat' dir='ltr'><strong>volumus</strong></span> <span class='ocrx_word' id='word_1_187' title='bbox 595 3305 650 3346; x_wconf 76' lang='lat' dir='ltr'><strong>vos</strong></span> <span class='ocrx_word' id='word_1_188' title='bbox 672 3295 776 3344; x_wconf 90' lang='lat' dir='ltr'><strong>certos</strong></span> <span class='ocrx_word' id='word_1_189' title='bbox 804 3285 941 3344; x_wconf 87' lang='lat' dir='ltr'><strong>reddere</strong></span> <span class='ocrx_word' id='word_1_190' title='bbox 972 3286 1011 3344; x_wconf 90' lang='lat' dir='ltr'><strong>de</strong></span> <span class='ocrx_word' id='word_1_191' title='bbox 1043 3293 1150 3344; x_wconf 88' lang='lat' dir='ltr'><strong>nostra</strong></span> <span class='ocrx_word' id='word_1_192' title='bbox 1180 3307 1256 3344; x_wconf 93' lang='lat' dir='ltr'><strong>con-</strong></span> 
     </span>
    </p>
   </div>
   <div class='ocr_carea' id='block_1_9' title="bbox 138 3361 1346 3448">
    <p class='ocr_par' dir='ltr' id='par_1_11' title="bbox 138 3361 1346 3448">
     <span class='ocr_line' id='line_1_33' title="bbox 138 3361 1346 3448; baseline 0.005 -27"><span class='ocrx_word' id='word_1_193' title='bbox 138 3361 328 3439; x_wconf 88' lang='lat' dir='ltr'><strong>iunctione,</strong></span> <span class='ocrx_word' id='word_1_194' title='bbox 362 3363 438 3444; x_wconf 91' lang='lat' dir='ltr'><strong>quia</strong></span> <span class='ocrx_word' id='word_1_195' title='bbox 463 3365 591 3426; x_wconf 86' lang='lat' dir='ltr'><strong>Christo</strong></span> <span class='ocrx_word' id='word_1_196' title='bbox 613 3365 753 3448; x_wconf 89' lang='lat' dir='ltr'><strong>propitio</strong></span> <span class='ocrx_word' id='word_1_197' title='bbox 774 3368 952 3426; x_wconf 84' lang='lat' dir='ltr'><strong>secuudum</strong></span> <span class='ocrx_word' id='word_1_198' title='bbox 975 3369 1079 3426; x_wconf 88' lang='lat' dir='ltr'><strong>Deum</strong></span> <span class='ocrx_word' id='word_1_199' title='bbox 1098 3367 1137 3426; x_wconf 89' lang='lat' dir='ltr'><strong>ad</strong></span> <span class='ocrx_word' id='word_1_200' title='bbox 1166 3369 1256 3426; x_wconf 87' lang='lat' dir='ltr'><strong>salu·</strong></span> <span class='ocrx_word' id='word_1_201' title='bbox 1342 3369 1346 3374; x_wconf 77' lang='grc'><strong>’</strong></span> 
     </span>
    </p>
   </div>
   <div class='ocr_carea' id='block_1_10' title="bbox 137 3447 1257 4360">
    <p class='ocr_par' dir='ltr' id='par_1_12' title="bbox 138 3447 1257 3756">
     <span class='ocr_line' id='line_1_34' title="bbox 138 3447 1257 3527; baseline 0.004 -24"><span class='ocrx_word' id='word_1_202' title='bbox 138 3453 208 3504; x_wconf 90' lang='lat' dir='ltr'><strong>tem</strong></span> <span class='ocrx_word' id='word_1_203' title='bbox 229 3455 355 3507; x_wconf 89' lang='lat' dir='ltr'><strong>sauctae</strong></span> <span class='ocrx_word' id='word_1_204' title='bbox 377 3447 438 3506; x_wconf 90' lang='lat' dir='ltr'><strong>Dei</strong></span> <span class='ocrx_word' id='word_1_205' title='bbox 461 3448 643 3524; x_wconf 87' lang='lat' dir='ltr'><strong>Ecclesiae,</strong></span> <span class='ocrx_word' id='word_1_206' title='bbox 667 3458 871 3527; x_wconf 89' lang='lat' dir='ltr'><strong>nostramque</strong></span> <span class='ocrx_word' id='word_1_207' title='bbox 894 3471 929 3506; x_wconf 91' lang='lat' dir='ltr'><strong>ac</strong></span> <span class='ocrx_word' id='word_1_208' title='bbox 946 3459 1082 3508; x_wconf 85' lang='lat' dir='ltr'><strong>vestram</strong></span> <span class='ocrx_word' id='word_1_209' title='bbox 1108 3471 1257 3508; x_wconf 88' lang='lat' dir='ltr'><strong>commu-</strong></span> 
     </span>
     <span class='ocr_line' id='line_1_35' title="bbox 139 3527 1257 3608; baseline 0 -20"><span class='ocrx_word' id='word_1_210' title='bbox 139 3549 219 3588; x_wconf 88' lang='lat' dir='ltr'><strong>nem</strong></span> <span class='ocrx_word' id='word_1_211' title='bbox 254 3527 428 3589; x_wconf 85' lang='lat' dir='ltr'><strong>utilitatem</strong></span> <span class='ocrx_word' id='word_1_212' title='bbox 458 3540 490 3590; x_wconf 90' lang='lat' dir='ltr'><strong>et</strong></span> <span class='ocrx_word' id='word_1_213' title='bbox 521 3531 759 3608; x_wconf 87' lang='lat' dir='ltr'><strong>necessitatem,</strong></span> <span class='ocrx_word' id='word_1_214' title='bbox 795 3529 1064 3590; x_wconf 85' lang='lat' dir='ltr'><strong>indissolubiliter</strong></span> <span class='ocrx_word' id='word_1_215' title='bbox 1099 3532 1195 3589; x_wconf 85' lang='lat' dir='ltr'><strong>corde</strong></span> <span class='ocrx_word' id='word_1_216' title='bbox 1225 3539 1257 3588; x_wconf 92' lang='lat' dir='ltr'><strong>et</strong></span> 
     </span>
     <span class='ocr_line' id='line_1_36' title="bbox 139 3611 1256 3693; baseline 0.002 -23"><span class='ocrx_word' id='word_1_217' title='bbox 139 3630 240 3692; x_wconf 90' lang='lat' dir='ltr'><strong>opere</strong></span> <span class='ocrx_word' id='word_1_218' title='bbox 265 3612 460 3693; x_wconf 79' lang='lat' dir='ltr'><strong>coniungere</strong></span> <span class='ocrx_word' id='word_1_219' title='bbox 485 3635 542 3673; x_wconf 91' lang='lat' dir='ltr'><strong>nos</strong></span> <span class='ocrx_word' id='word_1_220' title='bbox 562 3615 722 3691; x_wconf 87' lang='lat' dir='ltr'><strong>volumus,</strong></span> <span class='ocrx_word' id='word_1_221' title='bbox 746 3621 782 3673; x_wconf 89' lang='lat' dir='ltr'><strong>ut</strong></span> <span class='ocrx_word' id='word_1_222' title='bbox 806 3633 907 3670; x_wconf 90' lang='lat' dir='ltr'><strong>unum</strong></span> <span class='ocrx_word' id='word_1_223' title='bbox 927 3611 1025 3672; x_wconf 91' lang='lat' dir='ltr'><strong>simus</strong></span> <span class='ocrx_word' id='word_1_224' title='bbox 1048 3613 1082 3670; x_wconf 90' lang='lat' dir='ltr'><strong>iu</strong></span> <span class='ocrx_word' id='word_1_225' title='bbox 1106 3611 1256 3692; x_wconf 69' lang='lat' dir='ltr'><strong>anistO,</strong></span> 
     </span>
     <span class='ocr_line' id='line_1_37' title="bbox 138 3694 662 3756; baseline 0 -2"><span class='ocrx_word' id='word_1_226' title='bbox 138 3703 174 3754; x_wconf 85' lang='lat' dir='ltr'><strong>et</strong></span> <span class='ocrx_word' id='word_1_227' title='bbox 196 3713 252 3754; x_wconf 79' lang='lat' dir='ltr'><strong>vos</strong></span> <span class='ocrx_word' id='word_1_228' title='bbox 272 3715 373 3753; x_wconf 89' lang='lat' dir='ltr'><strong>unum</strong></span> <span class='ocrx_word' id='word_1_229' title='bbox 395 3694 463 3755; x_wconf 88' lang='lat' dir='ltr'><strong>sitis</strong></span> <span class='ocrx_word' id='word_1_230' title='bbox 486 3695 662 3756; x_wconf 86' lang='lat' dir='ltr'><strong>nobiscum.</strong></span> 
     </span>
    </p>

    <p class='ocr_par' dir='ltr' id='par_1_13' title="bbox 137 3773 1256 4187">
     <span class='ocr_line' id='line_1_38' title="bbox 223 3773 1254 3860; baseline -0.001 -26"><span class='ocrx_word' id='word_1_231' title='bbox 223 3773 287 3840; x_wconf 85' lang='grc' dir='ltr'>ΙΙΙ,</span> <span class='ocrx_word' id='word_1_232' title='bbox 331 3777 465 3858; x_wconf 87' lang='lat' dir='ltr'><strong>Sapiatis</strong></span> <span class='ocrx_word' id='word_1_233' title='bbox 494 3778 570 3860; x_wconf 90' lang='lat' dir='ltr'><strong>quia</strong></span> <span class='ocrx_word' id='word_1_234' title='bbox 600 3779 706 3860; x_wconf 79' lang='lat' dir='ltr'><strong>legem</strong></span> <span class='ocrx_word' id='word_1_235' title='bbox 727 3776 858 3859; x_wconf 86' lang='lat' dir='ltr'><strong>qualem</strong></span> <span class='ocrx_word' id='word_1_236' title='bbox 889 3785 1108 3836; x_wconf 87' lang='lat' dir='ltr'><strong>antecessores</strong></span> <span class='ocrx_word' id='word_1_237' title='bbox 1133 3774 1254 3854; x_wconf 88' lang='lat' dir='ltr'><strong>nostri,</strong></span> 
     </span>
     <span class='ocr_line' id='line_1_39' title="bbox 138 3855 1256 3938; baseline 0.002 -22"><span class='ocrx_word' id='word_1_238' title='bbox 138 3855 204 3916; x_wconf 89' lang='lat' dir='ltr'><strong>hoc</strong></span> <span class='ocrx_word' id='word_1_239' title='bbox 226 3865 284 3933; x_wconf 78' lang='lat' dir='ltr'><strong>est,</strong></span> <span class='ocrx_word' id='word_1_240' title='bbox 306 3869 396 3938; x_wconf 79' lang='lat' dir='ltr'><strong>pater</strong></span> <span class='ocrx_word' id='word_1_241' title='bbox 418 3871 449 3920; x_wconf 90' lang='lat' dir='ltr'><strong>et</strong></span> <span class='ocrx_word' id='word_1_242' title='bbox 470 3883 545 3921; x_wconf 85' lang='lat' dir='ltr'><strong>avus</strong></span> <span class='ocrx_word' id='word_1_243' title='bbox 569 3871 687 3938; x_wconf 87' lang='lat' dir='ltr'><strong>noster,</strong></span> <span class='ocrx_word' id='word_1_244' title='bbox 711 3859 825 3922; x_wconf 79' lang='lat' dir='ltr'><strong>restris</strong></span> <span class='ocrx_word' id='word_1_245' title='bbox 848 3858 1104 3918; x_wconf 86' lang='lat' dir='ltr'><strong>antecessoribus</strong></span> <span class='ocrx_word' id='word_1_246' title='bbox 1126 3878 1256 3918; x_wconf 87' lang='lat' dir='ltr'><strong>eonces-</strong></span> 
     </span>
     <span class='ocr_line' id='line_1_40' title="bbox 139 3939 1255 4021; baseline 0.001 -23"><span class='ocrx_word' id='word_1_247' title='bbox 139 3948 255 4003; x_wconf 90' lang='lat' dir='ltr'><strong>serunt</strong></span> <span class='ocrx_word' id='word_1_248' title='bbox 273 3949 540 4021; x_wconf 88' lang='lat' dir='ltr'><strong>etservaverunt,</strong></span> <span class='ocrx_word' id='word_1_249' title='bbox 563 3944 712 4004; x_wconf 90' lang='lat' dir='ltr'><strong>similiter</strong></span> <span class='ocrx_word' id='word_1_250' title='bbox 731 3943 822 4002; x_wconf 86' lang='lat' dir='ltr'><strong>vobis</strong></span> <span class='ocrx_word' id='word_1_251' title='bbox 845 3941 1072 4020; x_wconf 88' lang='lat' dir='ltr'><strong>perdonamus,</strong></span> <span class='ocrx_word' id='word_1_252' title='bbox 1097 3948 1129 3999; x_wconf 90' lang='lat' dir='ltr'><strong>et</strong></span> <span class='ocrx_word' id='word_1_253' title='bbox 1151 3939 1255 4000; x_wconf 89' lang='lat' dir='ltr'><strong>invio-</strong></span> 
     </span>
     <span class='ocr_line' id='line_1_41' title="bbox 137 4020 1254 4108; baseline 0.002 -26"><span class='ocrx_word' id='word_1_254' title='bbox 137 4020 285 4082; x_wconf 89' lang='lat' dir='ltr'><strong>labiliter</strong></span> <span class='ocrx_word' id='word_1_255' title='bbox 302 4033 396 4105; x_wconf 88' lang='lat' dir='ltr'><strong>atque</strong></span> <span class='ocrx_word' id='word_1_256' title='bbox 417 4025 617 4107; x_wconf 83' lang='lat' dir='ltr'><strong>incorrupte,</strong></span> <span class='ocrx_word' id='word_1_257' title='bbox 642 4036 673 4085; x_wconf 89' lang='lat' dir='ltr'><strong>e&#39;t</strong></span> <span class='ocrx_word' id='word_1_258' title='bbox 694 4024 971 4108; x_wconf 85' lang='lat' dir='ltr'><strong>praesentibus&#39;et</strong></span> <span class='ocrx_word' id='word_1_259' title='bbox 989 4021 1108 4082; x_wconf 88' lang='lat' dir='ltr'><strong>suturis</strong></span> <span class='ocrx_word' id='word_1_260' title='bbox 1129 4030 1254 4105; x_wconf 86' lang='lat' dir='ltr'><strong>tempo·</strong></span> 
     </span>
     <span class='ocr_line' id='line_1_42' title="bbox 138 4102 822 4187; baseline 0.001 -22"><span class='ocrx_word' id='word_1_261' title='bbox 138 4102 244 4183; x_wconf 81' lang='lat' dir='ltr'><strong>ribus,</strong></span> <span class='ocrx_word' id='word_1_262' title='bbox 264 4125 324 4187; x_wconf 90' lang='lat' dir='ltr'><strong>per</strong></span> <span class='ocrx_word' id='word_1_263' title='bbox 344 4109 449 4166; x_wconf 90' lang='lat' dir='ltr'><strong>omnia</strong></span> <span class='ocrx_word' id='word_1_264' title='bbox 473 4109 620 4170; x_wconf 89' lang='lat' dir='ltr'><strong>volumus</strong></span> <span class='ocrx_word' id='word_1_265' title='bbox 642 4109 822 4168; x_wconf 86' lang='lat' dir='ltr'><strong>ohservare.</strong></span> 
     </span>
    </p>

    <p class='ocr_par' dir='ltr' id='par_1_14' title="bbox 222 4187 1255 4360">
     <span class='ocr_line' id='line_1_43' title="bbox 342 4187 1056 4252; baseline 0.004 -4"><span class='ocrx_word' id='word_1_266' title='bbox 342 4189 536 4252; x_wconf 77' lang='lat' dir='ltr'><strong>Kaaorus</strong></span> <span class='ocrx_word' id='word_1_267' title='bbox 572 4207 929 4251; x_wconf 75' lang='lat' dir='ltr'><strong>uuourosmsruus</strong></span> <span class='ocrx_word' id='word_1_268' title='bbox 964 4187 1056 4251; x_wconf 79' lang='lat' dir='ltr'><strong>Rex.</strong></span> 
     </span>
     <span class='ocr_line' id='line_1_44' title="bbox 222 4268 1255 4360; baseline -0.001 -29"><span class='ocrx_word' id='word_1_269' title='bbox 222 4271 247 4338; x_wconf 83' lang='lat' dir='ltr'><strong>l.</strong></span> <span class='ocrx_word' id='word_1_270' title='bbox 290 4271 380 4335; x_wconf 85' lang='lat' dir='ltr'><strong>Hanc</strong></span> <span class='ocrx_word' id='word_1_271' title='bbox 402 4273 565 4360; x_wconf 85' lang='lat' dir='ltr'><strong>siquidem</strong></span> <span class='ocrx_word' id='word_1_272' title='bbox 582 4273 847 4338; x_wconf 88' lang='lat' dir='ltr'><strong>coniunctionem</strong></span> <span class='ocrx_word' id='word_1_273' title='bbox 868 4270 975 4332; x_wconf 77' lang='lat' dir='ltr'><strong>tacere</strong></span> <span class='ocrx_word' id='word_1_274' title='bbox 1003 4268 1126 4332; x_wconf 88' lang='lat' dir='ltr'><strong>idcirco</strong></span> <span class='ocrx_word' id='word_1_275' title='bbox 1152 4289 1255 4354; x_wconf 90' lang='lat' dir='ltr'><strong>usque</strong></span> 
     </span>
    </p>
   </div>
   <div class='ocr_carea' id='block_1_11' title="bbox 0 0 1401 4980">
    <p class='ocr_par' dir='ltr' id='par_1_15' title="bbox 0 0 1401 4980">
     <span class='ocr_line' id='line_1_45' title="bbox 0 0 1401 4980; baseline 0 0"><span class='ocrx_word' id='word_1_276' title='bbox 0 0 1401 4980; x_wconf 95' lang='lat' dir='ltr'><strong> </strong></span> 
     </span>
    </p>
   </div>
  </div>
 </body>
</html>
