2786 4980
289 349 322 406 Α.
344 346 421 407 cus.
532 344 659 402 reatu
680 341 914 404 rrauconuu..
1019 346 1077 412 saa.
1235 334 1262 406 ³

147 493 346 558 unanimiter
364 511 432 552 una
454 505 533 552 uoce
549 489 731 572 loquamur,
748 509 809 571 per
829 511 905 550 eum
923 498 957 552 et
978 489 1013 552 in
1033 515 1073 554 eo
1089 489 1147 576 qni
1166 491 1260 576 dixit,

145 589 178 640 et
195 578 234 639 de
255 599 321 658 quo
338 575 464 638 dictum
477 581 542 637 est:
553 565 635 633 'Non
655 593 706 633 vos
723 573 798 632 estis
811 573 867 654 qui
884 573 1063 658 loquimini,
1081 577 1141 639 scd
1154 577 1259 664 Spiri.

144 671 194 723 tus
210 661 319 721 Petris
339 659 439 718 vestri
453 658 508 737 qni
527 657 713 738 loquiturin
732 655 835 716 vobis.
884 721 887 732 .

143 765 204 842 (De
226 766 348 826 ltonorc
370 761 516 843 cultuque
537 761 618 833 Dei,
647 773 739 842 atque
762 759 998 838 Ecclesiamm,
1029 777 1062 827 et
1092 783 1260 832 servorun

540 845 603 902 Dei
621 844 844 920 ueneratione.)

229 927 256 994 1.
298 931 350 988 De
364 926 489 988 honore
506 924 659 988 videlicet
684 934 718 984 et
741 924 833 986 cultu
855 924 936 1004 Dei,
959 938 1055 1010 atque
1077 939 1261 994 sanctornm

145 1010 371 1073 Ecclesiarum
387 1031 485 1091 quae,
506 1019 632 1069 auctore
648 1010 730 1086 Deo,
752 1005 813 1068 sub
833 1005 957 1070 ditione
977 1021 1009 1071 et
1020 1011 1160 1074 tuitione
1176 1013 1260 1096 regi·

148 1094 247 1154 minis
264 1091 363 1154 dostri
376 1093 561 1168 consistunt,
576 1089 793 1151 communiter
805 1089 945 1151 Domino
963 1093 1124 1156 mediante
1141 1093 1256 1158 decer·

150 1177 257 1236 nimus
275 1184 319 1251 ut,
341 1175 423 1236 sicut
439 1183 577 1256 tempore
591 1174 704 1235 beatae
723 1171 957 1235 recordationis
967 1175 1099 1236 Domini
1119 1197 1155 1238 ac
1171 1174 1260 1259 geni,-

149 1259 227 1318 toris
244 1258 343 1318 nostri
360 1258 504 1318 excultae
519 1266 552 1318 et
571 1253 758 1333 honoratae,
773 1264 871 1336 atque
885 1255 981 1318 rebus
995 1256 1165 1342 ampliatae
1184 1260 1261 1320 sue·

146 1350 239 1416 runt,
262 1341 350 1402 salva
369 1338 538 1422 aequitatis
553 1339 680 1400 ratione
699 1337 742 1397 ita
756 1348 975 1420 permaneant,
998 1349 1030 1402 et
1045 1362 1128 1422 quae
1146 1341 1164 1402 h
1184 1360 1262 1403 nos·

144 1433 192 1484 tra
209 1422 403 1484 liberalitate
416 1421 620 1483 honorantur
631 1432 727 1502 atque
747 1420 908 1498 ditantur,
931 1421 971 1484 de
992 1433 1119 1486 caetero
1134 1421 1194 1484 sub
1208 1423 1263 1484 in·

143 1505 291 1586 tegritate
308 1505 358 1566 sui
380 1515 565 1580 serventur,
596 1515 630 1565 et
652 1503 841 1563 Sacerdotes
865 1524 901 1564 ac
926 1505 1011 1568 servi
1032 1505 1096 1566 Dei
1115 1505 1263 1587 vigorem

143 1587 408 1664 ecclesiasticum,
431 1597 464 1648 et
490 1587 597 1648 debita
618 1585 801 1669 privilegia,
825 1585 915 1646 iuxta
941 1587 1154 1649 reverendam
1182 1611 1262 1672 aue-

143 1670 307 1731 toritatem
321 1670 506 1741 obtineant;
524 1671 646 1732 eisdem
656 1689 730 1730 vera
738 1667 854 1750 regalis
863 1678 1013 1750 potestas,
1026 1680 1058 1731 et
1073 1670 1263 1732 inlustrium

142 1753 291 1813 virorum
311 1753 493 1829 strenuitas,
508 1773 566 1814 ocu
587 1750 786 1833 reipublicae
810 1749 1094 1829 administratores,
1118 1762 1153 1814 nt
1167 1774 1263 1815 suum

143 1835 362 1895 ministerium
377 1846 598 1916 competenter
615 1832 734 1914 exequi
755 1832 903 1912 valeant,
926 1835 960 1895 in
988 1835 1137 1897 omnibus
1161 1835 1263 1898 ratio·

142 1917 299 1980 habiliter
314 1927 347 1978 et
364 1919 446 1978 iuste
464 1926 674 1978 concurrant.

238 2021 295 2098 <Ut
316 2025 468 2084 honoret
488 2035 628 2106 protestor
649 2023 736 2101 regia
757 2021 946 2083 inconvulsa
963 2005 1170 2106 permaneat.)

231 2129 278 2195 ll.
319 2131 432 2190 Honor
449 2131 544 2190 etiam
559 2129 679 2212 regius,
689 2139 720 2188 et
731 2138 869 2212 potestas
886 2128 988 2212 regali
1004 2130 1153 2212 dignitati
1170 2153 1261 2195 com·

139 2222 273 2300 petens,
297 2223 393 2294 atque
430 2213 597 2273 sinceritas
624 2222 656 2272 et
681 2211 935 2293 obtemperantia
970 2213 1099 2274 Seniori
1131 2216 1261 2295 debita,

140 2305 267 2358 remota
289 2296 377 2355 omni
397 2296 543 2356 socordia
570 2296 819 2372 et'calliditate,
849 2317 907 2355 seu
940 2296 1086 2377 qualibet
1115 2297 1261 2360 indebita

140 2399 414 2461 quorumcunque
438 2377 669 2438 coniunctione
697 2387 808 2438 contra
830 2377 989 2440 honorem
1005 2387 1037 2439 et
1057 2389 1260 2462 potestatem,

139 2473 237 2544 atque
260 2463 398 2522 salutem
418 2471 579 2538 nostram,
603 2462 670 2522 sive
685 2461 778 2542 regni
803 2460 903 2520 nostri
928 2461 1140 2544 soliditatem,
1163 2465 1257 2526 nobis

64 2570 68 2576 ⁴
140 2545 173 2604 in
205 2545 355 2604 omnibus
375 2554 406 2604 et
425 2544 463 2603 ab
480 2545 645 2618 omnibus,
668 2545 750 2604 sicut
766 2553 909 2625 tempore
925 2553 1167 2606 autecessorum
1188 2567 1259 2607 nos·

139 2637 267 2688 trorum
296 2636 525 2702 consueverat,
557 2626 756 2687 exhibeatur.
798 2627 841 2684 Et
864 2625 890 2685 si
921 2625 993 2706 quis
1027 2646 1259 2709 quemcunque

142 2717 508 2770 contranosetcontra
528 2709 609 2770 hauc
635 2718 760 2792 pactam
790 2705 1009 2768 sinceritatem
1040 2707 1166 2790 aliquid
1187 2731 1259 2769 mo·-

139 2793 196 2854 liri
225 2790 393 2852 manifeste
415 2791 619 2874 cognoverit,
642 2793 666 2852 si
684 2813 758 2851 eum
771 2787 919 2851 converti
935 2787 1129 2870 nequiverit,
1146 2800 1257 2873 aperte

140 2874 258 2958 prodat
289 2883 385 2955 atque
404 2877 544 2938 denotet,
587 2876 627 2934 Et
641 2875 686 2936 sic
702 2874 840 2935 consilio
860 2880 955 2953 atque
981 2871 1105 2933 auxilio
1129 2875 1258 2956 episco-

138 2957 234 3041 palis'
253 2959 440 3036 auctoritas,
463 2967 495 3018 et
516 2957 662 3018 fidelium
678 2955 889 3033 unanimitas,
911 2964 947 3015 ut
966 2963 1078 3015 noster
1092 2955 1198 3017 honor
1225 2963 1257 3016 et

138 3048 279 3122 potestas
304 3041 391 3134 regia
416 3041 607 3100 inconvulsa
633 3046 835 3124 permaneat,
858 3037 933 3100 totis
948 3037 1072 3100 nisibus
1089 3040 1256 3101 decertare

140 3131 176 3184 et
198 3122 348 3183 adiurare
370 3131 531 3205 procuret.
1244 3135 1247 3142 ‘

183 3230 242 3304 (De
264 3217 579 3311 iustitiisunucuique
601 3227 771 3300 secundnm
792 3228 889 3310 legem
919 3249 1007 3291 strom
1020 3227 1207 3312 faciendis.)
1246 3225 1250 3231 ⁵

226 3336 290 3402 Ill.
322 3336 418 3414 ¹Quia
440 3359 517 3398 vero
542 3337 687 3398 debitum
706 3359 773 3400 esse
797 3327 1040 3418 cognoscimus,
1063 3335 1257 3418 otiiquibos

142 3417 302 3498 honorem
318 3422 520 3501 suscipimus,
535 3441 597 3486 ¹eos
619 3421 709 3480 iuxta
733 3421 857 3482 dictum
882 3421 1081 3480 dominicum
1112 3419 1256 3481 honore*

140 3524 223 3580 mus,
241 3504 390 3578 retornus
413 3513 449 3563 ut
468 3524 578 3564 omnes
595 3503 705 3564 fideles
732 3503 835 3566 nostri
862 3503 1077 3564 certissimum
1102 3511 1255 3576 teneant,

141 3585 307 3646 neminem
330 3587 503 3666 cuiuslibet
529 3586 652 3646 ordinis
674 3597 730 3647 aut
748 3583 913 3667 dignitatis
938 3585 1116 3666 deinceps,
1145 3593 1256 3646 nostro

140 3667 389 3742 inconsenienti
403 3669 521 3746 libitu,
543 3679 600 3728 aut
616 3669 749 3730 alterius
769 3665 946 3729 calliditate
969 3667 1020 3728 rel
1049 3665 1169 3724 iniusta
1197 3688 1258 3724 cu*

139 3748 477 3832 piditate,.promerit0
494 3751 619 3814 honore
642 3752 760 3812 debere
775 3749 926 3832 privare,
951 3749 1012 3808 nisi
1040 3747 1181 3808 iustitiae
1205 3746 1258 3816 inf

140 3831 228 3892 dicio
244 3840 277 3891 et
298 3833 423 3893 ratione
446 3845 541 3916 atque
568 3835 728 3915 aequitate
745 3833 895 3894 dictantes
937 3833 1057 3912 Legem
1079 3850 1156 3890 vero
1181 3829 1258 3888 uui-

139 3915 260 3995 cuique
284 3926 540 3998 competentem,
567 3916 651 3978 sicnt
679 3925 895 3976 antecessores
925 3914 975 3974 sui
1008 3922 1152 3993 tempore
1182 3930 1258 3972 nos·

138 4006 264 4074 trorum
286 3999 580 4081 praedecessorum
609 3999 811 4076 habuerunt,
853 3996 887 4056 iu
910 3994 1001 4056 omni
1037 3993 1193 4074 dignitate
1226 4003 1258 4052 et

140 4079 277 4158 ordine,
300 4083 440 4159 (fauente
457 4083 555 4161 Deo,
576 4103 628 4149 me
644 4084 895 4147 observaturum.
905 4077 1064 4162 perdono.
1085 4078 1120 4152 b)

181 4235 213 4304 t)
233 4235 268 4319 al.
286 4253 335 4296 nas.
352 4237 465 4304 favente
486 4237 544 4292 Deo
565 4249 688 4292 nostram
705 4231 942 4310 magnificentium
961 4229 1169 4314 observaturam
1187 4243 1258 4306 pro·

225 4309 380 4379 mittimus„
1160 4313 1164 4322 '
1249 4311 1255 4322 ‘
