2786 4980
160 341 209 418 74
341 356 509 414 ·t.cs1n.
613 353 858 412 cornutum
960 351 1022 428 ⁸57.

159 502 275 572 esusque
293 495 396 551 nomint
415 494 521 568 eoquo
538 477 575 546 ,ι’
590 493 753 560 essentem,
780 496 810 550 rn
835 495 917 568 sepo
946 495 991 548 eu
1015 496 1122 570 aliquid
1150 497 1268 555 «serum

157 571 270 644 legibus
286 576 447 638 componat,
464 575 492 618 et
510 567 620 637 insuper
637 566 757 619 bannum
776 577 916 634 nostrum,
936 568 965 621 id
985 575 1045 632 cst,
1064 572 1204 638 sexaginta
1222 588 1267 622 so·

157 643 229 696 lidos
248 638 324 693 uobis
338 638 482 708 persolvat.
520 637 693 690 Postmodum
711 655 774 690 vcro
793 656 809 690 a
827 637 933 693 Comite
952 647 1016 692 unte
1034 641 1265 704 nosadducatur‚

157 715 236 767 utin
254 710 395 761 bastonico
413 716 531 759 retrosus
550 725 581 758 us
604 725 637 758 ue
656 707 722 760 dum
741 705 818 761 nobis
837 708 982 778 placuerit,
993 725 1093 778 poenas
1111 709 1266 764 lucullum

156 785 180 837 si
197 782 309 854 publice
328 789 420 830 actum
438 777 538 842 luerit,
557 795 592 846 pu
614 778 696 830 licam
714 776 779 830 inde
797 789 860 845 agat
877 779 1072 850 poenitentiam
1090 779 1168 835 iuxta
1187 796 1267 833 sanc⁴

155 863 248 907 torum
268 853 412 904 Canonum
430 848 609 903 sanctionem.
645 848 674 898 Si
691 865 754 902 vero
781 849 911 914 occulte,
940 849 1119 901 sacerdotum
1148 849 1267 907 consilio

154 941 190 976 ex
209 925 261 976 hoc
280 930 341 986 agat
360 916 570 988 poenitentiam:
589 918 873 990 quoniumraptores,
905 928 935 971 ut
958 919 996 971 ait
1024 919 1186 990 Apostolus,
1213 921 1270 972 nisi.

153 1010 245 1047 veram
265 990 371 1058 egerint
388 988 602 1058 poenitentium,
623 1005 736 1054 regnum
752 989 805 1042 Dei
823 1006 878 1041 non
896 987 1082 1060 possidebunt
1128 991 1183 1061 Qui
1201 1008 1268 1044 vero

156 1065 192 1116 dc
211 1064 292 1116 rebus
305 1059 487 1113 Ecclesiurour
506 1058 612 1130 aliquid
631 1057 795 1124 abstulerit,
814 1059 921 1126 gravius
938 1059 1004 1112 inde
1022 1058 1178 1126 iudicetur3
1199 1061 1268 1130 quia

153 1151 288 1188 sacrarum
306 1148 394 1205 rerum
414 1128 517 1179 ablatio
534 1129 705 1195 sacrilegium
723 1137 780 1192 est,
801 1139 829 1184 et
847 1130 995 1196 sacrilegus
1020 1139 1134 1182 vocatur
1157 1132 1204 1202 qui
1230 1147 1267 1182 ex

155 1206 194 1257 eis
213 1202 320 1274 aliquid
338 1199 483 1252 abstulerit
501 1210 550 1252 eut
567 1201 696 1271 rapuerit.
715 1199 841 1252 Extorres
859 1216 978 1270 namque
997 1217 1012 1248 a
1030 1200 1169 1252 liminibus
1187 1218 1269 1253 sanc·

153 1285 198 1327 tae
216 1274 307 1325 matris
326 1270 468 1323 Ecclesiae
488 1272 557 1324 tules
576 1286 706 1339 personae
726 1287 814 1340 usque
832 1271 868 1322 ad
886 1270 1098 1323 satisfactionem
1114 1271 1267 1336 Ecclesiae,

153 1363 237 1418 quam
254 1345 413 1407 laeserunt,
431 1348 498 1394 sunt
515 1341 659 1395 habendae
677 1348 761 1412 etque
780 1340 891 1396 firmiter
908 1340 1090 1396 denotandae.
1114 1401 1118 1408 .

374 1507 1047 1573 rrrnnusxmu

161 1672 209 1713 Μ
241 1669 486 1716 ccctnntnus
516 1670 594 1712 TUM
630 1668 672 1710 ΑΒ
704 1665 933 1728 ΙΡΗΟΟΡΗ,
968 1671 1050 1712 TUM
1079 1670 1100 1710 Ᾰ
1130 1671 1268 1712 contl-

510 1753 633 1794 ulnus
665 1751 901 1794 PUMENDU·

189 1851 284 1922 Item
306 1848 483 1946 Capitale
507 1849 600 1920 data
626 1849 667 1920 in
694 1847 847 1940 Synodo
876 1849 983 1942 apud
1005 1849 1244 1928 Curisiacum

211 1979 214 1983 ·
393 1948 651 2024 DCCCLVII.
677 1971 802 2020 mense
825 1947 1049 2022 Februario.
1136 1992 1140 2000 ·

524 2077 896 2144 Pnarrsrrm

162 2179 313 2316 propter
335 2230 478 2316 cognitas
504 2228 594 2291 vobis
628 2227 833 2290 necessitates
864 2239 897 2290 et
918 2227 1031 2292 nimias
1053 2227 1272 2314 perturbatio-

159 2341 216 2382 nes
238 2317 372 2398 quaein
393 2336 495 2397 regno
516 2312 576 2374 isto
593 2321 784 2389 evenerunt,
805 2311 889 2372 sicut
902 2312 1000 2390 scitis,
1021 2314 1138 2375 Senior
1158 2320 1271 2373 noster

157 2403 298 2463 Karolus
320 2399 476 2482 plurimos
499 2396 611 2456 fideles
630 2395 723 2476 regni
755 2394 827 2474 sui,
858 2404 923 2454 tum
943 2395 1140 2478 Episcopos,
1169 2416 1268 2476 quam

157 2475 1267 2560 Affimsmffimmmwwfflmmmfflhmffifflmmfflb

158 2578 232 2628 ante
255 2563 432 2626 Februario
465 2582 574 2624 mense
603 2561 688 2642 apud
712 2559 912 2621 Curisiacum
936 2582 1154 2643 congregans,
1186 2561 1268 2621 haec

157 2649 308 2733 Capitnla
329 2648 369 2706 ab
390 2645 467 2729 ipsis
488 2643 674 2707 confirmatu
696 2643 788 2704 nobis
809 2643 1009 2722 transmisit,
1050 2654 1085 2704 ut
1112 2665 1149 2704 ea
1177 2639 1269 2703 robis

156 2733 441 2808 denuntiaremus,
469 2737 560 2790 utet
586 2748 642 2787 vos
670 2747 744 2786 cum
771 2727 858 2786 omni
880 2726 995 2786 timore
1018 2727 1080 2786 Dei
1109 2736 1142 2788 ct
1169 2723 1268 2805 legali

157 2815 295 2898 irnperio
316 2814 488 2876 observare
509 2830 583 2872 cum
604 2809 728 2868 iustitia
748 2807 923 2887 studeatis,
955 2831 1132 2892 omnesque
1154 2805 1270 2868 Chris-

155 2898 238 2959 tiani
261 2897 318 2980 qui
339 2897 501 2957 in’nostro
521 2891 703 2954 consistunt
724 2889 895 2955 Missatieo.

240 2979 267 3046 l.
307 2979 417 3040 Primo
439 2976 590 3058 Capitnlo
616 2975 803 3035 continetur
821 2980 857 3033 ut
878 2995 933 3034 ros
949 2994 1135 3034 moneamus
1157 2970 1195 3031 de
1210 2969 1269 3029 ho-

157 3084 237 3124 nore
258 3070 384 3122 sunctoe
405 3059 465 3120 Dei
480 3058 657 3133 Ecclesiae,
679 3057 736 3136 qui
759 3077 817 3139 per
834 3056 941 3115 omniu
963 3057 1002 3115 ab
1021 3056 1170 3117 omnihus
1190 3053 1269 3114 fide·

156 3148 242 3208 libus
270 3141 462 3204 Christianis
492 3140 710 3202 observandus
734 3148 805 3216 est,
838 3147 873 3196 nt
903 3147 1016 3198 eorum
1048 3136 1288 3197 immunitates

158 3230 192 3289 in
219 3226 310 3286 nullo
333 3225 563 3305 infringantur,
584 3243 635 3284 res
655 3243 761 3282 sacrae
786 3229 818 3280 et
834 3222 957 3282 fructus
980 3221 1050 3282 eius
1066 3243 1084 3279 a
1103 3219 1194 3279 nullo
1213 3240 1267 3278 ra·

156 3311 303 3396 piantur3
333 3308 485 3389 quonium
506 3305 563 3390 qui
591 3306 697 3366 alienu
720 3304 869 3386 rapiunt,
901 3326 919 3362 u
940 3325 1040 3386 regno
1063 3304 1124 3366 Dei
1150 3302 1268 3362 exelu-

157 3398 298 3467 duntur,
322 3391 451 3451 dicente
476 3388 652 3473 Apostolos
682 3389 822 3469 Rapaces
848 3407 975 3465 reguum
999 3387 1062 3446 Dci
1083 3406 1147 3445 non
1165 3383 1269 3466 possi-

157 3479 284 3538 debunt.
326 3474 436 3534 Nonae
459 3481 493 3534 et
512 3466 655 3532 decimae
670 3469 812 3530 fideliter
832 3469 1066 3549 persolvantur,
1107 3465 1268 3527 Sacerdo-

156 3573 205 3623 tes
225 3558 287 3619 Dei
301 3565 334 3617 et
350 3553 488 3616 ministri
507 3554 577 3617 eius
592 3575 658 3614 noo
682 3551 937 3627 dehonorantes,
961 3572 1025 3612 non
1048 3549 1266 3631 flagellentur,

157 3662 265 3722 neque
291 3639 330 3699 dc
352 3637 498 3699 Ecclesia
516 3637 586 3697 sinc
607 3656 767 3697 consensu
786 3631 939 3715 Episcopi
960 3633 1009 3695 sui
1031 3633 1190 3692 eiciantur
1211 3637 1268 3688 aut

83 3775 85 3781 .
157 3727 191 3786 in
206 3747 243 3784 ea
260 3722 468 3803 recipiuntur.
509 3716 878 3780 Ecclesiae‘destrucme
895 3713 1125 3778 restaurentur.
1168 3711 1267 3792 Quod

157 3809 184 3871 si
206 3807 279 3888 quis
295 3817 509 3886 transgressus
527 3802 644 3878 fuerit,
667 3799 878 3860 anathematis
899 3802 1042 3860 vindicta
1065 3795 1211 3872 feriatur,
1235 3804 1267 3855 et

158 3889 291 3953 Comitis
315 3886 515 3948 districtione
539 3884 779 3965 constringatur
794 3892 826 3942 et
843 3881 942 3942 baurri
959 3882 1075 3966 regulis
1097 3880 1265 3940 exactione

158 3974 340 4036 damnetur.

241 4057 286 4121 ll.
328 4055 358 4114 S‘
395 4049 608 4126 ctimoniales,
629 4047 758 4124 viduae,
778 4046 924 4130 orphani,
947 4055 979 4108 et
994 4067 1152 4130 pauperes
1172 4044 1268 4104 nullo

159 4139 254 4201 modo
276 4075 497 4219 oppleretur
520 4141 552 4194 et
576 4153 627 4192 res
650 4131 803 4208 illorum,
828 4140 892 4190 tum
921 4132 955 4190 in
978 4131 1141 4212 frugibus,
1169 4149 1268 4209 quam
1308 4187 1318 4202 ,

160 4223 194 4283 io
216 4223 324 4302 pratis,
349 4240 478 4280 necnon
496 4216 590 4278 etiam
606 4215 639 4274 in
663 4235 775 4274 eornm
798 4214 915 4289 locrio,
937 4234 955 4272 a
978 4215 1070 4274 nullo
1097 4231 1156 4293 per
1185 4211 1268 4291 rapi-

161 4329 234 4366 nam
256 4303 494 4386 depraedentur
520 4309 552 4363 et
574 4299 761 4380 ubieunque
785 4295 929 4381 oppressi
955 4305 1048 4374 sunt,
1072 4293 1111 4357 ab
1129 4294 1267 4377 Episco-
