2786 4980
167 284 216 364 ll
355 295 520 368 ,enema
567 298 880 360 uscarrrutaarn
988 301 1058 373 sta:

166 448 198 510 si
211 445 352 508 luerem·
376 443 560 506 uniuersum
578 442 743 517 mundum,
765 466 798 508 se
825 447 1050 532 nutemapsum
1075 449 1212 534 perdat,
1236 455 1278 514 et

166 522 387 590 detrimentum
408 527 457 588 sui
467 523 597 608 saciat?
637 528 679 588 Et
698 529 872 612 quisquam
892 538 956 590 tam
979 531 1083 594 audax
1107 543 1139 594 et
1158 535 1278 618 despea

165 620 253 672 ratos
280 610 461 687 invenitur,
493 608 550 692 qui
571 609 786 692 possessione-s
804 611 866 674 Dei
887 613 928 672 ad
944 614 1150 676 certissimam
1167 619 1279 698 perni-

164 693 249 756 tiens
273 715 364 758 suam
381 700 518 774 occupet
535 700 567 754 et
586 692 739 755 invadat?
782 694 811 759 O
833 695 946 756 fideles
967 697 1037 756 Deo
1061 708 1093 758 ct
1116 700 1207 762 vobis
1229 701 1280 784 ip·

165 777 220 854 sis,
243 777 345 840 nolite
365 797 424 860 pro
445 775 826 855 temporali-abundantia
849 777 1033 841 divitiarum
1054 783 1170 843 mereri
1191 799 1279 844 sem-¹

165 860 327 946 pltennam
357 857 544 944 congeriem
575 858 801 936 miseriarum,
830 881 891 922 nec
915 862 999 922 ultra
1026 863 1124 926 decus
1151 867 1278 926 animae

165 950 290 1008 vestrae
312 952 377 1003 tam
399 939 565 1025 pestifero,
586 949 651 1002 tam
674 942 842 1020 inaudito,
864 951 930 1003 tam
946 944 1100 1027 ¹denique
1122 959 1209 1010 certo
1230 971 1281 1010 sa-

166 1024 302 1108 crilegio
330 1019 503 1121 polluatisl
533 1023 669 1085 Reddite
698 1027 768 1086 Deo
800 1047 874 1105 sua,
905 1037 943 1087 ut
969 1037 1074 1088 vestra
1103 1053 1177 1091 cum
1197 1053 1279 1118 pace

165 1106 367 1194 possideatis,
378 1114 541 1190 ‚tomenta
560 1107 703 1168 evadatis
720 1116 851 1168 aeterna
873 1116 906 1168 et
923 1111 1126 1190 postmodum
1139 1114 1179 1175 ad
1199 1137 1281 1196 gau·

167 1191 259 1254 dium
277 1188 410 1253 Domini
425 1187 539 1266 nostri,
560 1197 597 1248 ot
617 1190 701 1250 servi
720 1189 844 1268 fideles,
866 1189 1136 1255 intromittamini.
1181 1199 1282 1258 Seco-

166 1274 249 1340 lares
271 1271 415 1336 honores
436 1272 597 1334 seculares
614 1273 815 1354 possideant,
843 1274 1079 1338 ecclesiasticos
1107 1280 1279 1340 ccclesias·

166 1356 224 1418 tici
255 1355 441 1422 sortiantur.
498 1354 571 1416 Nee
604 1375 661 1416 nos
689 1355 878 1418 insatiabilis
908 1359 1093 1440 cupiditatis
1124 1363 1276 1443 arguatis,

165 1438 254 1528 qaia,
277 1440 520 1524 qualescunque
545 1458 672 1515 sumus,
706 1460 781 1499 vera
810 1460 868 1500 nos
894 1439 1002 1502 dicere
1029 1463 1088 1504 nec
1114 1445 1174 1526 ipsi
1201 1467 1277 1507 nes-

167 1521 249 1586 c'itis.
290 1523 333 1584 Et
348 1521 427 1582 licet
447 1519 562 1603 pauci,
585 1529 668 1581 'sunt
688 1527 795 1581 tamen
819 1521 920 1603 aliqui
943 1534 1088 1586 nostrum
1106 1529 1209 1588 Deum
1233 1528 1276 1588 ti-
1299 1575 1301 1582 ,

165 1613 302 1682 mentes,
326 1603 384 1688 qui
410 1603 501 1664 iuxta
523 1601 606 1663 illud
628 1602 853 1686 propheticum
876 1607 1109 1669 exandiantur:
1155 1610 1279 1669 Volun-

166 1687 260 1748 tatem
286 1687 459 1749 timentium
475 1705 506 1744 se
522 1685 639 1768 fctciet,
662 1699 693 1744 et
717 1684 970 1770 deprecationem
986 1712 1094 1750 eorum
1113 1693 1277 1760 exaudire

166 1768 243 1852 quia
264 1767 410 1830 omnium
433 1767 506 1828 finis
530 1765 962 1851 quotitlie1appropinquat3
991 1783 1023 1833 et
1048 1795 1130 1854 quae
1158 1776 1276 1836 viden-

165 1861 231 1931 tur,
252 1851 443 1933 temporalia
465 1859 557 1928 sunt,
586 1870 668 1933 quae
693 1861 800 1912 autem
826 1873 889 1912 non
922 1855 1098 1932 videntur,
1131 1867 1277 1922 aeterna,

165 1934 203 1996 si
222 1935 371 2002 volumus
382 1934 519 1996 evadere
534 1942 717 2015 praesentes
738 1935 932 1996 calamitates
955 1946 988 1996 et
1010 1939 1132 2000 suturas
1153 1941 1274 2001 evitare

165 2017 333 2096 miserias,
361 2016 395 2078 in
419 2035 588 2078 commune
617 2038 636 2075 a
658 2017 774 2078 nostris
795 2018 1002 2100 pravitatibus
1027 2023 1067 2082 ad
1099 2023 1274 2084 Dominum

168 2111 412 2178 convertamur,
443 2108 475 2160 et
500 2098 702 2160 declinantes
737 2121 754 2158 a
783 2100 868 2176 merlo
892 2102 1045 2165 faciamus
1068 2105 1207 2180 bonum,
1238 2115 1274 2164 nt

165 2181 251 2246 bona
260 2181 393 2244 Domini
406 2202 587 2244 mereamur
599 2181 711 2242 sidere
727 2181 760 2240 in
777 2191 860 2242 terra
877 2184 1067 2248 viventium.
1095 2187 1272 2262 Tnautem,

65 2295 72 2318 ι
166 2266 341 2328 clarissime
367 2265 456 2342 Rex,
492 2264 569 2346 quio
595 2264 759 2326 verissime
788 2265 944 2344 scriptum
971 2279 1029 2344 est,
1060 2269 1274 2353 Corrumpunt

169 2341 383 2412 mores-bonos
406 2347 574 2430 conloquia
594 2347 790 2430 ntalo,·fuge
811 2368 1036 2428 perversorum
1059 2357 1217 2412 consortia
1241 2363 1273 2414 ct

166 2431 320 2507 consilia,
343 2450 406 2492 neo
433 2451 452 2492 a
475 2439 507 2492 te
531 2429 703 2512 quisquam
731 2439 841 2510 petere
868 2431 985 2492 audeat
1011 2435 1098 2515 qaod
1117 2437 1269 2495 maiesta-
1378 2473 1379 2490 i

164 2525 231 2592 tem
247 2523 343 2576 tuam
361 2523 522 2596 praestare
541 2533 608 2572 non
632 2511 752 2576 deceat.
773 2513 840 2574 Nec
859 2512 969 2574 timeas
1000 2517 1095 2578 iratos
1111 2516 1275 2596 homines,

165 2597 228 2673 hoo
244 2607 303 2676 est,
324 2605 443 2658 terram
457 2605 490 2657 et
507 2593 661 2669 cinerem,
684 2595 820 2675 amplius
844 2617 939 2676 quam
956 2599 1060 2662 Deum
1080 2599 1138 2681 qni
1159 2609 1190 2661 te
1206 2622 1275 2661 cre·

165 2680 243 2760 avit,
264 2678 388 2764 quique
409 2680 443 2741 in
462 2677 597 2741 veritate
623 2677 791 2738 iudicabit:
814 2680 906 2739 cuius
930 2681 1131 2741 voluntatem
1156 2684 1181 2742 si
1202 2703 1275 2764 per·

143 2759 251 2828 ·fecte
278 2772 409 2826 secutus
434 2761 553 2838 fueris,
579 2759 742 2822 eredimus
763 2759 850 2843 quod
866 2784 896 2819 -a
924 2765 1145 2842 quorumlibet
1167 2766 1274 2824 homi-
1339 2779 1342 2787 “

165 2868 245 2908 num
264 2855 298 2906 te
324 2844 526 2908 contumacia
547 2841 705 2918 liberabit,
730 2852 761 2903 et
780 2841 926 2904 omnibus
952 2847 1103 2928 augustiis
1130 2848 1275 2908 clemen-

168 2939 219 2990 ter
244 2927 381 3011 eripiet,
411 2950 447 2988 ae
470 2935 540 3008 post
564 2926 625 2988 hnc
652 2927 829 3008 temporale
863 2947 999 3007 regnam
1017 2931 1056 2990 ad
1082 2941 1275 3012 perpetuam

167 3010 332 3074 cumulata
361 3009 519 3070 felicitate
548 3009 715 3089 perducet.
766 3009 803 3070 In
834 3006 897 3068 line
926 3032 1037 3072 omnes
1068 3013 1280 3094 alloquimur,-

167 3093 257 3178 quod
287 3093 314 3154 si
349 3091 467 3153 nostris
499 3091 690 3152 salutaribus
718 3090 948 3170 adquieveritis
977 3094 1141 3171 consiliis,
1170 3107 1277 3156 vestro

167 3174 329 3262 profectui
353 3174 531 3258 plurimum
556 3173 860 3256 congratulabimur.
903 3175 959 3234 Sin
989 3186 1096 3237 alutem
1117 3199 1193 3254 nos,
1216 3179 1279 3236 ima

168 3253 222 3318 mo
242 3253 349 3318 Deum
372 3279 431 3340 per
456 3275 514 3318 nos
540 3256 745 3338 loquentem,
776 3259 1051 3336 contempseritis,
1088 3262 1279 3322 necessitate

169 3339 326 3428 implendi
347 3337 520 3406 ministerii
545 3339 633 3422 quod
654 3339 814 3400 nollemus
837 3339 954 3420 lacere,
977 3343 1218 3428 compellemur.

504 3515 809 3582 TITULUS
873 3519 948 3582 tv.

427 3655 615 3702 nuent
666 3653 1016 3699 stuv‘seenstt.

166 3753 280 3834 Haeo
300 3719 486 3846 *Capitale
508 3769 604 3841 quoe
626 3757 829 3838 sequuntur
847 3747 956 3836 sucta
979 3749 1127 3816 suntin
1152 3745 1281 3836 Syno-

165 3850 374 3929 donabile
401 3849 508 3946 apud
535 3846 740 3916 Belunenm
767 3846 978 3936 civitatem,
1012 3871 1113 3916 unito
1144 3848 1279 3915 incar·-

167 3949 568 4040 notioniedominicoe
590 3960 795 4033 neceam,
829 3969 952 4015 mense
974 3943 1147 4039 Aprilio,
1176 3955 1277 4014 auno

167 4065 269 4135 sexto
285 4052 392 4144 regni
405 4046 549 4122 Domni
567 4045 717 4133 Korali,
740 4044 945 4116 indictione
970 4048 1149 4140 septima..
1171 4047 1286 4133 Quae¹

170 4154 308 4226 sattim
331 4160 419 4230 eunt
442 4149 538 4220 inter
558 4145 714 4216 eundem
740 4145 956 4238 Principem
973 4146 1167 4242 Domuum
1191 4147 1282 4241 Ka‘.

170 4253 292 4326 rodum
309 4261 344 4320 et
362 4247 576 4344 Episcopus
590 4245 697 4330 raoni
708 4243 777 4314 aui.
800 4243 856 4314 Et
871 4247 1001 4317 eodem
1018 4237 1137 4314 isdem
1157 4243 1276 4312 Prin-
