2658 4978
105 366 109 374 ·
195 332 268 408 tro
409 347 540 404 neus.
647 335 887 406 cacumini
985 351 1046 405 sar.

193 486 485 570 Comitatibusfsuis
498 488 615 550 iniusta
633 488 775 567 faciunt,
794 489 930 551 hicnon
951 487 1184 570 adnotavimus,
1203 494 1269 575 quia

194 573 320 656 cognita
336 579 412 634 suut
421 615 431 648 ,
453 581 486 634 et
503 571 615 632 maiori
629 572 827 634 districtione
848 573 994 654 indigent
1000 595 1008 645 5
1032 572 1072 634 de
1089 573 1199 654 quibus
1213 598 1267 636 om·

194 675 252 716 nes
269 655 457 730 admonere,
479 663 574 734 atque
595 674 704 715 omnes
727 675 766 714 ex
784 655 845 713 Dei
859 654 966 712 banno
988 663 1020 712 et
1035 665 1143 714 nostro
1168 677 1265 718 cavere

190 737 415 819 praecipimus.
453 737 502 796 De
524 733 574 796 his
588 735 716 796 iuterim
737 735 826 797 Missi
849 736 946 796 nostri
972 735 1185 798 discurrentes
1207 759 1268 799 cum

193 818 329 879 consilio
345 816 499 876 maiorum
515 817 707 894 Missorurn,
728 825 765 876 ut
782 817 1019 896 praemisimus,
1043 820 1204 894 studeant,
1224 822 1270 880 do·

192 920 254 960 nec
266 897 502 981 plenitudInem
522 899 741 980 capitulorum
760 907 793 958 et
808 899 1058 960 adnuntiandam
1079 899 1269 962 etohsenan-

193 981 265 1043 dam
278 980 318 1041 ad
334 1001 534 1042 communem
555 980 695 1040 omnium
713 989 855 1041 nostrum
880 983 1015 1042 salutem
1037 993 1070 1042 et
1093 1003 1198 1064 pacem
1219 1005 1267 1068 per

190 1079 326 1148 regnum
341 1071 506 1140 nostrum,
528 1063 698 1125 adiuvante
711 1062 868 1144 Domino,
891 1062 1104 1148 disponamus.

433 1240 733 1306 TITULUS
794 1242 1046 1309 XXXIII.

353 1347 621 1415 Enrcruu
656 1427 657 1432 ἵ
691 1371 741 1413 ru
783 1352 1125 1418 Crarssaco.

190 1460 280 1534 Hoc
305 1459 483 1530 Edictum
508 1458 696 1528 constituit
723 1457 895 1528 Domnue
920 1457 1088 1528 Karolns
1114 1458 1153 1528 in
1177 1456 1264 1532 cart·

222 1561 353 1652 sicco,
380 1580 480 1628 anno
508 1557 788 1630 Incarnationis
807 1556 1034 1628 Dominicae
1063 1576 1233 1629 ncccnxn

190 1656 237 1774 In
257 1711 386 1773 nomine
404 1722 529 1772 sanctae
549 1720 580 1772 et
600 1710 786 1772 individuae
803 1709 979 1774 Trinitatis.
1027 1710 1186 1786 Karolus,
1206 1730 1261 1792 gra-

189 1793 235 1868 ¹tia
252 1794 314 1855 Dei
335 1799 421 1868 Rex,
444 1794 589 1854 omnibus
611 1795 702 1876 regni
732 1793 830 1853 nostri
861 1792 1019 1852 fidelibus.
1061 1791 1208 1854 Pervenit
1231 1791 1262 1850 ad

190 1897 248 1936 nos
270 1875 346 1958 quia
366 1877 453 1956 quod
475 1877 514 1937 ad
536 1876 683 1935 timorem
703 1875 946 1954 incutiendum,
970 1895 1010 1934 ne
1029 1874 1145 1955 aliquis
1160 1875 1260 1933 bonum

190 1958 376 2034 denarium,
411 1957 445 2018 id
485 1969 547 2035 est,
589 1978 712 2018 merum
750 1967 782 2018 et
811 1957 894 2018 bene
925 1965 1129 2038 pensantem,
1156 1956 1258 2016 reicere

189 2039 328 2116 audeat,
369 2061 457 2101 more
496 2039 777 2123 praedecessorum
817 2049 998 2100 nostrorum
1037 2060 1097 2121 pro
1136 2033 1257 2119 generali

188 2120 326 2181 utilitate
347 2123 440 2202 regni
470 2122 568 2184 nostri
593 2119 879 2184 commendavimus
892 2131 903 2196 ’,
926 2120 1027 2201 aliqui
1049 2120 1136 2181 Missi
1158 2117 1257 2178 adhoc

189 2202 398 2264 constitutum
423 2203 668 2286 exequendum,
693 2205 797 2263 minus
828 2203 1049 2284 intelligentes
1078 2201 1258 2263 devotionem

187 2285 385 2363 voluntatis,
412 2296 558 2363 nostrae,
581 2295 613 2345 et
643 2287 852 2367 obsequentes
874 2285 1049 2345 intentioni
1071 2305 1142 2344 suae
1162 2280 1257 2342 volun-

187 2367 272 2444 tatis,
294 2367 445 2448 quasdam
458 2367 718 2444 adinventiones,
740 2368 828 2448 quod
849 2367 986 2426 multum
998 2366 1153 2426 Dominus
1178 2364 1258 2422 detes·

188 2458 296 2526 tatur,
320 2457 351 2508 et
369 2449 402 2507 iu
423 2450 607 2510 mallatione
632 2457 665 2509 et
694 2450 726 2507 in
757 2449 923 2508 exactione
951 2448 1180 2517 intromittunt3
1199 2462 1256 2502 cum

189 2531 279 2594 ineo
297 2530 385 2611 quod
403 2531 442 2590 ad
455 2533 548 2612 regni
565 2531 734 2592 utilitatem
757 2530 901 2607 iubetur,
925 2537 958 2590 et
982 2531 1107 2610 agitur,
1129 2550 1187 2587 non
1208 2523 1257 2604 pri·

188 2622 262 2676 vata
279 2622 390 2673 contra
405 2613 586 2693 generalem
602 2613 772 2674 utilitatem
791 2612 1004 2690 commoditas,
1028 2633 1133 2692 neque
1150 2603 1257 2685 aliquod

188 2704 282 2776 turpe
297 2695 444 2770 lucrum,
466 2694 553 2775 quod
566 2695 598 2754 in
615 2689 798 2756 'Christiana
811 2695 969 2774 religione
988 2703 1020 2754 et
1044 2693 1080 2751 in
1099 2692 1181 2772 regia
1201 2687 1256 2764 dig·

189 2777 289 2836 nitate
304 2786 358 2835 aut
377 2776 411 2835 in
426 2777 596 2837 Missurum
616 2776 760 2837 fidelium
782 2777 964 2838 sinceritate
981 2796 1046 2834 non
1066 2773 1217 2843 condecet,
1230 2785 1256 2824 se

190 2858 368 2919 debetullo
395 2859 489 2918 modo
521 2860 664 2919 miscere.
703 2859 766 2920 Pr'o
790 2867 877 2920 terea
897 2855 1111 2918 necessarium
1133 2850 1255 2915 duximus

191 2949 228 3000 nt
239 2941 547 3001 commendationem
561 2950 699 3001 nostram
714 2961 754 3002 ex
767 2881 829 3000 linc
845 2939 982 3000 scribere
994 2957 1180 3020 rogaremus,
1190 2947 1254 3011 quae

182 3043 232 3082 ex
247 3043 334 3082 more
352 3021 385 3080 in
407 3031 514 3082 nostro
532 3023 648 3104 palatio
672 3022 756 3104 apud
780 3021 1016 3082 Cancellarium
1033 3021 1213 3087 retineatur,
1231 3016 1255 3067 ei

190 3102 267 3163 inde
288 3123 346 3184 per
363 3105 474 3164 Missos
488 3114 610 3165 nostros
628 3103 796 3185 dirigatur;
818 3114 854 3165 ut
869 3125 964 3182 nemo
978 3123 1037 3185 per
1058 3094 1253 3184 ignorantiam,

191 3205 286 3242 nemo
302 3205 359 3262 per
380 3183 571 3254 industriamv
583 3185 620 3244 ab
639 3207 676 3244 ea
692 3187 796 3247 valeat
818 3185 955 3246 deviare.
995 3185 1088 3245 Unde
1111 3182 1236 3265 volumus
1247 3213 1253 3245 ,

191 3265 268 3348 quia
287 3274 319 3325 et
334 3266 429 3325 timor
449 3267 557 3344 utilis,
588 3277 620 3327 et
632 3262 844 3328 consideratio
859 3265 1054 3342 misericors,
1078 3273 1109 3325 ct
1129 3263 1252 3322 discretio

190 3347 353 3407 moderata
367 3346 400 3406 in
416 3347 475 3408 hac
493 3349 766 3410 commendatione
789 3358 896 3408 nostra
916 3357 964 3408 est
989 3345 1160 3407 necessaria
1175 3357 1253 3421 prop·

189 3439 240 3490 ter
256 3439 477 3512 paupertatem
495 3430 680 3506 hominum,
702 3430 777 3512 quia
797 3450 926 3490 necesse
942 3428 1004 3487 fuit
1024 3427 1058 3486 in
1077 3428 1141 3488 istis
1158 3433 1254 3510 tempo·

188 3511 278 3574 ribus
301 3512 483 3572 coniectum
497 3513 536 3573 de
553 3512 618 3573 illis
634 3511 798 3593 accipere,
821 3511 908 3572 etad
931 3509 1059 3570 navium
1078 3502 1253 3591 compositio-

189 3613 284 3669 nem,
316 3585 353 3653 el
382 3594 417 3653 in
450 3595 722 3655 Nortmannorum
751 3603 868 3670 causa,
892 3613 951 3675 pro
978 3591 1088 3672 regni,
1121 3588 1194 3649 sicut
1215 3595 1254 3638 ret

190 3675 354 3753 coniacet‚
381 3677 598 3748 salvamento,
643 3686 679 3739 ut
713 3696 822 3736 omnes
857 3681 1065 3756 cognoscant,
1101 3670 1169 3753 quia
1202 3677 1251 3720 11011

148 3783 155 3797 ·
189 3766 359 3838 quaestum
406 3755 636 3833 inhonestum,
683 3757 740 3818 sed
781 3755 945 3840 publicam
978 3754 1068 3837 regni
1109 3749 1250 3812 utilitatem

190 3839 383 3920 quaerimus.
410 3840 503 3902 Salva
531 3839 760 3902 constitutione
805 3846 838 3898 et
867 3837 1104 3918 inpostmodum
1128 3833 1189 3891 iure
1211 3823 1249 3912 fir:

188 3921 328 3984 missimo
348 3932 554 4003 permanente
576 3943 658 4002 quae
680 3921 713 3980 in
738 3919 914 4003 Capitulari
938 3919 989 3981 ari
1007 3926 1041 3978 et
1058 3914 1153 3999 ,patris
1170 3913 1249 3968 nostri

189 4023 230 4064 ex
253 4003 315 4062 hoc
346 4003 462 4084 scripta
491 3996 645 4080 babetur,
674 4001 815 4085 quilibet
835 4002 965 4063 francus
993 4002 1087 4063 homo
1112 3991 1248 4058 convictus

121 4145 125 4155 ,
189 4085 601 4165 quiabonumdeuarium,
623 4087 738 4163 idest,
759 4103 884 4144 merum
912 4091 945 4144 et
969 4083 1050 4143 bene
1073 4081 1248 4164 pensantem,

186 4167 368 4316 posthunc
392 4168 535 4229 bannum
557 4178 702 4229 nostrum
723 4164 875 4243 eiecerit,
906 4165 1108 4226 medietatem
1130 4149 1248 4219 francilis

210 4248 288 4313 anni
304 4261 482 4338 componat.
522 4253 572 4318 De
588 4249 714 4316 colonis
730 4258 854 4329 autem,
865 4260 908 4332 ,et
926 4238 1196 4316 serriscuiustihet
1206 4252 1248 4318 1³⁰·

547 4343 553 4366 t
