2746 4992
191 307 291 374 202·
434 320 567 380 scau.
675 323 922 382 curvarunt
1042 325 1101 392 ⁸77.

193 463 272 524 0lim
290 463 385 525 urbes
401 463 431 524 ei
445 460 652 540 restituisset,
676 472 708 523 ct
728 484 765 524 cx
785 464 878 544 regni
894 483 1020 546 quoque
1042 463 1087 522 sai
1103 475 1182 546 parte
1197 465 1261 525 alias

189 567 256 606 non
275 545 416 606 modicas
440 544 637 608 contulisset.
679 546 744 606 Sed
759 567 860 627 pauca
884 547 968 606 dicta
993 555 1083 621 sunt,
1114 544 1170 608 nisi
1195 569 1262 627 quae

189 627 275 688 circa
289 627 458 706 religionis
474 628 708 688 incrementum
723 629 819 708 gessit
833 649 945 710 magna
959 637 991 688 et
1008 627 1149 687 sublimia
1166 650 1263 688 memo·

187 721 311 772 rentur.
352 710 529 791 Religionis
550 709 670 791 quippe
690 719 806 769 statum
824 709 911 770 iuter
928 711 1125 772 diversorum
1141 731 1263 770 errorum

189 802 221 856 et
241 791 436 874 pravitatum
456 813 569 874 vepres
588 791 747 852 incultum
765 793 934 852 iuventam
953 792 1048 852 sacris
1068 793 1177 854 litteris
1201 813 1264 852 cru-

189 876 285 952 divit,
309 875 418 937 divina
432 874 553 956 pariter
566 884 597 934 ct
623 873 760 933 humana
779 875 913 936 scicntia
935 875 1139 957 perornavit,
1164 875 1264 934 errori-

190 959 250 1019 bus
267 960 474 1038 expurgavit,
495 954 571 1017 ratis
593 956 790 1038 dogmatibus
811 958 987 1039 saginavit,
1008 966 1100 1038 atque
1122 956 1196 1015 iutra
1209 957 1265 1017 brc-

189 1040 352 1102 vissimum
373 1050 498 1122 tempus
516 1039 559 1100 ita
577 1038 735 1100 industrio
756 1040 882 1122 pietatis
910 1039 1018 1100 studio
1037 1040 1100 1120 egit
1126 1049 1158 1102 ut
1181 1060 1265 1099 novus

188 1124 328 1206 quodam
356 1124 451 1183 modo
479 1121 645 1184 videretur
670 1124 826 1197 mundus,
850 1121 971 1204 magnis
997 1121 1199 1180 luminaribus
1217 1145 1265 1196 ¹ve-

187 1215 344 1282 nustatus,
366 1214 397 1265 et
413 1204 510 1265 variis
528 1204 735 1265 tentantibus
755 1204 885 1266 lloribus
908 1206 1093 1268 adornatus.
1132 1203 1221 1264 Cuius
1241 1204 1266 1260 li-

187 1289 270 1364 lius,
292 1289 383 1350 divae
401 1287 525 1348 scilicet
542 1287 773 1348 recordatiouis
796 1287 1019 1348 llludouvicus
1039 1288 1188 1347 Maximus
1215 1286 1265 1345 hn-

187 1381 318 1455 perator
341 1380 432 1452 pater
461 1368 596 1428 huiusa
624 1372 694 1430 Deo
718 1370 813 1431 clocti
845 1370 1006 1448 Principis
1032 1370 1143 1432 Karoli
1163 1391 1267 1448 semper

186 1453 341 1534 Augusti,
362 1451 501 1534 patriam
520 1451 635 1511 solium
648 1453 728 1512 adco
741 1453 898 1534 religione
916 1453 1069 1527 imitatus,
1091 1452 1200 1534 pietate
1215 1452 1268 1510 laa-

187 1537 339 1597 dabiliter
355 1535 529 1595 aemulatus
550 1543 613 1609 est,
638 1545 674 1594 ut
692 1545 723 1594 et
747 1546 876 1616 paterna
899 1535 1004 1595 divini
1034 1535 1139 1594 cultus
1161 1543 1225 1594 vota
1242 1544 1267 1593 ct

190 1641 265 1702 erga
289 1617 459 1701 praelatam
485 1616 697 1698 principalem
720 1618 896 1678 Ecclesiam
918 1618 1122 1678 liberalitatis
1149 1615 1267 1696 insignia

186 1701 259 1786 pius
276 1710 368 1761 natus
386 1700 608 1779 aequipararet
628 1701 850 1777 ctroborarct,
873 1701 929 1760 sed
947 1710 981 1760 ct
1003 1699 1199 1760 uberioribus
1222 1700 1268 1758 bc-

188 1784 311 1845 ncliciis
329 1793 360 1843 ct
379 1782 554 1862 dapsilibus
572 1781 817 1864 munificentiis,
841 1793 876 1842 ut
893 1780 985 1842 heres
1006 1781 1206 1864 gratissimus,
1219 1802 1268 1838 am·
1339 1835 1340 1840 ,

189 1868 315 1948 pliaret.
357 1867 478 1926 Verum
499 1865 556 1923 istc
579 1864 675 1925 huius
695 1865 915 1948 praefulgidus
936 1865 1024 1926 lilius
1037 1910 1047 1942 ,
1070 1865 1202 1926 Karalus
1229 1863 1268 1924 vi-

188 1950 321 2026 delicet,
345 1948 385 2009 de
406 1968 471 2027 quo
493 1946 585 2007 nobis
601 1969 704 2008 sermo
724 1947 1025 2025 est,{serenissimus
1043 1956 1077 2008 et
1094 1945 1268 2028 tranquillis-

189 2033 287 2094 simus
304 2033 500 2112 Imperator,
523 2029 578 2109 qui
607 2031 718 2108 nobis,
742 2040 777 2090 ut
800 2029 1028 2111 praetulimus,
1052 2029 1086 2088 in
1112 2053 1187 2110 quos
1204 2029 1266 2086 sines

188 2114 371 2176 seculorum
400 2112 616 2188 devenerunt,
639 2113 760 2194 quique
778 2112 944 2193 caliginosi
973 2113 1127 2194 temporis
1153 2124 1183 2173 ct
1202 2131 1267 2191 qua-

189 2197 261 2258 dam
280 2207 366 2277 parte
379 2203 475 2255 tetras
489 2216 655 2254 aerumnas
674 2205 705 2256 et
717 2196 857 2258 miserias
874 2194 1121 2265 sustinebamus,
1139 2204 1267 2274 tanquam

187 2276 481 2360 splendidissimum
497 2286 614 2337 astrum
629 2278 666 2336 ab
684 2301 756 2338 arec
783 2277 928 2358 polorum
944 2278 1074 2354 illuxit,
1099 2299 1161 2336 nou
1182 2276 1267 2336 solum

189 2369 416 2434 anonumcuta,
436 2359 677 2441 progenitorum
702 2360 876 2420 bonitatem
902 2359 1022 2420 electae
1047 2360 1161 2420 radicis
1178 2359 1265 2418 serens

189 2446 224 2505 in
241 2466 327 2504 ramo
354 2442 502 2502 alacriter
522 2441 762 2522 aequiparavit,
785 2463 897 2503 verum
922 2442 1019 2500 etiam
1044 2464 1137 2502 omne
1158 2461 1264 2523 prorsas

188 2527 310 2588 avitum
335 2524 476 2587 studium
493 2522 590 2600 vicit,
613 2535 644 2584 et
661 2525 847 2586 universum
870 2533 1041 2606 paternum
1067 2535 1218 2585 certamen
1240 2521 1264 2578 in

187 2631 282 2672 eausa
296 2607 464 2690 religionis
479 2617 574 2686 atque
590 2605 728 2667 iustitiae
750 2606 930 2688 superavit,
953 2607 1115 2668 Ecclesias
1135 2605 1266 2666 videlicet

186 2692 318 2756 Domini
334 2689 467 2753 diversis
488 2689 600 2770 opibus
621 2689 734 2763 ditans,
749 2687 935 2750 Sacerdotes
949 2688 1018 2750 eius
1039 2688 1206 2763 honorans,
1221 2687 1265 2744 hos

190 2777 232 2837 ad
243 2786 412 2854 utramque
433 2771 668 2853 philosophiam
688 2772 881 2846 informans,
903 2769 976 2831 illos
995 2772 1036 2832 ad
1061 2771 1191 2831 virtutes
1210 2788 1265 2830 scc-

189 2858 300 2920 taudas
316 2858 506 2931 adhortans,
528 2854 613 2914 viros
631 2854 750 2934 peritos
772 2853 987 2936 amplectens,
1007 2854 1173 2936 religiosos
1192 2871 1266 2912 venc-

183 2963 283 3016 .rans,
306 2940 417 3019 inopes
430 2957 596 3012 recreans,
619 2946 650 2996 et
674 2936 714 2995 ad
730 2957 824 2997 omne
843 2935 965 2996 bonum
982 2937 1113 3020 penitus
1137 2934 1266 2996 subsecu·

189 3034 259 3098 tus,
281 3031 421 3082 etomne
435 3021 553 3078 malum
580 3018 766 3080 medullitus
789 3020 970 3079 detestatus.
1023 3021 1221 3101 Quapropter
1243 3020 1267 3071 ct

191 3127 249 3166 nos
258 3148 270 3175 ,
293 3102 446 3162 carissimi
460 3102 590 3177 fratres,
614 3110 713 3162 totae
735 3111 893 3161 tantan-um
920 3099 1133 3161 dilectionum
1154 3099 1215 3160 eius
1234 3102 1268 3153 at·

190 3208 253 3268 que
272 3185 426 3244 virtutum
439 3184 603 3244 audientes
620 3183 773 3264 iusignia,
797 3194 828 3244 ct
845 3182 1057 3244 laudabilium
1085 3184 1177 3263 longe
1202 3181 1267 3239 late-

190 3291 253 3351 que
271 3267 383 3328 dill'usa
399 3288 523 3326 morum
544 3267 612 3328 eius
638 3267 799 3330 intuentes
816 3266 952 3341 indicia,
974 3265 1104 3348 pictatis
1129 3264 1209 3325 illius
1230 3260 1268 3318 at

189 3355 293 3414 fectus
312 3349 436 3430 experti
450 3346 707 3429 frequentissime
728 3371 764 3409 ac
785 3349 961 3408 multifario
983 3349 1123 3425 viscera,
1146 3367 1204 3406 non
1220 3345 1266 3400 im·
1337 3371 1338 3400 i

193 3434 308 3495 merito
336 3431 557 3492 intelleximus
574 3430 668 3490 istum
688 3452 755 3491 esse
776 3431 987 3512 proculdubio
1006 3433 1065 3512 qui
1086 3433 1185 3492 aDeo
1204 3445 1267 3486 cou-

190 3518 319 3581 stitutus
334 3524 416 3576 essct
429 3514 566 3575 salvator
577 3512 708 3588 mundi,
729 3516 829 3575 multo
854 3517 998 3596 profecto
1016 3511 1219 3597 praestantius
1240 3525 1266 3562 ac

190 3599 357 3662 decentius
376 3597 419 3658 ita
441 3606 569 3657 vocatus
589 3616 684 3675 quam
706 3595 838 3677 Ioseph,
861 3598 916 3678 qui
936 3596 1019 3658 bene
1047 3597 1147 3657 solam
1172 3603 1266 3654 terram

189 3683 322 3745 salvavit
340 3679 487 3761 Aegypti.
531 3677 621 3738 Unde
643 3679 681 3738 ab
709 3678 858 3740 universa
882 3687 990 3739 sancta
1013 3681 1153 3738 Romana
1174 3674 1265 3757 plebe,

190 3787 268 3827 voce
284 3765 383 3824 almac
401 3763 489 3822 illius
508 3761 620 3820 Atinae
638 3770 764 3820 sanctao
784 3783 949 3841 pomonam
971 3754 1266 3842 gestantisEcctesiac

190 3847 307 3912 sterilis
327 3858 358 3908 ct
384 3844 581 3919 foecundae,
615 3843 803 3925 prophetico
827 3843 1080 3923 quodammodo
1106 3842 1267 3924 spiritum

192 3931 336 3992 mulcato
357 3927 501 4009 quotidie
521 3927 731 3986 clamabatur:
755 3929 906 3986 Donn'nns
925 3925 1012 3988 datie
1036 3927 1193 4009 imperium
1207 3921 1267 4007 cht

191 4036 265 4083 sno,
289 4025 319 4071 et
340 4009 519 4070 sublimabit
539 4029 636 4068 corna
656 4009 773 4067 Christi
789 4009 846 4067 sni.
887 4008 930 4067 Et
946 4007 1063 4066 iterum
1087 4028 1159 4068 cum
1183 3994 1267 4064 Davltl

139 4133 141 4140 ·
192 4097 300 4156 orabat
319 4097 405 4171 Rege
429 4091 546 4174 patritcr
562 4112 598 4149 ac
617 4090 796 4170 Propheta,
820 4093 893 4164 Da,
916 4089 1085 4168 inquiens,
1104 4096 1268 4172 potestaten

193 4183 255 4240 siue
272 4179 439 4259 iuqcrimu
452 4195 550 4256 puero
571 4186 645 4242 tuo,
670 4186 698 4231 ct
721 4176 841 4232 sultuna
857 4171 1032 4255 fuefih‘um
1047 4175 1174 4236 ancillae
1193 4179 1249 4226 lud(
1259 4203 1265 4231 ν

174 4271 319 4328 ,sanctae
346 4258 496 4321 videlicct
511 4255 694 4320 Catholicae
713 4265 744 4318 ct
759 4255 781 4315 Α
787 4254 960 4346 postolicae
984 4254 1154 4320 Ecclesiae.
1193 4242 1267 4310 Unde

195 4361 200 4380 0
