2786 4980
262 325 294 380 a.
321 325 399 379 cns.
513 320 881 379 nrouurnsnconnu
984 325 1045 388 ss..
1156 309 1204 384 ³5

102 491 167 531 una
188 487 261 529 cum
277 462 340 527 Dei
358 459 526 523 adiutorio
551 461 591 522 ad
612 460 754 524 effectum
775 462 998 544 perducamus.
1038 465 1081 527 Et
1107 469 1202 530 rolu-

100 573 171 612 mus
187 560 224 610 ut
244 547 364 610 abhinc
383 545 516 621 inante,
539 544 720 625 ubicunque
748 545 970 628 uuusquisque
990 546 1109 626 fuerit,
1132 573 1206 613 cnm

98 655 178 718 pace
194 632 369 703 consistat,
394 636 427 686 et
445 625 485 686 ad
499 627 583 687 illud
604 626 755 707 placitum
775 648 849 687 oum
876 649 953 708 pace
980 633 1204 714 unusquisque

97 715 234 793 veniat,
258 712 387 794 quinio
412 707 478 769 istis
494 707 627 769 miseriis
645 717 677 768 et
694 707 816 789 rapinis
838 730 939 790 nsque
958 711 1053 773 modo
1069 717 1207 777 multum

98 799 207 858 Deum
228 791 433 858 offendimus.
474 791 566 850 Unde
579 788 670 852 uobis
686 791 1019 872 Deiflmiserieordiam
1036 796 1204 880 deprocari

100 879 177 940 satis
195 875 418 940 necessarium
434 893 500 933 esse
516 872 742 953 cognoscimus.

191 960 239 1022 ll.
282 959 441 1024 Volumus
464 953 557 1014 etiam
571 963 604 1014 nt
620 954 840 1036 unusquisque
858 954 942 1016 liber
959 955 1055 1020 homo
1080 961 1112 1021 in
1134 985 1206 1024 unsa

105 1053 156 1103 tro
178 1064 284 1124 reguo
302 1041 459 1100 seniorem
473 1036 771 1118 qualemrolucrit,
791 1039 825 1097 in
854 1037 946 1100 nohis
975 1050 1008 1103 et
1032 1043 1064 1102 iu
1086 1046 1203 1108 nostris

107 1125 263 1185 fidelihus
283 1121 425 1202 accipiat.

188 1205 256 1267 lll.
298 1204 481 1265 Mandamus
499 1199 596 1260 etiam
620 1209 658 1260 ut
679 1201 790 1262 nullus
811 1201 907 1264 homo'
926 1203 1085 1264 seniorem
1108 1227 1202 1268 suum

105 1289 176 1352 sine
199 1289 280 1348 iusta
303 1286 424 1345 ratione
444 1281 599 1359 dimittat,
622 1305 683 1344 nee
703 1284 819 1366 aliquis
836 1307 910 1347 enm
928 1286 1063 1368 recipiat
1084 1288 1145 1348 nisi
1162 1290 1202 1350 si·

103 1380 159 1434 cut
173 1379 315 1452 tempore
332 1377 572 1425 antecessorum
590 1365 772 1442 nostrorum
793 1369 992 1428 consuetudo
1007 1369 1078 1432 suit.

182 1451 240 1516 lv.
280 1451 323 1510 Et
354 1448 503 1509 volumus
525 1457 561 1505 ut
582 1448 689 1509 sciatis
710 1448 787 1530 quia
812 1471 869 1508 nos
900 1448 1049 1512 fidelibus
1083 1451 1200 1514 nostris

97 1543 222 1596 rectum
238 1531 424 1593 consentire
443 1528 610 1606 volumus,
633 1540 665 1591 et
687 1542 798 1592 eontra
825 1531 982 1591 rationem
1016 1535 1061 1594 eis
1093 1537 1200 1597 lacere

97 1639 164 1676 non
185 1615 349 1677 nolumus.
389 1615 431 1674 Et
451 1610 600 1671 similiter
625 1634 679 1672 vos
708 1635 745 1673 ac
764 1624 907 1674 caeteros
937 1612 1046 1676 fideles
1077 1627 1200 1680 nostros

98 1700 310 1759 admonemus
325 1705 362 1754 ut
379 1716 435 1754 vos
454 1693 566 1753 vestris
587 1693 771 1758 hominihus
790 1707 913 1758 rectum
932 1699 1147 1778 consentiatis,
1168 1709 1201 1761 et

100 1789 217 1842 contra
227 1776 384 1838 rationem
402 1775 465 1836 illis
492 1797 556 1836 non
577 1776 710 1837 faciatis.

185 1861 228 1922 V.
268 1861 311 1919 Et
330 1859 473 1919 volumus
487 1865 523 1915 ut
539 1857 759 1940 cuiuscunque
776 1867 917 1920 nostrum
938 1859 1053 1939 homo,
1075 1861 1107 1922 in
1141 1885 1201 1923 cu·

103 1944 287 2022 iuseunqne
305 1961 401 2020 regno
426 1941 487 2016 sit',
510 1960 583 1998 cum
605 1941 732 2000 seniore
761 1961 819 2000 suo
845 1941 878 2000 in
907 1941 1030 2004 hostem
1057 1946 1108 2006 vel
1129 1945 1199 2006 aliis

103 2025 172 2086 suis
191 2022 378 2083 utilitatibus
391 2031 521 2104 pergat}
546 2021 608 2082 nisi
624 2022 696 2083 talis
715 2022 808 2104 regni
830 2022 952 2086 invasio
972 2047 1068 2108 cpuam
1095 2027 1200 2085 latitu-

99 2107 176 2166 ‘ueri
193 2106 326 2180 dicunt,
349 2103 437 2184 quod
467 2104 566 2180 absit,
588 2103 756 2180 acciderit,
780 2115 817 2164 ut
836 2106 938 2166 omnis
956 2109 1093 2194 populus
1111 2109 1198 2172 illim

96 2187 195 2271 regui
216 2187 257 2248 ad
273 2207 342 2248 eam
356 2185 578 2270 repellendam
595 2186 807 2248 communiter
825 2197 947 2272 pergat.

380 2341 914 2436 urrunusu

241 2519 533 2565 CONVENTUS
577 2517 697 2557 trun
742 2518 964 2558 MABSNAM
1008 2523 1055 2562 11.

96 2616 208 2686 Haec
253 2619 348 2706 quoe
384 2626 586 2706 sequuntur
630 2611 804 2705 Capitulo
846 2627 934 2682 acta
979 2629 1065 2686 eunt
1097 2641 1197 2689 anno

97 2734 238 2784 Decem
253 2715 532 2784 Incarnotionis
549 2714 773 2796 dominicae,
791 2713 940 2803 quondo
964 2726 1040 2784 tras
1048 2717 1198 2807 fratres

95 2815 233 2904 Reges,
262 2813 488 2882 Hlothariua
509 2812 671 2896 scilicet,
702 2811 977 2902 Hludouvicus,
1005 2827 1040 2882 et
1065 2817 1199 2883 Koro-

94 2913 152 2980 lus
176 2936 284 2980 aecus
307 2913 549 3004 municipium
588 2909 814 3000 Treiectum,
845 2935 960 3002 penes
989 2913 1109 2982 locum
1134 2915 1199 3006 qui

93 3011 421 3098 ‹licitur-Marsua,
449 3013 582 3078 iterum
609 3023 868 3096 convenerunt,
897 3023 932 3079 et
959 3014 1126 3082 consultu
1145 3013 1198 3082 E-

91 3111 337 3201 piscoporum
363 3121 398 3177 et
421 3122 653 3178 caeterorum
666 3107 839 3196 fidelium
860 3112 990 3180 eadem
1021 3113 1197 3204 Capitale

93 3207 395 3300 arabantipserunt
418 3206 590 3276 inanibus
596 3208 780 3298 propriis,
795 3220 830 3276 et
852 3209 948 3277 inter
956 3210 1091 3300 fideles
1107 3235 1195 3280 suos

89 3318 274 3398 perpetuo
298 3330 337 3372 se
360 3309 644 3376 conservaturos
661 3309 921 3395 promiserunt.
995 3310 1100 3396 Quae
1125 3313 1194 3381 Co-

131 3406 260 3498 pitulo
284 3405 515 3496 singulorum
541 3403 581 3472 in
602 3405 741 3495 populo
767 3405 1069 3476 adruuntiotiones
1090 3432 1154 3476 se-

560 3517 730 3595 quantur,

178 3671 203 3736 Ι,
234 3611 299 3728 Ut
317 3667 460 3727 omnium
480 3665 727 3750 praeteritorum
754 3663 909 3724 malorum
932 3674 964 3725 et
986 3667 1198 3728 contrarieta-

96 3764 175 3827 tum,
199 3763 231 3812 et
249 3751 552 3831 supplantationum,
575 3769 611 3806 ao
635 3749 789 3807 malarum
810 3746 1082 3809 machinationum
1099 3760 1195 3829 atque

96 3836 318 3908 molitionum,
341 3855 397 3893 sen
420 3840 686 3892 nocumentorum
711 3830 745 3886 in
767 3829 908 3888 invicem
929 3840 1087 3907 aetorum,
1125 3833 1197 3892 aho-
1262 3865 1264 3870 ·

96 3919 169 3977 litio
198 3921 242 3977 ita
266 3918 350 3974 inter
374 3935 431 3974 nos
455 3925 486 3974 et
507 3912 591 3996 apud
610 3935 668 3974 nos
687 3913 752 4000 liat,
776 3920 807 3971 et
834 3911 949 3971 nostris
966 3913 1116 3973 cordibus
1137 3934 1196 3994 pe-

98 4002 184 4059 nitus
205 4000 365 4059 avellatur
383 3996 556 4058 cumomni
578 3995 697 4054 matitia
718 4004 751 4053 et
770 4014 915 4067 rancore,
938 4005 974 4053 ut
995 4013 1056 4052 nec
1077 3995 1110 4052 in
1132 4015 1197 4052 me·

95 4083 241 4158 moriam,
265 4083 306 4140 ad
336 4080 584 4155 retributionem
608 4079 763 4138 duntaxat
787 4075 861 4134 mali
884 4075 935 4134 vel
961 4075 1196 4136 contrarietatis

98 4172 193 4244 atque
214 4163 452 4244 exprobatiouis
473 4181 530 4222 seu
543 4159 747 4244 improperii,
762 4159 801 4220 de
821 4165 947 4218 caetero
964 4157 1081 4220 exinde
1100 4159 1197 4242 qnid-

98 4247 171 4304 dam
191 4250 309 4308 veniat.
723 4263 727 4269 '
