2746 4992
219 335 250 390 l.
272 333 350 392 can.
450 338 809 395 nsounsulucoaun
909 346 970 413 877·
1105 323 1178 396 209

94 479 250 544 adiuvante
270 477 340 538 Deo
361 498 462 561 usque
482 475 632 541 adfinem
653 481 738 542 vitae
756 488 882 544 nostrae
907 501 1096 546 conservare
1119 507 1178 548 vo·

93 565 197 622 lomus.
238 557 332 620 Unde
352 580 412 642 pro
430 571 519 622 certo
539 583 597 623 uos
615 564 772 625 veraciter
799 563 930 624 credere
955 566 1100 646 potestis.
1142 568 1177 629 Si

93 653 188 704 autem
209 640 326 722 aliquis
348 643 366 704 a
384 642 533 724 praefatis
551 645 754 707 sacramentis
772 646 824 708 vel
845 645 1097 726 professionibus
1123 649 1177 711 de-

92 724 199 800 viavit,
219 723 282 784 hoc
302 725 482 786 secundum
499 727 656 788 rationem
683 739 715 789 et
737 727 959 789 auctoritatem
979 739 1074 812 atque
1097 752 1177 792 eon-

91 806 284 870 suetudinem
299 808 449 869 emeudet
465 817 497 869 et
522 807 562 871 de
579 819 706 870 caetero
721 818 897 871 conservet.
939 809 973 869 Si
1000 821 1107 872 autem
1128 823 1175 876 ta-

92 891 126 950 lis
145 899 188 950 est
211 888 250 948 de
274 889 386 951 vestris
407 889 555 952 fidelihus
572 891 629 974 qui
643 890 698 951 has
717 891 932 974 professiones
949 913 1014 953 nou
1036 895 1126 971 fecit,
1148 896 1174 956 si

93 990 209 1033 necesse
230 970 329 1032 suerit
345 971 459 1052 faciat,
482 980 514 1035 et
536 971 575 1035 de
594 985 720 1034 caetero
735 983 912 1036 conservet.
932 974 1063 1036 Fideles
1079 978 1176 1039 etiam

93 1053 180 1118 venri
201 1063 272 1134 post
294 1061 429 1116 mortem
448 1055 556 1118 fratris
577 1055 675 1118 vestri
714 1057 831 1117 advos
858 1064 1028 1118 venerunt.
1071 1060 1174 1137 Quale

93 1144 313 1198 sacramentum
331 1135 423 1197 vobis
439 1140 604 1216 fecerunt,
627 1159 684 1199 vos
705 1137 801 1200 scitis.
844 1136 909 1214 Qui
929 1147 1034 1199 autem
1055 1139 1095 1202 de
1109 1141 1175 1203 illis

93 1217 166 1279 illud
184 1228 416 1279 sacramentum
433 1217 588 1282 hactenus
605 1219 823 1298 conservavit,
845 1219 884 1280 de
903 1229 1031 1282 caetero
1049 1243 1176 1284 conser-

94 1308 148 1366 vet.
184 1299 264 1360 Etsi
286 1300 404 1383 aliquis
428 1302 540 1364 abillo
556 1311 754 1369 sacramento
767 1299 916 1376 deviavit,
938 1304 1116 1364 secundum
1129 1327 1176 1364 ra·

93 1383 202 1443 tionem
222 1391 255 1444 et
276 1382 496 1446 auctoritatem
516 1394 612 1466 atque
630 1382 901 1446 consuetudinem
923 1382 986 1444 boc
1006 1386 1173 1464 emendet,

95 1473 123 1524 et
134 1463 280 1547 deinceps
304 1476 483 1532 conservet.
524 1469 572 1528 De
587 1466 649 1527 hoc
672 1464 760 1548 quod
780 1463 900 1526 ibidem
927 1459 1082 1548 scriptum
1105 1478 1173 1545 cst,

94 1545 217 1628 qualiter
238 1568 296 1609 nos
315 1547 422 1610 securi
439 1549 479 1610 de
494 1549 562 1610 lilio
580 1558 686 1610 restro
706 1569 773 1610 esse
795 1547 967 1642 possimus,
997 1550 1174 1630 responde-

94 1649 151 1689 mus
165 1627 238 1710 quia
260 1629 299 1691 de
318 1629 387 1691 tilio
407 1639 535 1709 vestro,
557 1651 653 1713 quem
673 1650 732 1714 per
747 1631 809 1691 Der
831 1629 963 1712 gratiam
982 1640 1015 1692 et
1039 1641 1175 1692 vestram

95 1710 322 1790 dispositionem
339 1713 485 1775 futurum
509 1714 676 1776 Seniorem
698 1719 769 1795 post
791 1732 846 1774 vos
873 1711 992 1773 habere
1015 1712 1174 1793 volumus,

92 1793 199 1852 nullam
219 1793 400 1854 firmitatem
413 1795 509 1857 aliam
527 1795 709 1878 quaerimus
725 1793 786 1855 nisi
800 1792 862 1854 hoc
882 1794 972 1875 quod
990 1815 1045 1856 vos
1059 1795 1093 1854 in
1112 1796 1175 1856 Ca-

91 1873 208 1955 pitulari
230 1885 338 1938 vestro·
355 1876 507 1940 statuistis
532 1887 564 1939 et
583 1877 787 1954 decrevistis,
818 1875 909 1938 nobis
939 1875 1118 1959 unicuique
1140 1879 1174 1938 iu

92 1977 142 2016 suc
160 1956 270 2017 ordine
291 1969 324 2020 et
340 1981 477 2041 persona
490 1969 667 2022 conservet.
688 1960 737 2018 De
750 1957 812 2019 hoc
825 1958 915 2039 quod
931 1958 1052 2020 ibidem
1071 1957 1175 2042 scrip-

91 2047 150 2097 tum
162 2047 227 2115 est,
248 2040 389 2121 qualiter
400 2042 466 2124 ipse
481 2043 521 2104 de
541 2041 636 2104 uobis
656 2061 786 2102 securus
806 2060 874 2100 esse
922 2040 1018 2118 ussit,
1039 2063 1175 2124 respon-

91 2120 190 2182 demus
205 2121 294 2202 quod
315 2131 347 2184 et
364 2123 471 2185 Remis
492 2123 738 2206 respondimus,
761 2122 836 2204 quia
854 2122 880 2182 si
899 2062 988 2183 licus
1004 2133 1036 2184 et
1060 2146 1117 2186 vos
1132 2125 1173 2184 il-

91 2201 202 2264 lumin
223 2203 317 2286 regui
338 2204 495 2287 regimine
509 2203 779 2282 sublimaveritis,
801 2203 884 2266 etin
909 2214 999 2286 parte
1026 2205 1175 2266 denomi-

91 2293 156 2344 nata
174 2283 267 2345 illum
285 2285 550 2368 designaveritis,
572 2287 667 2349 sicci
687 2285 799 2348 fideles
823 2306 890 2348 esse
919 2286 1066 2368 cupimus
1093 2288 1175 2350 sicut

89 2375 276 2448 perrectum
297 2390 363 2431 esse
381 2368 507 2430 Seniori
529 2370 692 2434 debemus.
732 2372 781 2430 De
804 2367 865 2429 hoe
896 2369 984 2450 qnod
1007 2367 1052 2427 ibi
1072 2370 1174 2452 scrip-

90 2457 231 2528 tumeat,
253 2459 287 2512 et
305 2450 396 2512 nobis
415 2452 522 2514 verbis
544 2451 681 2523 dixistis,
703 2462 738 2512 ut
760 2449 955 2511 adinvicem
972 2470 1029 2510 nos
1043 2451 1175 2512 credere
1237 2465 1241 2477 ·

90 2531 253 2610 possimus,
276 2533 381 2596 verbis
401 2533 541 2603 fideliter
561 2555 619 2596 uos
632 2533 890 2595 confirmavimus
913 2541 948 2591 ut
972 2531 1012 2590 ad
1037 2533 1098 2592 Dei
1118 2554 1175 2594 vo·

91 2611 236 2673 luntatem
253 2623 285 2676 et
297 2625 435 2677 vestram
452 2616 639 2678 fidelitatem
658 2626 691 2678 et
706 2615 863 2676 honorem
881 2623 913 2673 et
926 2622 1052 2674 sanetae
1065 2615 1177 2676 Eccle-

89 2694 146 2756 siae
161 2715 196 2756 ac
211 2696 305 2778 regui
325 2697 422 2758 vestri
449 2698 621 2760 utilitatem
643 2719 679 2759 ac
701 2697 845 2759 fidelium
870 2704 1047 2757 vestrorum
1072 2697 1187 2756 salva·'

92 2786 224 2838 mentum
242 2781 312 2841 Deo
327 2779 489 2842 mediante
507 2779 636 2842 adunati
656 2781 764 2858 simus,
786 2786 939 2860 quantum
955 2779 1176 2860 unusquisque

93 2868 227 2921 nostrum
251 2860 284 2922 in
310 2882 368 2922 suo
383 2863 496 2924 ordine
515 2873 694 2947 etpersona
708 2884 766 2944 per
788 2859 850 2920 Dei
875 2859 1006 2942 gratiam
1032 2861 1113 2921 scire
1144 2868 1176 2920 et

91 2960 174 3033 posse
191 2941 357 3022 hebuerit,
380 2953 416 3004 ut
437 2944 636 3009 adinvicem
651 2965 709 3006 nos
727 2943 915 3020 credamus,
938 2949 969 3004 et
992 2953 1104 3004 mutuo
1125 2943 1178 3004 ad·

93 3042 245 3087 iuvemus..

93 3123 96 3127 ·
166 3105 205 3172 V.
234 3087 288 3168 'Ut
304 3128 341 3168 ea
356 3128 438 3190 quae
451 3129 509 3191 per
531 3109 685 3192 largitatis
707 3119 833 3170 nostrae
856 3117 1023 3191 praecepta
1040 3107 1177 3169 dilectae

94 3186 214 3272 coniugi
233 3199 359 3251 nostrae
373 3192 405 3250 in
428 3192 594 3273 proprium'
606 3192 722 3252 habere
742 3192 974 3267 concessimus,
998 3191 1082 3252 lilius
1102 3211 1178 3251 nos-

94 3277 137 3341 ter
151 3282 222 3332 ante
242 3292 300 3334 uos
319 3273 502 3344 confirmet;
524 3282 558 3334 et
572 3295 611 3336 ex
632 3275 779 3335 omuibus
794 3292 875 3352 quae
903 3272 953 3331 illi
983 3271 1054 3334 iure
1075 3273 1177 3332 bene·

94 3351 206 3415 liciario
234 3354 449 3418 concessimus
480 3356 545 3418 sive
575 3356 846 3432 concesserimus«,
874 3353 900 3413 si
931 3353 1037 3415 obitus
1071 3363 1177 3414 noster

98 3435 252 3513 evenerit,
273 3446 305 3498 et
332 3436 388 3496 illa
411 3458 468 3499 nos
491 3439 722 3519 supervixerit,
745 3435 906 3518 quomodo
936 3435 1042 3495 securi
1068 3457 1177 3495 sumus

94 3517 237 3596 quatinus
259 3517 348 3578 illam
368 3528 399 3580 et
416 3541 472 3580 sua
497 3520 604 3581 omnia
632 3521 718 3581 filius
742 3527 853 3580 noster
880 3525 912 3578 et
935 3517 1046 3578 fideles
1077 3515 1178 3578 nostri

94 3599 247 3682 condigno
263 3599 387 3662 honore
401 3601 550 3662 studeant
566 3622 768 3666 conservare.

166 3682 229 3742 ΒΡ.
269 3683 319 3742 De
337 3682 452 3765 quinto
469 3684 636 3766 Capitulo,
659 3686 692 3744 iu
708 3706 773 3768 quo
788 3683 1004 3763 scriptumest
1019 3679 1059 3741 de
1075 3680 1177 3743 dilec-

94 3771 138 3824 tae
156 3763 300 3846 coniugis
321 3773 444 3836 vestrae
461 3766 616 3828 Dominae
634 3777 758 3829 nostrae
772 3765 894 3826 honore
910 3774 942 3824 et
962 3761 1178 3840 salvamento,

96 3845 174 3906 etde
191 3845 435 3908 conservatione
452 3867 562 3908 earum
581 3869 689 3910 rerum
711 3870 788 3930 quas
808 3847 858 3908 illi
882 3843 1028 3918 dedistis,
1051 3844 1101 3906 vel
1121 3847 1179 3908 de·

97 3926 216 4005 dentis,
239 3937 270 3990 et
293 3929 333 3990 de
350 3928 591 3992 confirmatione
612 3931 629 3990 sl
650 3932 718 3992 filio
738 3939 844 3992 vestro
867 3925 984 3988 exinde
1006 3926 1178 4003 facienda,

98 4017 127 4066 et
146 4009 228 4072 filius
249 4021 355 4073 vester
375 4011 415 4072 ad
440 4009 502 4072 hoe
523 4022 648 4095 paratus
675 4022 739 4088 est,
760 4011 844 4072 sicut
874 4008 1008 4078 iubetis5
1030 4016 1077 4101 'et
1102 4029 1178 4085 nos,

97 4102 242 4170 quantum
259 4092 426 4166 scierimus
442 4103 475 4156 et
490 4095 705 4178 potuerimus,
728 4095 767 4154 ad
787 4094 854 4154 hoc·
866 4091 966 4173 parati
992 4110 1120 4150 crimus.

170 4171 227 4236 vl.
267 4177 315 4236 De
329 4175 454 4236 filiabus
471 4178 597 4254 nostris,
619 4200 692 4239 cum
710 4198 774 4258 quo
792 4175 916 4235 honore
931 4171 1108 4264 secundum
1118 4173 1180 4233 Del

99 4252 299 4340 voluntatem,
323 4267 354 4319 ct
378 4257 465 4342 quali
479 4259 673 4327 saluatuento
688 4268 742 4320 aut
755 4255 915 4320 adiutorio
935 4260 1107 4316 consistere
1124 4253 1182 4334 de·

922 4401 925 4408 ·
939 4365 993 4442 14,
