2786 4980
234 331 418 392 ·acnn.
525 321 657 384 mauu
675 321 911 410 tmnconute
1017 325 1078 396 us
1231 309 1253 380 5

145 501 246 552 anno
264 471 684 574 quittto'regniKaroli3
709 455 936 563 cuidynotio
945 467 1096 566 Droga,
1108 469 1254 544 Meton.

141 581 196 650 aia
208 579 440 674 Episcopus,
454 571 846 668 praeseditconecnsu
861 572 1063 642 eorundem
1084 571 1252 666 Regum:

144 701 240 775 quae
260 689 297 748 et
306 676 383 771 ipsi
399 671 594 765 Principes
602 683 688 741 onte
706 668 957 764 sefidelesque
970 694 1098 744 eorum
1116 671 1253 742 relecta

137 777 328 872 „Capitale
344 769 662 869 adprobaverunt,
677 781 712 840 et
731 793 772 840 se
788 769 919 840 eodem
945 783 1161 846 octodurus
1176 793 1251 842 uu-

140 877 305 971 ¹xib'onte
320 873 488 980 pomino
507 871 774 964 promiserunt,
801 891 925 940 menae
963 869 1153 963 octobrio,
1180 869 1251 942 In·

155 993 158 998 ’
496 997 502 1004 ·
527 969 690 1040 dictione
707 966 879 1062 septimo.

441 1123 959 1188 Psssrsrto.

181 1241 201 1270 τ

149 1243 263 1360 liaris
275 1303 403 1358 sanctae
416 1295 581 1359 Ecclesiae
592 1295 632 1376 ab
647 1295 781 1358 exordio
799 1315 858 1360 sao
873 1297 970 1360 variis
982 1315 1076 1381 saepe
1091 1294 1253 1380 perturba·

146 1379 290 1444 tionibus
310 1399 437 1456 mersa,
458 1379 516 1442 sed
535 1379 676 1442 excitato
695 1379 839 1442 fidelium
858 1379 1008 1464 precibus
1036 1379 1251 1462 gubernatore

144 1486 203 1526 suo
219 1461 348 1524 Christo
364 1483 533 1546 nunquam
546 1472 595 1524 est
614 1483 846 1545 usquequaque
858 1463 1011 1524 demersa.
1039 1463 1131 1540 Quae
1145 1481 1252 1544 quon-

144 1545 335 1625 demetiam,
346 1553 383 1606 ut
396 1565 485 1605 nunc
499 1545 641 1624 videtur,
653 1545 737 1606 bene
752 1545 912 1626 conlapsa,
925 1545 1169 1627 progenitorum
1183 1563 1253 1606 ves·

142 1639 270 1691 trorum
282 1627 391 1691 studio
404 1637 437 1690 et
452 1627 640 1705 devotione,
651 1637 835 1688 estauctore
844 1631 914 1690 Deo
923 1629 1012 1688 iuxta
1023 1627 1153 1688 modum
1171 1623 1254 1690 divt-

144 1713 235 1776 uitus
249 1731 441 1773 eoncessum
453 1719 651 1793 recuperata.
661 1711 755 1771 Unde
769 1709 936 1772 immensas
949 1711 1088 1771 Domino
1098 1712 1168 1772 Deo
1182 1729 1252 1770 nos-

143 1805 202 1857 tro
211 1794 324 1856 laudes
338 1793 519 1870 referimus,
530 1793 587 1875 qui
604 1802 637 1856 et
649 1793 745 1853 corda
759 1803 863 1855 vestra
872 1793 912 1853 ad
929 1793 1144 1854 intentionem
1157 1791 1251 1852 simi·

145 1877 216 1939 lem
228 1875 391 1954 excitavit,
411 1885 529 1958 etpost
544 1875 680 1958 vestigia
697 1883 824 1958 patrum
843 1884 1033 1951 vestrorum,
1054 1875 1174 1956 quibus
1193 1894 1253 1958 per

144 1959 325 2042 temporale
344 1979 480 2042 regnum
499 1958 540 2020 ad
554 1966 722 2021 aeternum
736 1957 943 2038 perveniatis,
958 1959 1005 2020 ire
1024 1959 1110 2020 velle
1136 1956 1251 2019 docuit

148 2039 374 2124 etinspiravit.
411 2043 547 2105 Vestrae
572 2038 784 2104 nihilominus
803 2039 1017 2102 nobilissimae
1040 2039 1252 2104 dominationi

146 2123 354 2185 multimodas
369 2123 543 2206 gratiarum
551 2121 692 2185 actiones
701 2121 919 2206 rependimus,
929 2123 1005 2206 quia
1015 2122 1055 2184 ad
1067 2123 1252 2184 evitandum

146 2215 183 2269 et
194 2215 338 2268 vestram
351 2216 383 2266 et
396 2216 543 2268 nostrum
554 2203 748 2288 periculum,
766 2215 798 2265 et
817 2203 856 2266 ad
870 2228 1072 2268 communem
1091 2205 1252 2286 totiusque

145 2287 264 2374 populi
283 2288 517 2370 providendam
530 2287 750 2365 salvationem,
765 2288 881 2349 bonam
893 2298 925 2350 et
938 2288 1174 2372 beneplacitam
1190 2286 1252 2350 Dei

147 2372 347 2434 voluntatem
361 2369 533 2452 subsequi,
554 2380 587 2432 et
607 2369 754 2432 divinum
768 2372 1143 2449 consilium,secundum
1156 2391 1252 2452 prae·

148 2461 278 2536 ceptum
290 2453 435 2531 Domini,
451 2475 517 2534 quo
531 2452 667 2516 dicitur:
686 2456 851 2533 Interrogo
860 2453 1048 2514 Sacerdotes
1064 2455 1162 2534 legem
1183 2473 1251 2514 me·
1301 2481 1306 2496 =

149 2557 203 2604 cm
213 2561 227 2606 ;
247 2544 291 2616 et,
311 2539 480 2615 interrogo
491 2549 599 2618 patres
616 2549 685 2596 tuos
708 2549 739 2595 et
758 2535 987 2596 adnuntiabunt
1008 2536 1080 2612 tibi,
1102 2539 1119 2595 b
1141 2535 1251 2612 nobis,

153 2640 345 2702 quamquam
362 2617 525 2700 indignis,
542 2617 662 2678 Christi
675 2627 780 2680 lamen
796 2616 945 2690 Vicariis,
961 2635 1115 2696 quaerere
1135 2623 1169 2676 et
1193 2617 1253 2679 be-

153 2700 252 2783 nigna
271 2702 457 2779 devotione,
473 2699 563 2782 velut
579 2721 694 2762 revera
718 2721 759 2760 ex
784 2720 839 2760 ore
865 2697 965 2780 ipsius
983 2697 1062 2774 Dei,
1084 2708 1252 2779 expectare

154 2781 341 2864 dignamini.
356 2783 452 2860 Quod
471 2781 660 2844 humilitatis
676 2791 800 2845 vestrae
816 2801 991 2864 supernum
1009 2781 1130 2840 donum
1146 2791 1253 2842 sancta

149 2866 296 2928 Ecclesia
311 2887 384 2927 cum
403 2875 492 2926 tanto
507 2865 624 2947 gaudio
638 2865 782 2948 suscipit,
801 2875 837 2926 ut
851 2865 891 2926 de
914 2861 1004 2924 vobis
1022 2863 1116 2924 etiam
1129 2863 1162 2924 in
1179 2885 1257 2927 con·

149 2947 309 3009 solatione
324 2970 379 3009 sua
395 2947 457 3009 sibi
471 2947 592 3010 dictum
611 2949 774 3008 bDomino
789 2957 896 3031 aptare
911 2946 1007 3016 velit3
1029 2947 1095 3009 Pro
1106 2949 1251 3043 patribus

151 3031 216 3092 tuis
241 3031 308 3090 nuti
322 3042 393 3091 sunt
415 3031 474 3091 tibi
485 3030 576 3113 filii.-
597 3030 631 3091 id
646 3040 709 3108 est,
732 3052 791 3112 pro
807 3029 963 3092 iustorum
979 3030 1250 3112 progenitoribus,

150 3110 211 3196 qui
232 3112 272 3173 de
293 3123 428 3194 paterno
443 3111 559 3176 affectu
577 3111 762 3174 ditaverunt
777 3125 809 3176 et
831 3113 1069 3196 ampliaverunt
1090 3135 1127 3175 ac
1144 3114 1253 3176 colue-

148 3203 246 3273 runt,
269 3196 335 3256 nati
351 3203 426 3257 sunt
445 3194 504 3258 tibi
518 3193 570 3254 isti
581 3194 655 3270 lilii,
674 3195 779 3275 quiin
798 3205 828 3257 te
849 3205 881 3255 et
895 3205 1028 3280 paterna
1048 3215 1182 3260 munera
1197 3219 1251 3258 re·

149 3277 300 3354 sarciant,
320 3286 525 3360 recuperent,
547 3287 581 3338 et
598 3286 800 3356 conservent,
822 3287 855 3339 et
871 3289 902 3338 tc
919 3277 1008 3338 fideli
1024 3277 1206 3359 devotione,
1218 3291 1254 3340 ut

147 3358 253 3422 bonae
267 3359 387 3421 indolis
404 3359 637 3437 adolescentes,
660 3381 710 3419 me
728 3381 900 3442 supensos
923 3359 1125 3440 intendente,
1143 3363 1253 3445 eisque

150 3463 282 3502 manum
299 3442 405 3504 solatii
423 3441 632 3525 porrigente,
654 3451 806 3502 tueantur
821 3451 853 3500 et
866 3441 1024 3502 excolant.

232 3526 257 3586 l.
298 3526 354 3586 His
376 3525 427 3586 ita
443 3524 639 3609 praemissis,
662 3523 852 3585 nobilissimi
876 3524 1028 3601 Domini,
1051 3536 1087 3586 ut
1108 3547 1180 3589 curn
1199 3549 1252 3610 pa-

148 3629 188 3671 ce
207 3617 311 3670 vestra
329 3609 490 3684 dicamus,
512 3605 589 3688 quia
623 3615 746 3667 constat
772 3606 856 3666 hanc
883 3615 1023 3668 sanctam
1049 3610 1251 3683 Ecclesiam,

147 3691 307 3770 sanguine
327 3687 446 3752 Christi
467 3691 681 3770 redemptam,
704 3699 737 3749 et
762 3689 1047 3750 praedecessorum
1070 3701 1252 3754 vestrorum

146 3773 382 3842 multalabore
403 3767 652 3854 redintegratam
677 3793 714 3832 ac
732 3771 901 3832 adunatam
922 3780 1019 3854 atque
1045 3775 1265 3855 gubernatam·

146 3866 256 3917 vestra
275 3855 433 3917 discordia
447 3876 515 3915 esse
533 3854 694 3917 discissam
711 3853 966 3934 alperturbatam
981 3864 1076 3936 atque
1089 3857 1251 3936 afflictam,

148 3938 282 4000 ridetur
297 3937 401 4016 nobis,
418 3938 443 4002 si
462 3947 494 3998 et
507 3937 539 3996 in
559 3937 716 4018 praesenti
734 3937 875 3997 feliciter
891 3957 1026 4018 regnare
1045 3949 1077 3999 et
1096 3939 1129 3999 in
1144 3941 1252 3999 futuro

147 4020 268 4104 cupitis
287 4041 354 4082 esse
371 4021 462 4097 salvi,
485 4027 517 4080 et
536 4022 574 4080 ab
592 4021 652 4082 hac
668 4019 779 4080 eadem
796 4019 939 4080 Ecclesia
957 4021 1048 4080 vohis
1080 4022 1119 4081 ud
1142 4023 1255 4104 guber-

147 4103 293 4166 nandum
314 4104 490 4180 commissa,
508 4123 567 4184 pro
583 4125 647 4185 qua
662 4125 701 4164 ex
720 4101 897 4162 ministerio
910 4102 1011 4184 regali
1032 4103 1191 4166 reddituri
1209 4128 1253 4168 es-

147 4185 284 4268 tislllegi
303 4187 426 4269 Regum
439 4185 597 4248 rationem
618 4187 651 4250 in
679 4186 732 4246 die
757 4182 889 4259 iudicii,
912 4195 976 4244 tam
1000 4186 1196 4270 multiplices
1214 4213 1249 4250 ac

146 4268 345 4358 perniciosas
359 4267 576 4359 corruptionis
598 4268 795 4354 pestilentias
812 4269 909 4330 vultis
932 4287 1090 4343 amovere,
1112 4285 1143 4334 et
1163 4274 1254 4354 viga-
