2712 4992
208 277 280 346 362
656 293 836 352 noenum

208 433 319 495 venire
340 431 374 492 in
389 431 548 508 rationes,
568 451 628 514 pro
643 453 681 494 eo
697 433 785 516 quod
808 433 889 496 dixit
906 436 992 517 quod
1016 455 1064 496 res
1083 457 1146 498 suas
1161 448 1219 518 pest
1234 461 1257 499 se

207 518 290 576 mulo
308 514 421 575 ordine
434 513 564 573 tenebat
579 513 705 576 iniuste.
745 517 895 596 nequod
914 517 1062 601 placitum
1079 519 1196 580 veniens
1208 521 1257 602 ipse

207 599 264 659 nte
278 618 337 679 per
353 595 461 658 triduo
474 615 532 655 seu
546 597 681 678 amplius
694 597 846 678 placitum
863 621 955 661 sunm
972 600 1153 670 custodium
1173 611 1200 662 et
1214 624 1257 662 nee

208 681 275 763 ipse
294 679 350 740 ille
366 678 405 737 ad
419 699 492 738 eum
504 677 657 762 placitum
673 681 782 756 venit,
805 702 865 742 neo
883 683 1010 742 missum
1030 683 1061 740 in
1083 681 1176 742 vicem
1193 705 1258 744 suan

207 784 272 823 non
296 761 414 822 direxit
433 760 490 840 qui
509 761 576 819 ulla
605 760 695 821 sonia
718 763 903 826 nuntiasset.
943 763 1081 825 Proinde
1106 785 1158 824 nos
1176 767 1259 825 taliter

207 867 273 905 una
293 865 367 904 eum
385 842 532 903 fidelibus
551 844 666 903 nostris
681 845 734 906 vel
759 846 882 907 Comite
903 846 1013 928 palatii
1038 845 1132 905 nostri
1149 846 1199 906 illo
1216 848 1257 907 visi

206 927 325 987 suimus
346 925 502 986 iudicasse
524 934 561 985 ut
586 925 662 986 dum
686 925 753 1007 ipse
778 927 834 987 ille
863 948 922 1009 per
944 927 1051 988 triduo
1080 949 1134 987 seu
1154 929 1258 1011 amplius

204 1009 357 1092 placitum
371 1027 464 1068 suum
483 1006 625 1088 legitime
646 1007 839 1086 custodivit,
860 1019 891 1070 et
913 1031 974 1071 neo
996 1010 1062 1091 ipse
1084 1009 1136 1070 ille
1154 1011 1188 1072 ad
1207 1032 1258 1070 eun

204 1092 359 1174 placitum
379 1087 480 1166 venit,
495 1110 555 1149 nec
571 1089 700 1151 missum
718 1091 750 1148 iu
765 1091 837 1153 rice
851 1114 906 1154 sua
922 1092 1043 1152 direxit
1055 1091 1110 1171 qui
1126 1093 1185 1152 ulla
1195 1093 1259 1152 sonia

206 1173 404 1249 nuntiasset,
426 1179 458 1231 et
482 1171 634 1252 placitum
652 1193 746 1233 suum
772 1174 930 1254 neglexit,
961 1184 993 1234 et
1021 1173 1151 1235 ieetivus
1171 1175 1257 1235 exinde

203 1255 372 1331 remansit,
393 1261 564 1335 propterea
578 1253 725 1314 iubemus
741 1263 777 1314 ut
789 1255 945 1337 quicquid
961 1257 1018 1318 lex
1051 1255 1114 1314 loci
1135 1257 1214 1318 vestri
1231 1256 1257 1314 de

205 1339 268 1398 tale
283 1357 377 1398 eausa
397 1334 566 1412 debuerit,
582 1337 672 1396 robis
688 1336 950 1418 distringentibus
975 1338 1044 1420 ipse
1071 1338 1127 1398 ille
1149 1337 1256 1420 partibus

205 1420 305 1504 ipsius
320 1419 375 1480 lue
390 1416 530 1478 bominis
549 1426 718 1501 componat
736 1428 831 1500 atque
852 1419 1021 1482 emendare
1040 1421 1169 1486 studeat
1207 1497 1212 1507 ,

538 1549 741 1632 Aequalentia
761 1549 815 1612 vel
830 1566 965 1636 pactum.

263 1667 409 1730 XXXIX.
431 1666 617 1728 Auxiliante
635 1665 773 1727 Domino
792 1675 899 1728 nostro
914 1668 988 1728 lesu
1009 1666 1153 1742 Christo,
1172 1664 1259 1746 placuit

203 1760 299 1833 atque
312 1750 464 1811 convenit
481 1750 564 1808 inter
573 1750 632 1809 illo
645 1759 677 1810 et
691 1771 841 1830 germano
861 1771 918 1810 suo
929 1749 987 1809 illo
1004 1750 1045 1810 de
1059 1749 1148 1810 alode
1161 1747 1260 1828 quiluit

202 1842 352 1912 genetore
364 1831 410 1891 ill.
424 1835 466 1892 Ut
475 1832 560 1891 inter
568 1852 601 1892 se
612 1832 814 1911 aequalentia
826 1831 971 1894 dividere
984 1833 1038 1892 vel
1052 1849 1215 1910 exaequare
1224 1829 1259 1887 de·

201 1916 325 1978 berent.
350 1915 446 1990 Quod
460 1915 502 1972 ita
516 1923 548 1974 et
561 1915 716 1974 feceruut.
743 1913 879 1994 Accepit
892 1914 988 1994 igitur
1004 1913 1062 1975 ille
1078 1914 1116 1973 de
1130 1922 1204 1992 parte
1220 1931 1259 1970 sua

201 2018 310 2058 manso
323 1995 355 2054 in
375 2017 455 2076 pago
471 1997 540 2071 illo,
550 1995 583 2054 in
600 1996 672 2055 loco
683 1994 739 2076 qui
751 1995 870 2055 dicitur
881 1996 949 2072 illo,
963 2018 1036 2056 curn
1055 1996 1139 2056 omni
1156 1993 1259 2072 desuper

202 2080 317 2163 posito,
331 2098 388 2137 seu
404 2077 518 2152 vineis,
530 2076 632 2154 olicis,
652 2077 891 2158 eampis,totum
911 2087 943 2137 et
961 2079 1000 2138 ad
1017 2079 1171 2159 integrum
1181 2097 1209 2133 re
1227 2075 1259 2131 in-

207 2159 374 2240 exquisita.
389 2159 415 2219 E
433 2159 594 2220 eontraad
604 2158 709 2221 ricem
723 2161 845 2242 accepit
860 2159 916 2219 ille
936 2159 975 2220 de
995 2170 1087 2241 parte
1108 2180 1160 2220 sua
1179 2176 1259 2214 manso

202 2243 236 2302 in
255 2262 336 2324 pago
363 2239 439 2318 illo,
462 2242 494 2300 in
522 2241 594 2302 loeo
609 2241 667 2322 qui
682 2242 799 2301 dicitur
816 2242 886 2316 illo,
900 2241 956 2300 ubi
977 2242 1086 2302 accola
1105 2247 1257 2309 commanet,

200 2323 234 2385 id
254 2334 318 2398 est,
339 2331 403 2381 tam
420 2323 551 2400 mansis,
573 2322 675 2384 vineis
684 2369 693 2401 ,
716 2324 823 2399 olicis,
846 2332 948 2384 totum
971 2332 1001 2382 et
1024 2324 1066 2382 ad
1085 2324 1257 2402 integrunre

200 2405 412 2486 inexquisita,
435 2406 677 2481 etiamuurum,
711 2413 896 2486 argentum,
929 2405 1096 2485 ‹lrapalia,
1127 2421 1257 2472 aeramen,

197 2488 380 2568 peculium,
403 2487 595 2568 praesidium
610 2487 776 2568 utriusque
791 2509 902 2560 sexus,
925 2488 1042 2548 mobile
1066 2497 1098 2548 et
1113 2483 1257 2552 immobile,

200 2573 286 2630 inter
301 2591 334 2629 se
353 2569 555 2648 aequalentia
571 2569 629 2629 visi
652 2569 785 2627 fuerunt
802 2568 1011 2645 dividissent,
1035 2579 1067 2630 et
1089 2590 1156 2650 pars
1177 2574 1258 2626 contre

199 2673 275 2735 pare
298 2673 355 2711 suo
372 2651 510 2712 invicem
530 2651 751 2725 tradiderunt,
773 2660 805 2711 et
832 2671 890 2730 per
919 2671 1030 2710 eorum
1057 2651 1189 2712 fistucam
1208 2666 1258 2726 pars

199 2743 310 2794 eontra
328 2753 402 2813 pare
422 2754 480 2792 suo
496 2754 529 2793 se
548 2733 665 2794 exinde
683 2731 803 2791 exitum
820 2734 983 2802 fecerunt;
1003 2733 1046 2792 ita
1063 2744 1098 2793 ut
1114 2733 1149 2790 ab
1162 2730 1258 2789 hodier-

199 2839 241 2875 no
256 2816 308 2876 die
331 2814 552 2896 unusquisque
568 2815 655 2895 quod
674 2815 797 2894 accepit
810 2813 940 2891 habeut,
963 2823 1090 2891 teneat,
1110 2824 1194 2894 atque
1209 2829 1259 2890 pos·

196 2900 309 2974 sideat,
330 2897 382 2955 vet
402 2897 555 2978 quicquid
578 2897 694 2957 exinde
719 2897 823 2956 lacere
851 2896 1006 2972 voluerit,
1028 2897 1157 2956 liberam
1181 2903 1205 2954 et
1220 2892 1257 2948 fir·

200 2981 369 3040 missimnrn
393 2981 426 3037 in
447 2978 592 3040 omnibus
621 2978 736 3038 babeat
761 2987 946 3058 potestatem
965 2978 1118 3042 faciendi.
1157 2975 1186 3036 Si
1207 2970 1258 3052 quis

204 3083 297 3134 vero,
320 3062 408 3140 quod
428 3082 487 3121 uec
503 3060 573 3120 lieri
590 3061 707 3130 credo,
729 3060 754 3120 si
777 3081 835 3140 ego
852 3060 941 3140 ipse,
964 3069 1019 3119 aut
1038 3060 1151 3143 aliquis
1166 3059 1198 3117 de
1216 3055 1257 3111 he-

141 3207 145 3219 ,
199 3143 328 3206 redibus
360 3143 494 3217 nostris,
526 3142 578 3202 rel
606 3141 758 3224 quislibet
784 3142 926 3222 opposita
956 3163 1111 3222 persona,
1133 3139 1257 3222 quicun-

198 3236 247 3286 tra
265 3225 350 3284 banc
365 3225 531 3306 epistolam
553 3223 622 3284 loeo
642 3223 799 3304 pactionis
819 3223 930 3284 venire
956 3225 1137 3301 conaverit,
1167 3222 1257 3280 inferat

196 3329 269 3390 pars
290 3327 365 3386 pare
380 3328 438 3367 suo
453 3308 506 3365 cui
535 3306 623 3366 litem
638 3307 786 3364 intulerit
805 3305 864 3364 ista
886 3315 950 3365 tota
968 3316 1114 3368 servante
1136 3327 1189 3364 una
1205 3317 1257 3359 eum

197 3389 283 3450 socio
299 3390 373 3449 fisco
389 3389 458 3448 auri
487 3389 596 3448 ennoias
624 3395 725 3447 tantas
751 3409 818 3446 esse
851 3387 1038 3463 multando,
1073 3399 1106 3452 et
1137 3397 1256 3470 praesens

197 3471 331 3554 epistola
349 3471 505 3555 pactionis
521 3470 608 3532 omni
626 3479 767 3551 tempore
781 3469 870 3528 firma
883 3476 1075 3550 permaneat

540 3603 677 3664 Donatio
699 3601 745 3660 ad
769 3623 870 3662 cosam
892 3604 962 3666 Dei.

278 3715 349 3778 XL.
391 3719 530 3778 Domino
550 3739 625 3780 vere
642 3725 750 3778 sancto
765 3738 800 3776 ac
820 3718 1079 3779 reverentissimo
1095 3705 1255 3777 lllonasterio

196 3800 254 3860 illo
270 3801 358 3880 quod
371 3809 417 3859 est
436 3811 654 3861 constructum
674 3800 707 3858 in
736 3799 859 3859 honore
881 3810 1006 3861 sanctae
1027 3799 1140 3862 Mariae
1158 3803 1255 3869 semper

192 3882 325 3963 virginis
351 3883 522 3963 genetricis
546 3883 606 3943 Dei
633 3892 665 3942 et
684 3881 815 3941 Domini
844 3883 944 3942 nostri
976 3881 1051 3942 Iesu
1076 3876 1196 3949 Christi,
1215 3868 1253 3929 vel

194 3977 393 4026 caeterorum
413 3965 615 4024 dominorum
628 3985 774 4040 suorum,
796 3985 932 4044 quorum
949 3964 1114 4046 Reliquiae
1136 3958 1176 4018 ibi
1193 3973 1252 4012 eon-

193 4047 276 4106 ditae
296 4057 388 4122 sunt,
412 4056 443 4105 et
462 4048 601 4108 inluster
619 4048 689 4106 Deo
710 4055 829 4105 saerata
861 4045 917 4106 illa
938 4046 1099 4106 Abbatissa
1121 4063 1175 4102 una
1198 4053 1253 4094 cum

186 4137 303 4187 'norma
322 4128 531 4206 plurimarum
548 4128 738 4190 aricillarum
752 4127 814 4187 Dei
836 4127 876 4188 ad
894 4129 1022 4189 laudem
1036 4125 1147 4189 Christi
1162 4135 1252 4209 canen·

195 4209 271 4269 dum
295 4209 413 4270 cusuix
434 4232 576 4292 praeesse
597 4209 741 4286 ridetur,
765 4230 823 4292 ego
846 4209 878 4268 in
912 4211 973 4273 Dei
1008 4209 1132 4273 nomine
1157 4205 1250 4268 femina
