2712 4992
455 312 562 366 nnan
587 289 774 367 secessus
1115 301 1188 374 335

66 453 184 515 dimus
194 455 209 531 ,'
225 451 342 536 aliquis
365 455 404 517 de
422 452 596 518 heredibus
615 453 749 532 nostris,
771 453 822 516 rel
856 455 1044 537 quicunqne
1075 470 1188 526 eontra

64 535 163 597 hanc
186 535 365 597 cessionem
384 547 633 620 nostramagere
655 547 709 597 aut
739 536 839 618 ipsam
868 561 937 600 rem
964 539 1023 600 tibi
1057 545 1186 606 auferre

64 619 264 696 conaverit,
286 620 404 680 inferat
424 620 483 680 tibi
501 643 575 682 eum
594 629 729 702 cogente
745 621 821 680 fisco
839 622 908 681 auri
923 629 1045 682 tantum
1061 635 1092 686 et
1105 626 1186 690 haec

64 701 214 784 epistola
232 700 543 787 firmapermaneat,
565 703 772 788 stipulatione
793 703 946 772 subnexa.

66 828 176 896 Gesta
191 829 284 891 iuxta
311 829 567 893 consuetudinem
587 832 820 909 Rotrsanorum,
841 832 978 917 qualiter
999 834 1186 900 donationes

402 914 450 974 vel
472 925 657 975 testamenta
672 915 858 993 allegentur.
963 973 967 982 ‚

158 1023 336 1094 XXXVII(
371 1026 467 1089 Anno
489 1027 559 1106 illo,
581 1033 736 1111 regnante
757 1030 885 1090 Domno
905 1037 1015 1095 nostro
1037 1029 1124 1118 Rege
1144 1034 1186 1096 il·

69 1116 122 1192 lo,
144 1113 203 1173 sub
224 1111 278 1173 dic
302 1109 372 1189 illo,
402 1111 530 1172 civitate
555 1112 641 1187 illa,
669 1112 814 1172 adstante
845 1112 916 1174 viro
940 1116 998 1176 illo
1023 1117 1187 1180 landabile
1211 1129 1213 1134 '

71 1191 258 1258 Defensore
281 1203 313 1255 et
330 1195 418 1254 omni
441 1194 574 1255 Curiam
595 1194 684 1256 illins
708 1194 858 1272 civitatis,
875 1195 927 1257 vir
946 1199 1133 1281 magnificus
1149 1200 1187 1260 il·

76 1281 112 1340 le
135 1280 325 1339 Prosecntor
345 1277 449 1338 disits
476 1279 569 1354 Peto,
591 1279 710 1360 optime
733 1278 911 1357 Defensor,
934 1302 1055 1364 rosque
1078 1282 1192 1344 landa*

76 1362 167 1422 biles
191 1359 335 1421 Ceriales
363 1351 459 1442 alque
480 1360 679 1442 Municipes,
708 1370 745 1421 nt
770 1358 850 1419 mihi
882 1363 1009 1424 codices
1038 1365 1186 1446 publicos

77 1454 190 1527 patere
223 1442 370 1509 iubentis.
428 1442 594 1520 Quaedam
618 1446 705 1504 enirn
736 1442 769 1503 in
802 1443 948 1506 manibus
975 1444 1079 1507 habeo
1100 1469 1184 1530 quae

76 1535 240 1609 gestorum
266 1525 363 1606 cupio
386 1525 579 1607 allegatione
599 1525 755 1588 roborari.
795 1526 957 1588 Defensor
981 1534 1013 1588 et
1040 1529 1186 1592 Curiales

73 1610 263 1670 dixerunts
298 1610 415 1670 Patent
441 1609 502 1668 tibi
528 1608 654 1671 codices
680 1606 814 1691 publici.
863 1610 1064 1692 Prosequere
1097 1613 1186 1695 quod

71 1701 188 1774 optas,
210 1691 319 1752 dicere
346 1711 412 1751 non
441 1692 586 1752 moreris.
629 1692 688 1752 Vir
707 1691 893 1774 magnificus
914 1693 1108 1755 Prosecntor
1127 1696 1185 1757 ille

71 1773 177 1836 dixit:
219 1773 423 1835 Venerabilis
453 1774 506 1834 rir
525 1783 580 1834 ant
613 1772 751 1836 inluster
783 1775 834 1834 vir
868 1774 925 1834 ille
955 1793 1016 1857 per
1043 1775 1186 1840 chartam

70 1856 220 1917 mandati
243 1857 293 1918 sni
321 1855 400 1915 mibi
427 1855 572 1916 iniunxit
596 1867 631 1918 ut
659 1858 749 1917 illam
774 1856 981 1918 donationem
1004 1860 1186 1922 testamenti

74 1949 134 2000 ant
156 1940 333 2000 cessionem
361 1939 516 2021 quemad
535 1939 667 2002 basilica
690 1942 730 2001 ad
749 1940 822 2002 loco
850 1949 959 2001 saneto
983 1933 1041 2000 illo
1058 1952 1112 2004 ant
1132 1942 1186 2002 in-

76 2023 174 2084 lustri
199 2023 272 2085 viro
301 2021 359 2083 illo
391 2022 601 2104 adpraesens
628 2032 683 2083 aut
710 2033 781 2106 post
807 2021 980 2084 discessum
1007 2021 1184 2108 delegavit,

78 2105 116 2165 in
145 2105 215 2167 vice
237 2127 312 2182 sun,
336 2113 373 2165 ut
399 2125 466 2165 mos
485 2111 548 2183 est,
576 2106 670 2187 gestis
689 2105 938 2188 municipalibus
962 2105 1063 2187 ipsam
1087 2108 1185 2168 dona·

77 2190 201 2250 tionem
223 2187 355 2249 debeam
377 2187 528 2270 allegare.
569 2190 630 2250 Vir
652 2188 804 2249 honestus
820 2189 980 2250 Defensor
1001 2187 1084 2249 dixit
1109 2189 1183 2253 ille:
1256 2219 1262 2232 =

73 2272 268 2331 Mandatum
292 2270 379 2352 quod
403 2269 437 2328 in
464 2279 496 2330 te
526 2271 742 2354 conscriptum
770 2269 889 2332 habere
915 2270 996 2331 dicis
1020 2271 1112 2334 nobis
1137 2295 1185 2334 os·

74 2355 189 2432 tende,
222 2354 275 2415 vel
301 2355 334 2412 in
360 2361 528 2434 praesente
555 2355 702 2416 recitare.
744 2353 787 2413 Et
815 2353 872 2416 ille
899 2354 1093 2416 Prosecutor
1118 2355 1182 2418 hoc

73 2436 174 2498 modo
201 2434 359 2498 recitavit.

451 2564 587 2628 Teutam
623 2564 814 2628 mandatum.

157 2677 354 2745 XXXVIII.
395 2681 537 2741 Domino
551 2680 720 2764 magnifico
736 2680 828 2740 fratri
851 2680 909 2743 illo
934 2679 1009 2752 illa
1043 2689 1124 2751 Peto
1149 2698 1184 2751 et

71 2764 226 2848 supplico
250 2763 373 2825 caritati
409 2773 482 2824 tuae
515 2773 551 2823 ut
589 2765 621 2823 in
650 2765 754 2824 vicem
775 2785 877 2824 meum
897 2768 1064 2849 epistolam
1085 2773 1186 2835 dona«

71 2847 175 2908 tionis
191 2856 246 2906 aut
259 2847 439 2908 testamenti
453 2869 510 2907 seu
531 2846 682 2908 cessionis
693 2847 781 2928 quod
794 2848 834 2908 de
848 2847 945 2912 rebus
965 2853 1044 2914 meis
1058 2854 1123 2918 illis
1142 2857 1184 2918 ad

71 2930 209 2991 basilica
234 2929 291 2990 illa
318 2952 376 3012 pro
403 2930 525 2990 animae
546 2951 635 2990 meae
665 2929 846 2998 remedium
867 2942 923 2992 aut
953 2933 1098 2998 inlustris
1118 2938 1182 3000 viri

73 3014 167 3074 illius
192 3021 266 3094 post
287 3013 460 3073 discessum
489 3033 595 3077 meum
625 3012 677 3072 vel
705 3012 745 3071 ad
771 3033 920 3093 praesens
945 3017 1113 3100 delegavi,
1146 3021 1181 3081 in

75 3097 210 3156 civitate
233 3095 291 3154 illa
314 3094 443 3178 publice
468 3115 664 3176 prosequere
689 3104 720 3154 et
745 3095 838 3176 gestis
863 3098 1123 3182 municipalibus,
1146 3113 1183 3165 ut

75 3200 146 3240 mos
172 3187 230 3254 est,
253 3197 321 3238 eam
349 3178 464 3239 debens
495 3178 644 3259 allegare.
697 3178 872 3257 Propterea
893 3181 953 3241 tibi
977 3181 1066 3245 hunc
1094 3208 1183 3247 man·

76 3263 187 3322 datum
209 3260 474 3343 conscripsimus,
505 3269 541 3320 ut
562 3261 645 3321 sicut
667 3261 815 3342 superius
839 3264 1041 3344 continetur,
1074 3269 1183 3330 taliter

75 3364 272 3426 prosequere
290 3353 324 3403 et
342 3344 464 3404 firmare
486 3343 616 3412 debeam
639 3351 671 3402 et
685 3342 841 3426 quicquid
854 3344 970 3406 exinde
995 3349 1097 3432 egeris
1116 3371 1184 3432 ges·

76 3426 208 3504 serisve,
236 3435 339 3485 ratum
370 3435 401 3486 et
425 3425 591 3487 definitum
612 3426 696 3506 apud
723 3447 779 3486 nos
801 3426 834 3484 in
858 3427 1004 3492 omnibns
1022 3452 1090 3494 esse
1110 3455 1183 3518 cog·

77 3529 199 3570 noscas.
241 3510 373 3568 Factum
389 3509 572 3568 mandatum
591 3519 681 3585 tunc,
703 3508 760 3580 ibi,
783 3529 869 3568 anno
892 3508 961 3571 illo.

157 3594 235 3654 Post
257 3591 479 3653 recitationem
506 3590 665 3665 mandati,
694 3591 744 3650 vir
765 3591 917 3653 honestus
939 3593 996 3656 ille
1022 3593 1183 3660 Defensor

77 3673 181 3736 dixit:
209 3675 394 3735 Mandatum
422 3674 553 3756 quidem
583 3673 752 3734 recitatum
784 3682 851 3746 est3
882 3675 939 3736 sed
967 3681 1182 3763 suprascripta

76 3757 270 3834 donatione,
292 3766 535 3834 testamentum,
557 3767 612 3816 aut
638 3756 800 3833 cessione,
829 3779 925 3839 quam
942 3782 1017 3841 prae
1037 3764 1182 3826 manibus

75 3839 196 3900 habere
211 3839 302 3918 dicis,
317 3841 409 3901 nobis
421 3839 642 3925 praesentibus
659 3839 823 3917 recitetur,
841 3850 874 3901 et
885 3849 920 3901 ut
930 3843 1072 3924 postulas
1086 3848 1182 3926 gestis

75 3923 216 4005 publicis
248 3924 403 3988 firmetur.
456 3926 561 4001 Quum
589 3943 667 3982 vero
700 3921 905 3983 donationem
939 3924 996 3984 ille
1019 3930 1183 4007 professor

75 4006 233 4067 recitarit.
274 4008 350 4068 Post
378 4006 599 4068 recitationem
621 4026 699 4066 vero
723 4004 771 4064 vir
792 4004 961 4068 laudabilis
985 4007 1042 4068 ille
1057 4011 1181 4072 Defen-

76 4109 128 4148 sor
154 4095 187 4148 et
207 4088 353 4150 Ceriales
380 4089 552 4152 dixerunts
581 4087 724 4167 Epistola
749 4087 805 4167 qui
831 4090 963 4150 recitata
995 4100 1061 4166 est,
1085 4095 1180 4176 gestis

75 4170 217 4252 publicis
239 4172 399 4233 inseratur
426 4179 459 4231 et
488 4170 576 4254 quod
606 4169 662 4230 ille
687 4172 880 4232 Prosecutor
909 4172 1001 4234 vellit
1026 4183 1057 4234 et
1087 4175 1179 4258 petit,

76 4263 164 4337 gesta
194 4254 225 4319 ei
246 4253 375 4340 publice
398 4254 501 4320 datur.
544 4252 607 4315 llle
632 4253 824 4315 Prosecutor
846 4254 946 4334 dixit:
975 4257 1103 4320 Sufficit
1117 4261 1179 4320 mi-
