2746 4992
522 311 620 366 116111
638 310 768 366 neruus
1131 297 1204 368 289

97 454 186 516 sistat
209 447 393 532 vigoribus,
424 455 456 509 et
490 468 548 508 nos
577 456 610 507 et
632 447 745 510 fratres
775 447 874 507 nostri
904 447 1035 509 Domini
1057 450 1204 533 Episco-

120 558 131 594 1
166 529 454 614 subscriptionibus
488 528 633 590 manibus
668 529 786 590 uostris
817 529 1025 594 decrevimus
1049 531 1206 602 roborari.

93 558 214 682 ictum
236 614 293 694 ibi,
314 603 373 676 sub
395 613 448 674 die
471 611 541 689 illo,
571 632 656 672 anno
677 610 746 676 illo.

324 741 488 803 Concessio
514 735 672 820 Reginae!
697 741 755 801 boc
777 741 986 826 privilegiam.

181 856 225 923 11.
266 854 328 918 1116
352 857 421 917 Rex
437 854 514 916 viris
538 852 720 936 apostolicis
740 856 884 937 patribus
909 859 1046 938 nostris,
1075 885 1205 928 necnon

95 953 131 1006 et
158 939 350 1001 inlustribus
370 937 445 998 viris
467 935 517 997 illi
536 935 665 1016 Commi,
687 937 740 1000 vel
757 940 905 1001 omnibus
928 943 1095 1022 agentibus
1116 970 1205 1029 prae.

95 1024 243 1088 sentibus
272 1030 305 1083 et
327 1019 455 1084 futuris.
482 1020 633 1102 'Oportet
653 1017 741 1081 enim
765 1016 956 1084 elementiae
974 1025 1146 1110 principali
1169 1043 1206 1092 ut

95 1109 183 1169 inter
206 1114 405 1167 caeterorum
423 1100 634 1198 petitionibus
653 1101 879 1177 Sacerdotibus
897 1105 1012 1169 debeat
1026 1107 1204 1194 benignum

96 1187 331 1251 accommodari
358 1185 520 1262 auditum,
543 1193 577 1244 et
601 1187 688 1266 quod
705 1205 764 1266 pro
794 1186 908 1248 timore
932 1188 1037 1254 divini
1065 1195 1203 1258 nominis

97 1272 288 1356 postulatur,
305 1277 443 1351 ponatur
462 1267 676 1350 proculdubio
690 1268 729 1328 ad
744 1267 891 1330 effectum
901 1295 910 1341 5
933 1278 970 1331 ut
983 1273 1038 1335 1111
1059 1274 1094 1334 in
1116 1300 1202 1341 mer.

99 1355 212 1417 cedem
234 1351 432 1429 coniunctio,
455 1351 532 1412 dum
551 1372 610 1431 pro
629 1351 772 1433 quietem
793 1373 961 1414 servorum
975 1355 1036 1417 Dei
1058 1379 1203 1444 congrua

99 1435 282 1520 impertitur
300 1433 435 1516 petitine
463 1431 539 1516 quia
555 1433 634 1494 fides
655 1434 799 1517 perfecta
821 1455 886 1495 non
909 1436 1033 1502 dubitat
1050 1441 1090 1502 ad
1118 1445 1206 1506 altis.

97 1520 171 1582 simi
192 1517 325 1602 gratiam
346 1514 509 1598 pertinere
538 1515 626 1596 quod
647 1517 825 1578 secundum
846 1538 935 1578 sacro
964 1520 1203 1610 6101110611-

95 1603 194 1684 cipne
222 1623 241 1660 a
269 1598 450 1662 domesticis
477 1597 554 1658 fidei
580 1597 697 1660 devota
725 1608 832 1660 mente
865 1600 1089 1684 impenditur,
1125 1609 1201 1692 quia

93 1686 339 1766 scriptumest:
365 1682 456 1741 Beati
472 1700 626 1764 pauperes
648 1681 786 1764 spiritu,
814 1685 961 1764 quoniam
984 1685 1126 1771 ipsoram
1153 1705 1200 1752 est

93 1787 227 1847 regnam
248 1765 414 1826 coelorum.
455 1762 540 1844 Ergo
565 1763 641 1822 dum
668 1772 700 1823 et
727 1763 784 1822 ille
802 1765 991 1848 Episcopus
1014 1781 1068 1831 aut
1083 1772 1213 1851 Abbas,¹

94 1860 152 1910 aut
184 1848 324 1912 inluster
348 1845 399 1908 vir
433 1846 662 1906 monasterium
686 1844 718 1904 in
752 1845 876 1910 honore
908 1851 1009 1911 sancti
1039 1853 1130 1918 illius
1166 1857 1201 1918 in

93 1954 178 2016 pago
196 1931 273 2008 e'llo,
295 1938 351 1989 aut
368 1949 465 2010 super
485 1949 541 1989 sua
567 1927 774 2010 proprietate,
803 1939 857 1989 ant
878 1926 975 2016 super
999 1933 1093 2013 fisco,
1129 1961 1201 2001 nos-

94 2015 183 2076 citur
207 2012 401 2088 aedificasse,
423 2009 479 2070 ubi
507 2011 547 2072 ad
568 2033 717 2092 praesens
735 2010 792 2072 ille
817 2009 919 2076 Abbas
946 2016 999 2077 161
1019 2020 1113 2082 turba
1129 2021 1200 2104 plu.

94 2099 179 2158 rima
200 2095 433 2157 Monaohorum
456 2091 594 2170 adunata
610 2115 676 2156 6116
697 2103 885 2174 noscuntur,
902 2097 1208 2181 1111611111011611111.Ι

93 2179 162 2240 lius
197 2176 370 2240 clementia
402 2184 511 2236 nostra
537 2196 596 2258 pro
624 2176 733 2259 quiete
763 2177 905 2258 ipsorum
941 2203 1108 2246 servorum
1137 2187 1201 2248 Dei

92 2260 356 2346 praeceptionem
385 2256 506 2340 vigoris
535 2258 635 2320 nostri
666 2258 790 2340 placuit
819 2262 1010 2344 propalare,
1047 2269 1106 2329 sub
1133 2291 1211 2354 qno¹

91 2341 341 2424 tranquillitatis
359 2341 484 2416 ordine,
505 2339 644 2408 Domino
662 2350 863 2424 protegente,
881 2345 940 2430 ipsi
959 2347 1109 2412 Monachi
1131 2351 1200 2412 iux-

92 2438 129 2488 ta
148 2425 327 2508 Religionis
354 2445 499 2484 normam
520 2423 679 2505 perpetim
705 2423 832 2484 valeant
856 2427 1015 2507 residere,
1046 2433 1216 2516 elegimus⁴

93 2518 135 2572 ut
159 2517 192 2568 et
214 2508 275 2567 hac
294 2506 376 2567 serie
400 2505 514 2571 debeat
538 2505 666 2587 plenius
691 2505 868 2570 declarari:
890 2509 966 2592 quia
988 2511 1070 2574 nihil
1093 2519 1133 2576 de
1152 2517 1211 2577 ως

94 2591 216 2652 nonica
233 2589 434 2650 institutione
458 2588 661 2666 convellitur,
683 2588 839 2669 quicquid
863 2589 902 2651 111
921 2591 1103 2660 domesticis
1124 2598 1213 2660 fidei,

92 2695 157 2757 pro
184 2671 425 2754 tranquillitatis
451 2691 529 2752 pace
552 2670 750 2732 conceditur.
777 2673 858 2733 ,Nec
883 2674 974 2736 nobis
1004 2677 1121 2760 aliquis
1141 2667 1213 2756 dle-v,x

92 2755 255 2818 trahendo
283 2753 429 2816 aestimet
454 2756 488 2812 in
512 2752 544 2812 id
572 2773 655 2813 nova
678 2753 854 2815 decernere
877 2757 1034 2836 carmina,
1065 2761 1142 2822 dum
1163 2761 1201 2823 ab

92 2837 276 2919 antiquitus
292 2837 382 2896 iuxta
397 2834 655 2896 constitutionem
670 2837 861 2897 Pontificum
872 2860 932 2920 per
952 2841 1093 2922 regalem
1110 2867 1203 2908 1166.

94 2921 222 2981 tionem
243 2917 435 2980 monasteria
456 2925 637 2978 sanctorum
655 2917 788 2977 illorum
812 2919 864 2980 vel
894 2931 1019 2982 caetera
1044 2924 1078 2984 in
1101 2946 1203 3011 regan

94 3010 211 3064 nostro
237 3001 297 3063 sub
321 2999 475 3062 libertatis
499 2999 703 3084 privilegium
728 3001 880 3064 videntur
903 3005 1090 3087 consistere,
1112 3009 1206 3071 itaet

93 3107 250 3170 praesens
273 3085 395 3162 valeat,
417 3085 487 3144 Deo
512 3082 670 3158 adiutore,
700 3090 857 3144 constare.
896 3085 994 3170 Ergo,
1020 3089 1046 3150 si
1070 3091 1150 3174 quid
1170 3093 1207 3162 in

95 3169 253 3242 villabus,
275 3166 462 3249 mancipiis,
485 3165 536 3228 vel
551 3164 685 3250 reliquis
709 3165 957 3250 quibuscunque
981 3170 1087 3252 rebus,
1110 3184 1206 3258 atque

96 3249 299 3331 corporibus,
314 3259 369 3308 aut
385 3249 475 3330 regio
495 3269 627 3308 munere
648 3256 703 3308 aut
722 3247 920 3330 privatorum
936 3262 991 3312 aut
1007 3260 1207 3342 suprascrip-

96 3333 125 3395 ti
140 3333 238 3408 illius,
258 3332 344 3394 11111
365 3331 562 3413 quibuslibet
582 3339 629 3391 est
648 3330 848 3412 delegatum,
870 3343 924 3395 11111
944 3335 1096 3420 deinceps
1109 3341 1211 3402 fuerit

96 3415 256 3492 additum,
271 3413 360 3474 iuxta
382 3414 470 3495 quod
489 3414 527 3472 nb
546 3409 852 3476 illo'Pontilice'vel
868 3417 1001 3478 caeteris
1014 3422 1148 3485 Domnis
1169 3425 1211 3486 E.

96 3497 239 3581 piscopis
267 3496 306 3556 ad
331 3497 474 3578 praefato
498 3491 711 3573 monasterio,
733 3498 825 3556 iuxta
848 3499 938 3578 quod
965 3521 1076 3562 eorum
1102 3509 1209 3566 conti-

96 3590 158 3641 net
180 3578 408 3661 pririlegium,
442 3599 539 3660 quem
565 3577 656 3638 nobis
679 3576 839 3660 praetatus
862 3579 919 3641 ille
948 3585 1083 3664 protulit
1100 3608 1211 3649 recen.

96 3663 259 3738 sendum,
286 3662 445 3722 sancitum
471 3683 539 3722 esse
569 3661 795 3742 cognovimus,
826 3663 937 3726 nullus
963 3665 1209 3749 Episcoporum,

96 3755 136 3806 ut
162 3743 319 3819 diximus,
350 3766 410 3805 nec
429 3757 596 3828 praesens,
619 3764 679 3803 nec
702 3744 758 3824 qui
778 3745 901 3806 fuerint
921 3769 1131 3830 successores,
1153 3775 1211 3814 seu

96 3825 340 3904 Archidiaconi,
361 3827 413 3887 161
438 3847 547 3887 eorum
567 3825 777 3903 ordinatores,
799 3827 851 3888 vel
876 3830 1040 3910 quaelibet
1063 3854 1211 3915 persona,

96 3909 200 3992 possit
221 3930 352 3990 quoque
380 3908 492 3969 ordine
514 3909 554 3968 de
575 3907 647 3967 loco
667 3907 736 4002 ipso
756 3910 895 3988 auferre,
919 3922 974 3972 aut
995 3913 1212 4001 1111111111ρο-

98 4000 250 4052 testatem
273 3989 333 4053 sibi
353 3991 387 4050 in
413 3991 481 4072 ipso
503 3999 696 4050 monastemo
718 3993 952 4075 praeterquod
978 4007 1134 4079 scriptum
1165 4011 1212 4062 cst
1316 4026 1317 4029 ¹

99 4073 263 4156 adaptare,
286 4074 340 4134 vel
361 4073 486 4154 aliquid
510 4071 602 4154 quasi
630 4093 690 4154 per
725 4076 982 4137 commutationis
1007 4079 1139 4141 titulum
1157 4085 1215 4142 rni-
1256 4152 1257 4155 Ἴ

100 4176 212 4232 nuare,
235 4156 828 4236 11111161111111611101111111111111161
851 4158 890 4219 de
916 4159 1084 4226 offertione
1107 4163 1138 4224 in
1165 4167 1214 4225 11Ι.

100 4238 184 4298 111116
206 4237 306 4300 inlata
328 4237 510 4318 abstollere,
534 4259 594 4298 nec
613 4238 653 4300 ad
682 4238 750 4322 ipso
778 4242 969 4303 monasterio
991 4246 1044 4308 vel
1081 4246 1218 4312 cellulas

869 4352 915 4426 19
