2786 4980
149 312 199 387 ull
378 324 513 384 cluna.
618 318 864 378 marronam
967 325 1030 382 sss.

150 495 280 556 cunque
289 472 460 534 inventum
469 460 661 544 fueritquod
672 461 750 522 fecit
758 462 846 543 quod
859 464 965 526 facere
980 488 1044 528 non
1066 467 1188 544 debuit,
1197 489 1258 550 pa-

149 567 237 620 ratus
251 566 298 618 est
308 565 344 615 ut
357 548 496 614 cumDei
516 543 676 606 adiutorio
689 554 720 606 et
735 545 881 606 fidelium
894 569 1025 609 suorum
1041 551 1177 613 consilio
1194 551 1259 613 hoc

150 639 359 724 quamcitius
383 657 456 696 cum
477 629 601 691 ratione
625 635 657 688 et
682 627 891 710 possibilitate
912 633 1083 694 emendare
1102 635 1256 717 potuerit,

151 723 300 786 emendet
329 731 361 782 et
388 719 499 776 inante
521 710 682 792 corrigat,
706 720 737 770 et
759 720 903 772 correcta
919 715 1092 788 custodiat;
1116 727 1149 777 et
1167 717 1258 795 quod

56 840 60 847 ·
150 809 257 868 facere
274 803 394 878 debuit,
403 797 490 882 quod
499 795 538 854 ad
549 794 684 854 salutem
695 794 936 857 ethonestatem
949 798 1038 860 illius
1048 799 1216 880 pertinuit,
1225 809 1257 860 et

151 889 277 971 aliquid
298 887 403 946 minus
422 875 578 941 fecithoc
595 898 669 937 cum
687 876 749 937 Dei
773 876 932 941 adiutorio
962 890 994 942 et
1013 881 1160 943 fidelium
1179 905 1257 944 suo-

151 995 224 1033 rum
242 969 378 1031 consilio
393 975 425 1026 et
439 959 560 1022 auxilio
574 961 681 1022 facer·
697 981 793 1042 quam
807 959 903 1026 citius
920 985 995 1025 cum
1009 965 1134 1026 ratione
1146 973 1258 1049 etpos-

152 1055 303 1116 sibilitale
317 1047 476 1134 potuerit,
499 1044 603 1104 faciat.

234 1135 293 1197 lX.
335 1136 376 1194 Et
391 1129 539 1194 similiter
562 1127 630 1188 vult
647 1135 752 1186 utuos
777 1147 967 1206 quaeramus
995 1140 1027 1191 ct
1051 1129 1256 1194 inveniamus

153 1229 185 1283 et
201 1218 417 1280 describamus
431 1212 511 1293 quid
529 1220 561 1270 et
577 1211 718 1290 qualiter
733 1209 825 1270 nobis
855 1211 1004 1274 fidelihus
1023 1214 1088 1274 suis
1110 1215 1146 1272 in
1170 1235 1257 1274 uno-

152 1324 283 1385 quoque
303 1300 415 1360 ordine
434 1304 546 1356 contra
566 1293 660 1352 illum
687 1292 859 1352 conveniat
883 1295 1007 1370 facere,
1029 1297 1165 1379 etquid
1187 1317 1255 1358 non

153 1384 327 1446 conveniat
342 1384 465 1447 facere3
488 1385 523 1437 ut
544 1376 599 1435 illa
619 1397 702 1457 quae
724 1377 924 1437 conveniunt
947 1380 1115 1458 faciamus,
1139 1390 1171 1440 et
1197 1379 1256 1439 illa

152 1490 235 1549 quae
257 1488 321 1526 non
341 1460 543 1526 conveniunt
559 1481 737 1533 caveamus,
759 1467 792 1517 et
807 1459 994 1542 ubicunque
1016 1462 1048 1520 in
1082 1471 1170 1524 retro
1192 1462 1255 1520 ali-

152 1548 357 1632 quadnobis
372 1547 436 1607 suis
463 1542 612 1602 fidelibus
645 1541 678 1600 in
710 1562 907 1622 quocunque
940 1544 1053 1606 ordine
1076 1546 1256 1606 factasunt

153 1653 235 1716 quac
264 1653 329 1691 non
349 1629 566 1702 condeceant,
589 1646 662 1684 cum
688 1623 749 1684 Dci
773 1633 804 1684 et
834 1625 922 1686 illius
944 1627 1066 1688 auxilio
1094 1638 1126 1689 et
1144 1639 1254 1690 nostro

152 1714 315 1776 communi
335 1710 471 1773 consilio
496 1730 592 1789 quam
616 1707 712 1766 citius
738 1727 812 1767 cum
833 1709 958 1770 ratione
991 1718 1022 1770 et
1043 1711 1255 1792 possibilitate

153 1798 324 1858 emendare
351 1793 570 1877 potuerimus,
605 1791 829 1870 emendemus,
853 1801 886 1852 et
907 1791 1017 1854 inante
1039 1795 1254 1877 corrigamus,

154 1891 186 1942 et
203 1887 347 1943 correcta
373 1875 598 1937 custodiamus.

233 1961 276 2027 X.
318 1964 360 2022 Et
376 1957 481 2021 sciatis
501 1957 577 2038 quia
598 1956 644 2018 sic
669 1966 716 2018 est
742 1959 899 2020 adunatus
917 1981 991 2020 cum
1018 1958 1255 2021 omnibussuis

152 2046 303 2109 fidelibus
323 2045 357 2103 in
375 2042 462 2104 omui
485 2040 598 2100 audine
619 2051 651 2101 et
667 2049 770 2117 statu,
796 2051 827 2102 et
848 2064 904 2103 nos
926 2063 1037 2103 omnes
1067 2042 1117 2102 sui
1141 2041 1254 2102 fideles

154 2132 193 2192 de
212 2128 299 2190 omni
323 2127 436 2186 ordine
454 2134 486 2184 et
504 2133 603 2200 stulu,
634 2133 670 2183 ut
690 2124 717 2183 si
740 2124 797 2184 ille
820 2123 908 2184 iuxta
928 2125 1102 2186 humanam
1127 2124 1255 2206 fragili-

152 2222 250 2274 tatem
270 2210 395 2292 aliquid
410 2216 520 2269 contra
536 2207 599 2266 talc
626 2215 754 2288 pactum
773 2208 906 2284 fecerit,
938 2208 1032 2268 illum
1059 2208 1192 2269 honeste
1222 2215 1255 2267 et

155 2318 229 2357 cum
250 2291 451 2367 reverentia,
475 2289 559 2350 sicut
572 2289 740 2349 Seniorem
760 2289 870 2368 decet,
898 2311 1117 2351 ammonemus
1137 2301 1173 2350 ut
1194 2289 1253 2349 ille

151 2378 215 2440 hoc
237 2377 376 2457 corrigat
395 2383 425 2434 ct
451 2371 618 2448 emendet,
644 2381 675 2432 et
691 2372 870 2453 unicuique
889 2373 921 2432 in
941 2396 998 2436 suo
1013 2375 1129 2435 ordine
1161 2371 1256 2433 debi-

151 2471 218 2522 tam
237 2463 342 2542 legem
359 2463 536 2518 conservet.
578 2455 660 2515 Etsi
680 2455 798 2536 aliquis
816 2457 855 2516 de
879 2457 970 2518 nobis
998 2457 1030 2516 in
1056 2475 1253 2539 quocunque

154 2546 267 2606 ordine
282 2553 394 2602 contra
411 2539 505 2600 istum
523 2547 652 2620 pactum
683 2537 716 2596 in
740 2547 852 2598 contra
879 2539 972 2600 illum
995 2541 1130 2616 fecerit,
1151 2538 1178 2599 si
1205 2548 1256 2598 ta-

152 2628 194 2688 lis
214 2636 261 2687 est
282 2635 318 2686 ut
342 2625 398 2684 ille
420 2622 495 2680 inde
509 2641 583 2680 eum
599 2642 780 2681 ammonere
794 2621 899 2682 valeat
914 2634 950 2683 ut
968 2625 1128 2699 emendet,
1147 2620 1255 2692 faciat;

153 2721 185 2771 et
207 2710 319 2772 situlis
340 2717 388 2768 est
404 2725 497 2766 causa
511 2713 547 2763 ut
562 2705 637 2763 inde
653 2703 746 2763 illum
760 2705 962 2766 familiariter
977 2727 1042 2765 non
1063 2705 1180 2766 debeat
1192 2724 1257 2762 am·

151 2813 303 2868 monere,
328 2800 359 2851 et
386 2797 459 2848 ante
478 2808 551 2846 suos
569 2808 661 2869 pares
676 2787 819 2846 illumin
840 2799 961 2848 rectam
990 2788 1149 2848 rationem
1179 2787 1256 2845 mit-

152 2885 217 2948 tat,
242 2885 273 2935 et
292 2875 347 2934 ille
369 2872 425 2953 qui
449 2869 593 2930 debitum
610 2879 738 2951 pactum
757 2879 790 2929 et
805 2880 926 2930 rectam
944 2872 1050 2953 legem
1068 2879 1102 2931 et
1116 2868 1258 2930 debitam

153 2958 282 3020 Seniori
297 2952 513 3016 reverentiam
536 2974 601 3012 non
624 2952 695 3014 vult
710 2952 862 3018 euhibere
881 2965 914 3015 et
928 2955 1114 3028 observare,
1137 2953 1258 3012 iustum

153 3040 295 3100 iustitiae
316 3036 473 3097 iudicium
491 3035 653 3098 sustineat.
695 3037 737 3094 Et
751 3035 777 3095 si
798 3037 955 3097 sustinere
978 3058 1042 3096 non
1057 3035 1210 3111 voluerit,
1224 3041 1259 3093 et

154 3133 326 3184 contumax
347 3129 378 3178 et
395 3116 527 3176 rebellis
545 3118 704 3193 extiterit,
723 3115 758 3207 et
786 3120 932 3180 converti
960 3141 1024 3179 uon
1050 3118 1211 3200 potuerit,
1239 3115 1259 3175 ie

154 3216 262 3266 nostra
286 3202 430 3261 omnium
446 3197 596 3260 societate
611 3209 762 3281 ctregno
782 3203 820 3260 ab
846 3203 992 3264 omnibus
1016 3201 1207 3284 expellatur.
1216 3199 1260 3258 El:

154 3289 180 3349 si
198 3286 315 3347 Senior
337 3292 447 3344 noster
470 3282 574 3362 legem
591 3283 935 3364 unicuiqucdcbitum,
960 3295 991 3346 et
1014 3287 1078 3346 else
1100 3293 1132 3342 et
1156 3284 1173 3342 al
1191 3280 1259 3342 suis

154 3367 409 3430 antecessoribus
427 3363 529 3441 (nobis
549 3375 581 3424 et
595 3367 711 3426 nostris
738 3369 1005 3446 antecessoribus)
1029 3366 1259 3450 perdonatam,

152 3461 347 3537 porrectam
367 3449 527 3509 rationem
545 3448 596 3507 vel
612 3448 864 3509 misericordiam
884 3460 1119 3534 competentem
1132 3446 1263 3508 unicui·

154 3558 218 3618 que
241 3536 273 3593 in
296 3556 354 3593 suo
376 3531 490 3590 ordine
508 3552 698 3597 conservare
718 3553 782 3590 non
803 3535 962 3612 voluerit,
1003 3545 1036 3595 et
1065 3532 1259 3592 ammonitus

154 3621 172 3679 d
192 3619 257 3680 suis
278 3616 427 3675 fidelibus
444 3635 531 3672 suam
555 3613 768 3675 intentionem
785 3635 846 3673 non
866 3618 1025 3693 voluerit,
1053 3617 1160 3676 sciatis
1180 3613 1260 3694 quia

154 3703 200 3763 sic
217 3709 265 3762 est
288 3699 336 3758 illi
357 3696 525 3757 nobiscum
543 3706 575 3755 et
599 3719 744 3758 nuscum
762 3697 818 3757 illo
837 3699 987 3776 adunati,
1021 3709 1053 3758 et
1078 3701 1124 3759 sic
1150 3717 1260 3758 sumus

155 3805 266 3845 omnes
281 3803 338 3864 per
355 3781 443 3838 illius
461 3779 662 3840 voluntatem
681 3791 714 3840 et
738 3801 930 3840 consensum
956 3781 1133 3842 conlirmati
1163 3779 1262 3862 Epis-

155 3868 228 3948 copi
251 3876 346 3945 atque
367 3862 504 3922 Abbules
521 3884 593 3921 cum
610 3862 697 3924 laicis
715 3873 746 3923 et
769 3863 844 3922 laici
870 3887 943 3923 cum
968 3865 1045 3928 viris
1069 3860 1263 3924 ecclesiasti-

155 3951 220 4025 cis,
243 3959 278 4008 ut
297 3947 405 4006 nullus
419 3967 513 4005 suum
533 3967 641 4026 parem
658 3946 795 4007 dimittat
810 3956 845 4006 ut
865 3958 975 4007 contra
1003 3970 1092 4007 suam
1111 3949 1216 4028 legem
1227 3951 1264 4004 et

153 4042 275 4095 rectam
297 4031 455 4089 rationem
475 4037 507 4088 et
522 4027 640 4087 iustum
659 4029 832 4104 indicium,
856 4030 978 4092 etiamsi
997 4030 1148 4108 volucrit,
1173 4026 1264 4110 quod

155 4115 248 4192 absit,
266 4117 336 4188 Rex
349 4120 459 4171 noster
477 4109 575 4169 alicui
594 4115 700 4172 lacere
724 4133 788 4171 non
805 4113 915 4193 possit.

240 4198 300 4262 XI.
342 4197 385 4254 Et
405 4192 511 4254 sciatis
534 4195 610 4273 quia
626 4197 665 4255 ad
694 4197 756 4255 hoc
783 4195 1006 4275 quaerendum
1035 4204 1067 4255 et
1091 4193 1264 4255 invenien-

156 4283 251 4360 dum,
271 4289 304 4341 et
334 4276 539 4340 statuendum
569 4287 665 4363 atquc
688 4276 960 4359 confirmandum,
995 4300 1068 4340 cum
1091 4286 1204 4340 nostro
1230 4283 1265 4336 et
