2658 4978
223 337 256 391 s.
282 329 359 392 cua.
465 333 594 390 aucun
624 332 851 390 ruaucouuss
970 337 1030 405 aas.
1107 313 1230 392 141·

92 474 267 552 tisclaudat,
281 495 321 534 ue
336 469 574 554 castigationem
591 471 652 534 Dei
667 473 786 548 rideat,
808 480 840 534 et
852 473 1055 558 semetipsam
1072 501 1178 542 emen·

97 564 159 631 det3
184 558 265 620 sicut
281 557 320 616 ad
342 579 398 617 nos
416 565 605 636 perventum
628 564 676 614 est
699 550 938 638 quodquidam
960 559 1051 622 leves
1070 561 1178 622 homi·

95 665 141 703 nes
158 641 194 701 de
213 639 280 700 istis
298 638 506 698 Comitatibus
526 637 581 720 qui
596 635 748 697 devastati
770 647 846 698 sunt
866 662 883 698 a
900 641 1118 720 Nortmaunis,
1144 645 1178 704 in

93 725 195 807 quibus
210 743 260 782 res
283 730 313 781 et
333 719 492 801 mancipia
512 729 544 780 et
561 719 670 779 domos
685 719 869 782 habuerunt
879 765 892 792 ,
914 723 991 803 quie
1019 746 1107 786 nuuc
1131 727 1180 786 ibi

92 803 235 886 mancipia
254 812 286 862 et
316 803 425 864 domos
449 818 514 860 non
537 800 675 878 babent,
709 801 800 883 quasi
826 800 965 864 licenter
988 807 1108 866 malum
1128 810 1180 868 sa-

92 890 186 957 ciunt;
215 884 309 965 quia,
339 884 421 944 sicut
445 883 574 958 dicunt,
605 903 669 942 nou
693 883 814 944 habent
845 887 932 946 unde
957 888 997 948 ad
1025 889 1181 951 iustitiam

91 969 258 1032 faciendam
277 967 492 1026 adducantur:
525 975 557 1025 et
578 965 653 1046 quia
675 988 738 1024 non
763 965 883 1026 habent
909 968 1019 1030 domos
1041 972 1179 1053 adquae

91 1053 253 1114 secuudum
279 1049 384 1130 legem
407 1047 545 1107 manniri
571 1057 604 1107 et
627 1047 755 1108 banniri
783 1049 922 1129 possint,
950 1050 1064 1112 dicunt
1091 1055 1180 1134 quod

91 1136 123 1196 de
135 1132 330 1193 mannitione
348 1132 399 1192 rel
417 1131 603 1190 bannitione
621 1128 747 1211 legibus
767 1132 966 1212 comprobari
980 1144 1011 1193 et
1033 1136 1181 1217 legaliter

90 1217 218 1276 iudicare
246 1235 313 1274 non
334 1223 477 1292 possunt.
518 1214 637 1272 Contra
657 1233 794 1291 quorum
811 1213 908 1274 malas
928 1212 1079 1293 insidias,
1102 1239 1179 1278 eou-

89 1317 175 1359 sensu
191 1307 223 1357 et
244 1295 382 1356 consilio
402 1293 547 1354 fidelium
573 1301 774 1371 nostrorum,
805 1296 972 1357 statuimus
1001 1308 1037 1358 ut
1064 1301 1179 1361 Comes

89 1382 206 1441 Missum
226 1399 322 1439 suum
350 1377 388 1436 ad
414 1376 503 1435 illam
524 1385 640 1435 terram
673 1375 704 1434 in
737 1399 801 1456 qua
824 1377 934 1437 domos
960 1381 1033 1466 quis
1054 1380 1179 1458 habuit,

88 1461 188 1538 mittat,
211 1470 245 1521 et
266 1473 340 1521 eum
356 1459 492 1518 bannire
516 1467 548 1518 et
567 1458 713 1518 mannire
730 1457 848 1525 iubeat,
889 1461 930 1519 Et
948 1463 1101 1541 quoniam
1124 1464 1179 1524 lex

89 1565 233 1606 consensu
254 1541 370 1624 populi
384 1541 419 1599 fit
441 1550 473 1600 et
492 1539 720 1602 constitutione
739 1540 847 1622 Regis,
860 1542 978 1603 Franci
999 1543 1105 1604 iurare
1125 1545 1180 1606 de-

87 1627 173 1686 beant
194 1625 271 1708 quia
294 1623 472 1684 secundum
493 1621 618 1702 regium
640 1621 821 1682 mandatum
849 1633 1009 1703 nostrum,
1031 1626 1071 1686 ad
1091 1626 1180 1687 iusti·

88 1710 153 1768 tiam
171 1706 368 1769 reddendam
386 1705 439 1765 rel
458 1703 657 1780 faciendam,
686 1703 811 1786 legibus
834 1703 986 1768 bannitus
1006 1709 1059 1770 rel
1085 1729 1181 1768 mau-

88 1790 162 1850 uitus
183 1790 260 1860 fain
291 1787 384 1847 etsie
403 1787 488 1868 ipsae
508 1805 559 1846 res
579 1785 628 1844 itti
649 1786 770 1846 iudicio
795 1787 1018 1848 scabiniorum
1041 1791 1074 1849 iu
1097 1789 1178 1849 bau-

87 1891 154 1931 num
176 1872 357 1946 mittantur,
378 1878 411 1929 et
436 1868 462 1928 si
484 1887 613 1928 necesse
633 1868 741 1944 fuerit,
764 1867 882 1950 ipsein
901 1870 1094 1931 forbannum
1109 1874 1181 1933 mit·

87 1964 170 2012 tatur.
182 1952 238 2034 qui
259 1951 302 2011 ad
320 1948 473 2012 iustitiam
494 1949 694 2010 reddendam
711 1951 822 2010 venire
838 1951 989 2018 uoluerit.
1030 1955 1073 2014 Et
1092 1975 1180 2014 man·

88 2036 134 2094 det
145 2036 268 2113 Comes,
291 2033 348 2114 qui
363 2033 426 2092 boc
442 2041 594 2093 executus
607 2030 680 2107 fuit,
703 2032 795 2091 alteri
809 2032 937 2112 Comiti,
961 2035 994 2094 iu
1010 2036 1100 2098 cuius
1119 2039 1179 2097 Co·

88 2117 188 2176 mitatu
203 2140 255 2178 res
268 2125 302 2176 et
313 2114 470 2196 mancipia
483 2113 589 2188 babet,
611 2113 780 2193 quidinde
803 2115 924 2176 factum
943 2115 1069 2194 habeat,
1093 2130 1179 2180 etex

88 2208 184 2258 nostro
204 2199 303 2259 verbo
323 2197 372 2257 illi
399 2184 530 2255 maridet
554 2203 590 2254 ut
611 2213 669 2276 per
691 2194 748 2254 itta
771 2197 908 2277 quaein
938 2219 996 2260 suo
1025 2202 1180 2261 comitatu

88 2279 183 2357 habet,
205 2281 308 2340 illum·
334 2279 526 2358 distringat,
555 2287 713 2358 quatenus
737 2278 777 2338 ad
803 2278 955 2340 iustitiam
979 2283 1178 2346 reddendam

88 2362 133 2423 rel
156 2362 335 2424 faciendam
353 2361 386 2420 in
404 2381 499 2422 suum
522 2359 715 2420 Comitatum
731 2359 850 2420 redeat.

159 2446 227 2506 VII.
272 2443 462 2504 Audivimus
481 2441 575 2502 etiam
583 2443 659 2520 quia
672 2440 856 2502 huiusmodi
876 2443 965 2508 leves
984 2445 1130 2509 homiues
1143 2449 1178 2508 in

88 2525 148 2586 aliis
172 2526 382 2587 Comitatibus
400 2523 668 2606 depraedationes.
685 2534 717 2583 et
739 2523 910 2587 iniustitias
933 2527 1063 2606 faciant,
1087 2531 1180 2591 etad

86 2606 169 2668 illum
192 2608 388 2668 Comitatum
409 2607 442 2665 in
467 2627 532 2686 quo
553 2614 771 2680 commanent,
793 2615 825 2665 et
849 2607 969 2688 inquo
994 2610 1179 2671 illasmaii-

13 2683 14 2688 ἵ
86 2689 136 2750 tias
159 2712 221 2751 non
245 2692 383 2765 faciunt,
408 2690 500 2748 factis
518 2687 649 2746 malitiis
669 2687 701 2744 iu
724 2686 795 2747 aliis
821 2690 1032 2752 Comitatibus
1052 2694 1179 2754 reveni-

86 2781 145 2836 unt.
183 2773 278 2832 Unde
298 2772 483 2832 mandamus
509 2779 542 2830 et
564 2769 741 2830 Comitibus
771 2771 885 2831 nostris
910 2791 1058 2854 expresse
1084 2796 1178 2856 prae-

86 2853 208 2935 cipimus
228 2864 266 2912 ut
284 2853 334 2911 illi
357 2852 496 2913 Comites
521 2850 713 2931 inquorum
739 2851 940 2914 comitatibus
966 2854 1045 2916 tales
1072 2857 1179 2916 homi-

85 2955 134 2996 nes
150 2935 322 2996 iniustitias
343 2935 478 3008 fuciunt,
501 2932 566 2993 illis
584 2933 763 2994 Comitibus
786 2932 849 2995 hoc
871 2933 1024 2997 mandent
1045 2938 1078 2997 in
1101 2961 1180 3022 quo-

84 3036 147 3076 rum
164 3017 364 3078 comitatibus
387 3015 549 3096 refugium
576 3013 714 3092 habent,
746 3023 778 3075 et
805 3038 870 3076 una
890 3029 1016 3095 mente,
1046 3043 1179 3104 unoque

85 3119 245 3176 consensu,
268 3107 300 3158 et
323 3120 388 3158 uuo
409 3097 581 3158 certamine
610 3097 650 3157 ad
675 3098 755 3158 tales
786 3097 933 3160 homines
964 3104 1180 3184 eomprehen-

84 3180 196 3242 dendos
224 3203 258 3242 se
277 3181 420 3262 erigant,
443 3189 476 3240 et
493 3179 661 3240 decertent
680 3189 716 3239 ut
735 3181 899 3242 Ecclesiae
914 3183 976 3242 Dei
993 3193 1025 3244 et
1039 3185 1180 3248 ministri

84 3261 155 3340 eius,
168 3272 198 3323 et
210 3261 296 3324 servi
309 3261 370 3321 Dei
385 3282 421 3321 ac
440 3260 590 3343 populus,
603 3281 713 3341 pacem
736 3269 769 3320 et
782 3262 923 3341 quietem
935 3264 1051 3328 babere
1071 3269 1180 3350 possit.

157 3343 251 3406 thl.
293 3347 335 3404 Ut
364 3343 488 3403 denarii
520 3363 560 3402 ex
591 3341 739 3402 omnibus
766 3345 904 3404 monetis
927 3348 1007 3410 meri
1033 3371 1069 3410 ac
1093 3351 1179 3412 isene

83 3437 261 3505 pausantes,
282 3426 365 3486 sicut
386 3424 419 3483 in
452 3423 630 3506 Capitulari
656 3424 938 3505 praedecessorum
961 3451 997 3489 ac
1025 3433 1180 3512 progeni-

83 3515 180 3567 torum
200 3517 382 3568 nostrorum
397 3508 531 3588 Regum,
552 3505 636 3588 libro
653 3515 779 3586 quarto,
797 3507 928 3566 XXXII.
944 3511 1085 3591 capitulo
1105 3533 1180 3574 uon·

83 3587 206 3668 tinctor,
230 3589 263 3648 iu
289 3587 376 3648 omui
395 3609 497 3670 reguo
515 3597 625 3648 uestro
651 3608 716 3646 uon
736 3587 913 3648 reiciantur
929 3611 1030 3672 usque
1051 3594 1090 3652 ad
1106 3597 1181 3657 Mis·

84 3690 142 3728 sam
161 3671 261 3732 sancti
290 3670 431 3731 Martini.
472 3671 515 3730 Et
540 3671 573 3729 in
603 3669 751 3730 omuibus
779 3668 963 3732 civitatibus
989 3682 1022 3734 et
1042 3675 1123 3737 sicis
1142 3699 1179 3738 ac

83 3750 170 3829 villis,
192 3763 257 3816 tam
279 3752 396 3814 uostris
419 3749 674 3826 indominicatis,
706 3773 802 3831 quam
825 3760 858 3812 et
888 3752 920 3810 in
947 3753 998 3815 his
1027 3777 1110 3836 quae
1139 3759 1178 3820 de

85 3828 272 3895 immunitate
298 3843 385 3914 suut,
409 3833 463 3894 vel
491 3833 530 3894 de
557 3832 777 3910 Comitatihus,
801 3833 895 3912 atque
918 3835 1085 3898 hominum
1104 3863 1179 3902 nos·

85 3921 196 3976 uorum
225 3917 292 3978 sive
322 3916 546 3996 cuiuscunque
576 3915 666 3990 sint,
700 3937 758 3996 per
794 3936 887 3975 omne
927 3939 1064 4000 regnum
1102 3943 1178 3983 nos-

84 4001 169 4075 trum,
192 4022 210 4058 a
231 3997 398 4060 laticibus
412 3997 538 4074 uostris,
558 4006 589 4058 et
610 3995 648 4054 ab
669 3996 714 4056 eis
728 4018 866 4078 quorum
889 3998 986 4060 villae
1006 4011 1091 4078 sunt,
1114 4026 1179 4064 una

84 4097 150 4138 cum
174 4079 329 4142 ministris
350 4078 567 4162 reipublicae,
598 4078 776 4138 secundum
800 4077 1010 4162 quantitatem
1033 4085 1181 4147 locorum

84 4166 113 4218 et
130 4159 287 4240 villarum,
308 4161 390 4222 tanti
416 4183 452 4222 ac
477 4160 557 4220 tales
579 4158 619 4220 de
643 4158 722 4242 ipsis
743 4160 859 4222 incolis
878 4171 910 4221 et
936 4159 1017 4225 inibi
1043 4189 1180 4230 manen*

87 4238 162 4308 tibus
184 4243 422 4310 constituantur
441 4241 498 4326 qai
514 4240 591 4306 iude
614 4241 850 4326 providentiam
875 4242 1013 4401 bapeant
1035 4269 1077 4312 ue
1100 4249 1178 4314 boni
