2712 4992
176 277 248 349 392
625 293 814 346 rosunum

175 434 237 494 boc
260 443 306 493 est
328 439 466 504 tantam,
490 429 563 489 ideo
585 451 649 490 nna
670 451 742 490 cum
763 453 919 494 consensu
942 431 1073 494 fratrum
1090 446 1248 500 nostrornm

174 515 256 577 banc
279 514 442 594 epistolam
466 513 521 570 tibi
546 512 752 572 emittendam
776 515 1001 591 decrevimus,
1031 525 1066 575 ut
1091 517 1181 600 ipsum
1206 523 1248 582 lo-

173 621 246 658 enm
274 619 346 656 erun
382 595 469 652 omni
493 594 673 674 integritate
703 617 766 656 una
799 619 871 656 cum
904 599 962 659 Dei
995 599 1093 678 gratia
1114 612 1249 662 etuostra

172 683 338 740 voluntate
363 678 480 756 absque
501 677 698 756 praeiudicio
721 679 827 739 Sancti
852 679 939 740 illius
964 680 1077 740 diebus
1094 683 1170 744 vitae
1187 694 1248 744 tuae

173 763 328 822 usualiter
357 760 413 818 tibi
441 758 539 817 liceat
566 768 686 818 tenere.
737 762 778 819 Et
802 771 871 842 post
893 772 983 821 tuum
1005 765 1249 842 quoquedisces-

170 869 239 906 snm
263 844 327 925 ipse
350 842 439 901 locus
466 840 646 899 cumomni
674 840 854 922 integritate
882 843 933 905 vel
963 865 998 903 re
1023 849 1193 906 emeliorata
1207 848 1248 907 vel

171 926 369 1008 surpraposito
397 922 538 1002 partibus
561 923 675 984 nostris
700 925 753 984 vel
778 924 875 1004 ipsius
907 925 1059 987 basilicae
1085 939 1248 990 revertatur.

171 1011 274 1088 Quam
296 1007 463 1090 epistolam
480 1025 577 1064 manu
594 1005 721 1086 propria
742 1007 851 1066 subter
872 1007 1077 1074 firmavimus.

402 1122 541 1181 Donatio
563 1119 608 1180 ad
624 1120 797 1182 Ecclesiam
815 1135 889 1206 post
913 1124 1041 1185 obitum.

250 1227 389 1294 XXXV,
431 1230 570 1288 Lucrum
583 1227 757 1289 maximum
770 1229 929 1291 credimus
943 1231 1132 1311 animarum,
1147 1232 1170 1292 si
1188 1232 1248 1292 dnm

168 1313 390 1393 unnsquisque
414 1310 599 1392 corporibus
621 1311 759 1371 motibus
790 1321 907 1372 terram
938 1313 1120 1389 inhabitat,
1154 1337 1247 1394 proa-

166 1417 255 1456 more
286 1395 406 1472 cogitet
435 1393 546 1451 domus
572 1402 738 1464 aeternae,
767 1394 818 1453 vel
843 1415 950 1454 amore
974 1397 1192 1474 temporalium
1212 1417 1248 1454 re-

166 1501 239 1538 rum
263 1477 489 1558 sperandarum
518 1475 578 1535 sibi
603 1475 748 1535 cumulet
776 1476 954 1534 munimina
980 1479 1180 1555 divitiarum,
1207 1488 1249 1537 ent

165 1575 251 1620 certe
278 1559 304 1618 si
332 1558 365 1618 id
394 1558 481 1637 quod
510 1557 706 1616 reruauendo
733 1557 837 1638 perire
864 1569 989 1640 poterat
1010 1561 1045 1619 iu
1075 1562 1199 1634 seculo,
1222 1561 1247 1616 iu

164 1641 324 1702 alimoniis
357 1660 532 1721 pauperum
558 1641 609 1699 vel
638 1639 708 1698 loca
737 1640 948 1700 distribuatur
977 1642 1167 1703 Sanctorum
1191 1641 1248 1705 Dei,

164 1723 378 1800 Quamobrem
400 1742 459 1800 ego
481 1722 512 1779 in
536 1720 597 1780 Dei
620 1721 748 1781 nornine
772 1722 828 1782 ille
847 1725 1040 1802 pertractavi
1064 1734 1127 1783 tam
1146 1725 1182 1784 de
1201 1724 1249 1780 Dei

162 1816 265 1888 parte,
292 1827 388 1886 quam
411 1814 443 1863 et
466 1804 646 1862 reverentia
670 1804 779 1863 Saricti
811 1804 900 1865 illins
930 1805 1085 1882 civitatis,
1116 1805 1169 1864 abi
1194 1803 1248 1884 ipse

162 1889 322 1971 pretiosus
352 1890 496 1946 Dornnns
520 1886 552 1943 in
576 1905 707 1964 corpore
730 1887 914 1967 requiescit,
939 1909 996 1948 seu
1020 1889 1146 1948 animae
1166 1907 1248 1945 reme·

162 1972 253 2031 dium
281 1969 320 2028 ad
342 1977 537 2029 sacrosancta
560 1967 690 2026 basilica
709 1968 818 2027 Sancti
841 1970 959 2029 Domui
986 1971 1101 2046 illius,
1134 1969 1246 2048 eiusque

161 2052 426 2132 congregatione,
457 2049 509 2108 ubi
533 2049 589 2108 ille
612 2048 701 2108 Abba
723 2051 773 2109 vel
795 2052 911 2110 Rector
937 2073 1086 2132 praeesse
1120 2050 1244 2122 videtur,

162 2137 247 2194 slono
275 2135 492 2211 donatumque
519 2131 551 2190 in
578 2141 733 2212 perpetuo
757 2153 834 2207 esse,
856 2134 946 2209 volo,
969 2133 1031 2194 hoc
1061 2143 1125 2210 est,
1153 2132 1244 2192 villam

159 2235 227 2274 rem
255 2214 458 2295 proprietatis
486 2235 573 2272 meare
602 2224 841 2293 nuncupantem
870 2215 980 2292 illam,
1007 2217 1101 2278 sitam
1128 2215 1157 2273 in
1180 2233 1244 2295 pago

160 2298 229 2373 illo,
263 2317 358 2377 super
381 2295 515 2353 {larium
536 2295 638 2371 illam,
656 2295 689 2352 in
714 2295 840 2356 condita
863 2297 929 2372 illa,
950 2321 1025 2358 eum
1041 2298 1184 2359 omnibus
1199 2295 1243 2352 ad-

159 2377 305 2440 iacentiis
336 2379 386 2437 vel
424 2378 620 2458 appendiciis
647 2378 727 2452 suis,
767 2385 1053 2460 quantumcunque
1090 2381 1130 2439 ud
1161 2377 1243 2459 ipsam

158 2462 269 2522 villam
294 2461 435 2541 aspicere
461 2460 510 2519 vel
539 2459 699 2540 pertinere
721 2459 870 2537 ridetur,
897 2463 948 2520 vel
975 2472 1242 2543 quantumcunque

158 2543 240 2602 inibi
265 2542 422 2624 praesenti
443 2550 587 2623 tempore
617 2563 684 2600 mea
710 2542 839 2602 ridetur
863 2563 930 2603 esse
956 2545 1128 2625 possessio,
1158 2551 1244 2602 toturn

157 2635 190 2684 et
210 2626 251 2685 ad
277 2625 435 2705 integrum
450 2645 509 2704 per
528 2623 612 2683 bane
629 2623 833 2685 donationem
852 2625 911 2684 tibi
939 2627 1029 2686 trado
1052 2636 1146 2707 atque
1160 2633 1243 2684 trans·

156 2708 277 2784 l'undo,
305 2729 342 2766 eo
365 2706 516 2767 videlieet
537 2706 631 2765 modo
652 2716 687 2764 ut
707 2706 784 2765 dum
805 2728 864 2786 ego
886 2708 919 2765 in
943 2718 1039 2789 caput
1065 2709 1187 2776 advivo,
1206 2705 1244 2782 ip·

156 2811 222 2849 sam
246 2788 357 2850 villam
388 2810 462 2848 enm
491 2788 577 2847 omni
604 2787 785 2868 integritate
822 2789 977 2849 usualiter
1003 2791 1063 2850 sub
1095 2795 1243 2870 praetexto

154 2873 257 2952 ipsius
291 2870 442 2931 basilicae
475 2881 587 2931 tenere
618 2881 649 2930 et
677 2891 830 2950 usurpare
862 2871 984 2931 faciam.
1044 2874 1124 2932 Post
1152 2890 1242 2928 meum

154 2975 285 3036 quoque
307 2954 480 3014 discessum
515 2953 581 3034 ipsa
605 2952 684 3012 villa
709 2954 888 3013 cumomni
915 2954 1100 3036 integritate
1127 2954 1175 3013 vel
1203 2971 1243 3008 su·

153 3036 326 3117 preposito,
354 3034 417 3095 hoe
443 3045 508 3108 est,
537 3055 609 3093 cum
630 3035 742 3110 terris,
766 3035 929 3112 domibus,
951 3037 1128 3112 aedificiis,
1163 3051 1241 3092 acco-

153 3117 255 3194 labus,
282 3115 462 3198 maneipiis,
484 3115 597 3192 vineis,
620 3116 720 3192 silvis,
748 3118 855 3196 pratis,
877 3118 1012 3198 pascuis,
1034 3118 1137 3199 aquis,
1162 3135 1240 3196 aque·

152 3222 266 3260 rumve
289 3199 488 3275 decursibus,
515 3199 686 3261 mobilibus
709 3208 741 3258 et
761 3198 994 3278 immobilibus,
1015 3199 1177 3282 pecuniis,
1196 3216 1240 3277 pe·

151 3282 246 3343 culiis
269 3281 435 3362 utriusque
465 3301 570 3357 sexus,
592 3280 768 3362 praesidiis,
789 3282 841 3340 vel
861 3284 946 3342 omni
972 3279 1181 3364 supellectile,
1197 3277 1239 3334 vel

152 3365 240 3445 quod
273 3363 393 3423 ibidem
427 3363 553 3422 inantea
583 3364 719 3440 addere,
751 3362 934 3439 adtrahere,
962 3384 1163 3443 comparare,
1194 3367 1239 3416 aut

151 3447 340 3506 erneliorare
368 3454 515 3524 potuero,
538 3454 569 3504 et
592 3445 743 3506 transitus
766 3468 855 3508 meus
880 3447 997 3506 ibidem
1026 3440 1236 3524 dereliquerit,

149 3551 220 3610 pars
245 3529 343 3610 ipsius
365 3527 525 3601 basilicae,
546 3526 614 3588 eius
636 3529 805 3603 Rectores,
827 3527 944 3610 absque
973 3528 1071 3588 ullius
1090 3529 1239 3606 expectata

150 3611 325 3670 traditione
346 3611 397 3668 vel
426 3609 573 3669 ludicum
599 3609 851 3690 consignatione,
885 3611 918 3669 in
945 3633 1054 3672 eorum
1081 3609 1133 3670 vel
1152 3605 1237 3686 ipsius

149 3693 297 3753 lrasilieae
330 3692 447 3751 faciant
469 3713 618 3752 revocare
641 3700 794 3772 potestate
824 3692 875 3752 vel
898 3693 1135 3764 dominatione,
1157 3697 1187 3746 et
1204 3683 1237 3741 ad

149 3778 247 3857 ipsam
269 3784 410 3836 sanctam
428 3774 592 3834 basilicam
612 3773 758 3855 proficiat
779 3773 1048 3854 inaugmentum:
1071 3772 1145 3853 quia
1164 3766 1236 3827 malo

146 3860 209 3919 boe
229 3868 300 3942 post
321 3879 428 3916 meum
448 3857 620 3918 discessum
642 3856 741 3936 ipsius
761 3856 910 3918 basilicae
930 3856 1048 3920 habere
1064 3875 1156 3938 quam
1175 3869 1236 3912 cae·

145 3943 223 4004 teris
244 3941 417 4004 heredibus
445 3939 532 4000 meis.
575 3940 610 4000 Si
630 3939 702 4020 quis
723 3960 811 3999 vero.

497 4042 601 4104 Cessio
623 4043 642 4101 ὰ
664 4039 717 4100 die
735 4055 907 4123 praesente,

228 4126 376 4190 xxxvl.
419 4127 503 4186 Dum
523 4124 677 4207 fragilitas
692 4145 748 4184 seu
771 4144 860 4185 casus
878 4125 1006 4185 hnmani
1030 4124 1151 4208 generis
1168 4141 1232 4203 per.-

145 4210 281 4281 timescit
316 4208 465 4274 ultimum
497 4208 580 4274 vitae
608 4206 780 4272 terminum
808 4205 973 4270 subitanea
1002 4205 1231 4292 transpositione
