2712 4992
193 275 268 355 ³74
645 301 839 357 souuerse

163 502 166 508 ,
194 439 244 501 ati.
272 436 488 506 Commutatio.
778 443 828 522 37.
857 443 1007 512 Venditlo
1035 443 1082 507 od
1107 442 1268 510 Ecclesiam.

193 541 244 600 ²7·
272 521 479 606 Confirmatio
499 521 585 605 legit.
777 525 827 590 58.
856 527 1000 611 Epistola
1020 528 1159 590 Albotis.

192 605 243 668 as.
270 605 351 666 Item
368 627 550 692 oppennem.
776 606 827 688 39.
855 609 1017 670 Securitas
1035 610 1077 670 de
1091 606 1254 671 homicidio.

192 705 243 769 ²9·
269 685 381 749 Editio
414 688 533 770 legibus
559 694 703 770 compre·
774 688 826 766 4ο.
852 691 1035 770 Iudicium,
1075 693 1167 752 iuxta
1201 692 1271 774 quod

271 769 377 834 tensa.
858 794 953 834 causo
971 776 1123 835 continet.

189 850 240 914 50.
267 849 389 912 Relatio
406 870 477 913 cum
492 847 629 920 iudicio,
774 856 825 932 41.
851 854 948 915 Breve
967 855 1158 916 sacramenti
1180 874 1268 916 secun-

190 933 241 994 51.
272 933 368 992 Breve
395 935 592 994 sacramenti.
855 935 929 996 dum
949 939 1054 1022 ipsum
1065 936 1219 1000 iudicium.

187 1014 239 1080 δα.
264 1012 438 1097 Siquando
452 1011 704 1096 masculusetse·
772 1019 824 1096 la.
852 1019 974 1080 Notitia
995 1020 1038 1080 de
1063 1017 1269 1082 olodeeuiodi·

270 1097 356 1156 mima
363 1098 487 1181 pariter
496 1110 621 1178 raptum
631 1118 703 1158 cum
855 1113 935 1168 coto.

268 1178 432 1252 senserint,
440 1175 704 1261 infraquinquen·
771 1179 823 1258 43.
853 1181 1003 1245 Venditio
1027 1183 1071 1244 de
1099 1203 1171 1244 cosa
1188 1180 1271 1242 utla-

270 1261 356 1319 mium
378 1259 528 1338 litigetur.
854 1285 909 1325 reo
932 1265 1019 1347 infra
1040 1267 1202 1327 civitatem.

187 1341 238 1404 53.
266 1340 423 1402 Iudicium
438 1338 660 1404 evindicatum.
772 1344 823 1423 44.
854 1347 919 1429 Qui
926 1368 958 1406 se
969 1349 1002 1407 in
1011 1349 1269 1430 alteriuspotesto·

186 1425 236 1498 54.
263 1421 408 1504 Epistola
424 1420 563 1489 Abbatis.
636 1427 638 1436 '
854 1441 884 1488 te
904 1429 1117 1491 commendat.

185 1506 236 1570 35.
264 1505 403 1568 Donatio
447 1502 493 1564 od
526 1505 701 1570 Ecclesiam
769 1509 823 1586 45.
848 1508 1104 1577 somonam..-

263 1599 337 1669 post
359 1585 486 1652 obitum.
769 1591 821 1658 lt6.
849 1591 899 1654 De
924 1595 1026 1654 causis
1055 1587 1268 1656 commendatis.

184 1667 234 1732 56.
264 1668 369 1732 Cessio
394 1668 414 1730 t
435 1667 487 1728 die
505 1683 680 1754 praesente.
754 1717 756 1723 .

457 1782 728 1850 Exsuscsuur
768 1787 997 1852 Cortuosa.

562 1998 701 2062 Donatio
723 1997 891 2064 Ecclesiae.

262 2135 289 2198 1.
330 2135 444 2198 Mundi
467 2136 641 2198 terminum
662 2139 976 2223 adpropinquantem
1004 2139 1111 2202 ruinis
1140 2135 1264 2200 crebres-

181 2217 329 2280 centibus
356 2218 418 2279 iam
437 2227 524 2280 certa
542 2219 632 2302 signa
652 2223 905 2283 manifestantur.
947 2222 1078 2284 Idcirco
1096 2241 1153 2304 ego
1169 2220 1198 2279 in
1213 2215 1260 2279 uei

181 2300 313 2360 nomine
343 2299 399 2361 illc
421 2298 628 2363 considerans
652 2303 889 2384 gravitudinem
909 2314 1117 2386 peccatorum
1139 2319 1261 2362 meorum

180 2389 214 2452 et
235 2380 444 2444 reminiscens
467 2381 642 2444 bonitatem
662 2385 725 2447 Dei
743 2385 921 2449 dicentem:
941 2389 1022 2449 Date
1047 2387 1259 2466 eleemosynam

181 2473 214 2527 et
234 2465 341 2527 omnia
361 2463 480 2528 munda
501 2464 584 2526 liunt
598 2465 699 2528 vobis.

579 2607 661 2666 Item
683 2605 748 2668 olio
768 2605 874 2675 modu.

262 2734 296 2796 Si
324 2731 448 2816 aliquid
465 2733 504 2796 de
521 2733 618 2797 rebus
636 2734 752 2798 nostris
773 2736 854 2798 locis
866 2737 1067 2798 ‘Sanctorum
1087 2738 1139 2800 vet
1159 2734 1190 2792 in
1202 2729 1259 2792 sub

180 2818 296 2881 stantia
325 2837 502 2898 pauperum
527 2817 744 2896 conferimus,
774 2818 836 2879 hoc
869 2819 960 2880 nobis
982 2821 1097 2902 procul
1120 2815 1209 2880 dubio
1231 2811 1255 2869 in

179 2910 310 2962 aeterna
329 2898 528 2960 beatitudine
546 2896 726 2960 retribuere
747 2899 947 2965 confidimus.
994 2902 1065 2984 Ego
1088 2900 1209 2984 quidem
1227 2892 1258 2986 dt

177 2991 266 3044 tanta
279 2979 499 3042 misericordia
516 2989 548 3042 et
567 2979 684 3062 pietate
703 2980 835 3042 Domini
849 2983 998 3060 conlisus,
1019 3005 1079 3064 per
1101 2983 1178 3042 hanc
1193 2994 1255 3057 epu·

179 3063 278 3126 telam
299 3061 483 3123 donationis
503 3062 588 3123 dono
613 3062 829 3144 donatumque
852 3064 885 3123 in
906 3075 1100 3148 perpetuum
1118 3083 1179 3126 esse
1199 3055 1256 3120 volo

178 3146 219 3206 ad
239 3143 404 3205 basilicam
425 3144 526 3205 sancti
547 3143 698 3221 Martini,
720 3145 776 3205 ubi
802 3144 870 3224 ipse
898 3147 1056 3227 pretiosus
1086 3163 1193 3227 corpus
1213 3156 1254 3198 τε·

176 3225 324 3309 quiescit,
347 3226 407 3294 vel¹
428 3226 516 3286 omni
539 3225 779 3309 congregationi
801 3227 920 3288 ibidem
948 3227 1145 3306 consistenti,
1164 3232 1192 3284 et
1209 3237 1254 3307 '⁸5

177 3308 333 3369 nerabilis
361 3307 411 3370 vir
436 3307 492 3369 ille
514 3309 618 3369 Abbas
640 3329 787 3390 praeesse
808 3309 953 3382 videtur,
977 3311 1087 3370 villam
1111 3307 1183 3370 iuris
1204 3317 1252 3359 mel

177 3399 419 3474 nuncupantem
440 3389 539 3467 illam,
567 3391 657 3451 sitam
675 3389 709 3449 in
730 3412 813 3473 pago
829 3390 899 3469 illo,
921 3392 955 3452 in
977 3393 1108 3454 condita
1123 3391 1181 3462 illa,
1194 3399 1251 3476 cum

175 3472 281 3550 terris,
304 3470 474 3540 aedificiis,
497 3473 685 3547 accolabus,
716 3473 903 3554 mancipiis,
933 3471 1073 3550 libertis,
1089 3463 1249 3556 vineiasslj

174 3555 235 3632 vis,
257 3553 365 3637 pratis,
386 3553 523 3636 pascuis,
545 3555 648 3636 aquis,
670 3574 864 3634 aquarumve
884 3556 1081 3631 decursibus,
1104 3573 1170 3616 cum
1186 3563 1248 3608 exus

176 3647 212 3701 et.
225 3636 384 3718 ingressis,
411 3635 583 3696 mobilibus
605 3645 638 3696 et
657 3635 882 3714 immobilibus,
904 3658 977 3697 cum
992 3637 1138 3697 omnihus
1156 3646 1249 3717 tappet·

174 3719 268 3781 diciis
289 3719 418 3800 suisque
444 3717 642 3794 adiacentiis,
663 3716 745 3778 sicut
770 3718 858 3778 ime
879 3719 1040 3800 praesenti
1063 3729 1194 3799 tempore
1211 3728 1249 3799 VJ·

174 3803 271 3867 detur
291 3822 359 3864 esse
380 3821 569 3882 possessum,
588 3809 690 3862 totum
709 3809 740 3861 et
759 3800 798 3860 ad
813 3799 974 3881 integrum
994 3801 1033 3862 de
1058 3801 1127 3861 iure
1147 3813 1206 3856 meu
1219 3805 1244 3846 ¹¹¹

172 3893 278 3946 vestra
299 3883 353 3944 vel
368 3882 469 3942 sancti
485 3880 616 3942 Martini
635 3881 705 3942 inre
726 3881 937 3963 proprietario
955 3883 1044 3942 trudo
1060 3891 1150 3963 atque
1164 3887 1245 3954 nans·

169 3966 294 4036 tandm
324 3985 361 4025 ea
382 3985 462 4028 vero
484 3962 608 4026 ratione
631 3973 668 4023 ut
691 3963 835 4045 quandiu
855 3963 1025 4042 advixero,
1054 3965 1112 4026 sub
1134 3981 1184 4022 usu
1201 3954 1242 4044 hs·

171 4047 281 4108 neficii
315 4045 412 4107 vestri
433 4045 552 4127 absque
581 4045 650 4106 ullo
676 4043 876 4127 praeiudicio
898 4047 951 4107 vel
976 4044 1180 4107 diminutione
1197 4034 1242 4096 all·

169 4146 235 4210 qua
255 4127 432 4210 praedictas
450 4149 501 4190 res
521 4136 633 4190 tenere
656 4134 688 4188 et
708 4147 860 4210 usurpare
877 4127 1019 4204 debeam,
1038 4135 1070 4190 et
1083 4133 1240 4210 postmeufn

156 4203 301 4295 'quoque
324 4209 507 4287 discessum,
530 4207 688 4294 quicquid
711 4208 744 4270 in
763 4207 826 4270 iam
855 4207 941 4274 dicta
964 4211 1041 4274 villa
1066 4209 1119 4274 vel
1140 4209 1168 4270 iu
1184 4200 1239 4262 fim-
1323 4261 1324 4292 ,
