2746 4992
207 279 281 360 254
637 301 877 368 carttuttttls:

206 459 269 524 pro
283 439 445 524 aliquibus
460 441 579 518 causis,
600 442 626 504 si
645 441 777 504 liberam
794 441 944 504 seminam
956 439 1102 502 habuerit
1115 448 1165 501 aut
1181 442 1269 506 inlan-

206 532 273 600 tes,
294 523 356 606 ipsi
372 523 406 585 in
421 547 532 587 eorum
555 525 702 588 libertate
720 533 936 606 permaneant.
976 525 1018 584 Et
1043 523 1070 582 si
1089 524 1153 605 ipsa
1172 527 1270 588 mulier

206 604 359 666 defuncta
375 607 496 682 luerit,
517 616 550 668 et
565 608 660 668 aliam
682 608 815 667 liberam
829 607 981 668 feminam
1009 605 1071 669 sibi
1098 607 1271 689 copulaverit

204 687 382 764 servienti,
404 688 470 772 ipsa
483 689 517 749 in
533 691 665 751 servitio
684 698 876 771 permaneat.

288 770 332 836 lI.
373 771 406 832 Si
423 771 494 854 quis
510 770 606 832 homo
625 772 762 833 alienam
779 793 912 832 uxorem
931 770 1143 847 adulteravit,
1179 779 1208 831 et
1229 793 1270 832 se·

203 852 347 914 cundum
363 851 468 936 Iegem
486 853 565 916 siin
580 877 688 916 manus
707 854 821 914 tradita
836 855 951 930 fuerit,
969 863 1002 914 et
1021 863 1129 936 postea
1154 852 1270 914 conuicti

202 934 342 1012 fueriut,
362 935 505 1018 partibus
521 936 658 1018 publicis
673 936 887 1018 recipientem
910 936 1015 1018 etqui
1034 936 1117 1020 ipsos
1136 935 1271 1018 compara·

203 1023 251 1079 tos
270 1015 437 1093 habuerit,
459 1019 597 1100 pretinm
612 1041 705 1080 suum
724 1018 845 1102 perdat.

284 1097 347 1166 lII.
388 1098 547 1163 Volumus
560 1110 595 1161 ut
609 1102 748 1164 Comites
780 1101 876 1162 nostri
898 1099 1065 1162 licentiam
1093 1096 1272 1159 babeantin-

201 1177 410 1263 quisitionem
440 1183 546 1244 facere
578 1183 618 1244 de
648 1183 784 1247 Vicariis
820 1193 852 1244 et
879 1179 1084 1246 centenariis
1112 1180 1167 1260 qui
1193 1181 1271 1262 magis

199 1271 332 1347 propter
345 1263 551 1346 cupiditatem
568 1287 664 1347 quam
689 1276 820 1348 propter
843 1265 996 1328 iustitiam
1018 1261 1194 1324 faciendam
1217 1284 1271 1323 sae-

200 1343 331 1428 pissime
345 1344 461 1428 placita
474 1356 604 1424 tenent,
627 1357 658 1408 et
677 1349 794 1409 exinde
823 1350 978 1430 populum
1010 1343 1106 1406 nimis
1126 1344 1271 1427 affligunt,

200 1435 233 1488 et
249 1426 293 1488 ita
309 1437 456 1494 tencatur
475 1429 556 1492 sicut
569 1430 602 1490 in
624 1431 806 1514 Capitulare
821 1431 938 1492 Domni
954 1427 1071 1491 Karoli
1094 1427 1271 1502 continetur,

199 1507 234 1570 id
250 1518 314 1586 est,
336 1519 374 1571 ut
386 1512 495 1573 nullus
510 1512 550 1572 ad
564 1513 716 1594 placitum
730 1513 901 1574 banniatur
914 1511 976 1574 nisi
991 1510 1051 1593 qui
1064 1530 1185 1578 cansam
1200 1529 1270 1569 snam

198 1591 344 1673 quaerit,
366 1602 422 1654 ant
448 1594 474 1655 si
502 1592 584 1656 alter
611 1595 641 1654 ei
662 1616 817 1677 quaerere
843 1596 952 1666 debet3
982 1591 1127 1676 exceptis
1148 1589 1270 1654 scabinis

197 1682 339 1758 septem,
360 1675 418 1756 qui
436 1677 476 1738 ad
496 1677 603 1737 omnia
622 1677 736 1756 placita
752 1698 818 1738 esse
839 1678 967 1742 debent.

216 1791 219 1800 ·
278 1753 340 1823 IV.
381 1759 538 1820 Volumus
554 1759 594 1819 de
612 1759 859 1840 obligationibus
878 1771 913 1821 ut
931 1759 1042 1819 nullus
1059 1757 1153 1818 bomo
1165 1775 1269 1838 persa-

199 1848 400 1904 cramentum
418 1862 479 1902 nec
497 1861 554 1922 per
572 1842 666 1904 aliam
685 1841 911 1922 obligationem
933 1839 1162 1901 adunationem
1184 1834 1268 1898 faciat.

195 1919 242 1984 Et
263 1920 289 1982 si
307 1920 369 1983 boc
396 1923 501 1984 facere
527 1926 793 2004 praesumpserit,
814 1934 891 1986 tunc
919 1923 976 1984 iIIe
998 1925 1059 2004 qui
1081 1921 1167 2001 prius
1184 1918 1269 2001 ipsum

196 2002 368 2066 consilium
385 2002 546 2066 inchoavit
561 2016 593 2066 et
609 2006 671 2066 boc
693 2007 811 2067 factum
832 2007 944 2082 habet,
965 2006 999 2064 in
1029 2003 1130 2066 exilio
1153 2001 1188 2060 ab
1215 2001 1268 2081 ipso
1332 2057 1333 2060 ,

197 2085 322 2147 Comite
345 2086 379 2148 in
400 2087 561 2148 Corsicam
576 2087 736 2166 mittatur,
758 2097 791 2151 et
809 2088 858 2149 illi
878 2089 933 2149 alii
957 2088 1104 2146 bannum
1129 2093 1267 2155 nostram,

195 2167 230 2227 id
250 2177 318 2243 est,
340 2169 504 2249 sexaginta
522 2170 640 2232 solidos
663 2180 863 2253 componant.
902 2170 989 2232 Etsi
1017 2169 1092 2230 talis
1112 2167 1204 2227 fuerit
1222 2163 1267 2244 qai

196 2269 262 2310 uon
280 2247 395 2312 babeat
413 2251 499 2312 unde
514 2251 619 2334 ipsum
637 2263 822 2334 componat,
849 2251 1013 2334 sexaginta
1040 2252 1122 2312 ictus
1146 2247 1266 2329 accipiat.

277 2331 318 2400 V.
360 2334 517 2396 Volumus
543 2344 579 2394 ut
601 2358 674 2397 cum
700 2336 836 2396 collecta
860 2336 908 2396 vel
928 2333 1027 2396 scutis
1049 2333 1083 2392 in
1108 2330 1218 2415 palatio
1239 2333 1267 2399 a)

195 2412 330 2477 Comitis
348 2417 458 2480 nullus
474 2427 653 2498 praesumat
670 2417 790 2484 venire.
829 2420 873 2480 Et
890 2418 917 2480 si
933 2414 1188 2501 praesumpserit,
1202 2411 1262 2471 baa·

195 2513 274 2557 num
289 2508 432 2562 nostrum
449 2509 627 2578 componat.

277 2577 336 2642 VI.
376 2583 425 2641 De
443 2581 677 2642 sanctimoniali
691 2580 809 2641 femina
822 2581 987 2642 statuimus
999 2590 1037 2642 ut
1050 2580 1076 2641 si
1095 2574 1266 2640 adulterium

192 2661 333 2741 fecerit,
356 2673 388 2725 et
406 2661 573 2724 inventum
587 2665 702 2740 fuerit,
724 2686 775 2724 res
800 2685 877 2744 quas
894 2663 991 2724 babet
1007 2664 1092 2744 ⁴fisco
1112 2661 1263 2723 socientur;

193 2765 329 2827 persona
351 2765 427 2807 vero
446 2744 514 2806 eius
531 2745 620 2807 sitin
639 2755 791 2828 potestate
805 2746 956 2830 Episcopi
969 2747 1004 2806 in
1019 2745 1112 2806 cuius
1134 2737 1265 2827 parochia

193 2836 260 2906 est,
281 2837 317 2888 ut
338 2827 372 2888 in
387 2827 616 2888 monasterium
629 2828 864 2888 intromittatur.

275 2909 355 2974 VII.
393 2910 551 2974 Volumus
578 2920 614 2971 ut
643 2910 795 2992 Episcopi
814 2919 845 2971 et
874 2909 1012 2972 Abbates
1039 2921 1074 2972 et
1102 2903 1261 2970 Abbatissae

193 3014 266 3055 suos
285 2991 465 3054 Advocatos
482 2991 642 3072 habeant,
671 3002 703 3054 et
730 2994 859 3076 plenam
886 2992 1039 3054 iustitiam
1068 2992 1182 3054 saciant
1203 2993 1262 3045 ante

166 3145 171 3154 ,
195 3073 353 3136 Comitem
369 3094 472 3138 suum.
984 3137 986 3144 ¹

274 3153 369 3218 VIII.
409 3159 457 3217 De
476 3154 541 3217 illis
555 3153 738 3218 bominibus
760 3155 816 3237 qui
833 3177 883 3218 res
899 3177 969 3218 suas
983 3154 1192 3220 alienaverint
1206 3149 1262 3212 ubi·

193 3259 344 3318 cunque,
366 3247 399 3301 et
411 3259 508 3320 super
525 3239 666 3300 resident
676 3285 686 3318 ,
706 3239 872 3322 distringat
890 3260 942 3301 eos
958 3241 1072 3303 Comes
1087 3262 1144 3326 per
1156 3233 1259 3300 scabies

191 3321 359 3406 publicas,
381 3321 464 3384 sicut
480 3320 533 3382 Iex
554 3319 658 3386 habet,

274 3402 334 3465 lX.
376 3405 533 3468 Volumus
550 3414 585 3463 ut
601 3401 752 3487 Episcopi
772 3425 837 3464 una
855 3425 928 3465 cnm
949 3402 1074 3466 Comite
1096 3423 1151 3466 suo
1168 3397 1258 3461 Advo-

193 3493 279 3549 satos
304 3485 433 3567 eligant.

273 3567 316 3635 X.
355 3566 484 3630 Placuit
514 3566 605 3630 nobis
641 3567 681 3629 de
707 3568 853 3629 omnibus
878 3567 987 3629 liberis
1007 3565 1201 3640 bominibus,
1230 3568 1257 3619 at

194 3650 277 3711 nihil
301 3651 346 3714 eis
372 3659 608 3733 superponatur
627 3650 686 3711 nisi
709 3653 791 3711 siout
806 3653 858 3712 Iex
873 3660 904 3710 et
917 3651 1077 3711 rectitudo
1097 3645 1231 3708 continet.

273 3733 335 3796 XI.
377 3734 534 3796 Volumus
547 3743 582 3794 ut
604 3735 642 3795 de
664 3735 780 3796 scubiis
798 3734 954 3815 publicis,
974 3733 1070 3813 ,quod
1095 3730 1133 3790 ad
1161 3725 1257 3815 utilila-

192 3825 257 3877 tem
271 3815 372 3878 nostri
391 3815 482 3897 regui
502 3815 667 3898 pertinet,
699 3828 904 3899 praeceptum
935 3813 1116 3876 emunitatis
1148 3805 1256 3891 impedi*

191 3906 335 3961 meatum
356 3919 421 3959 non
443 3907 600 3978 praestet,
627 3899 682 3959 sed
699 3900 903 3964 adiutorium.

272 3981 350 4044 XII.
392 3983 433 4040 Ut
449 3981 643 4044 Cancellarii
664 3982 758 4042 electi
772 3981 848 4041 boni
876 3989 908 4042 et
925 4001 1054 4048 veraces
1082 3978 1254 4064 chartasupu·
1329 4005 1330 4010 κ

191 4063 290 4126 incas
306 4061 509 4126 conscribant
530 4075 603 4126 ante
614 4063 770 4126 Comitem
785 4063 990 4150 etScabinos
999 4074 1031 4124 et
1041 4062 1173 4124 Vicarios
1182 4071 1250 4118 eiust

196 4183 528 4200 *nun—n*—

226 4239 260 4300 κ)
279 4231 315 4288 nl.
329 4247 389 4287 mss.
413 4233 443 4282 iu
459 4228 604 4302 palatium.
640 4228 720 4282 Ccrte
738 4227 843 4295 legend.
862 4229 893 4280 in
908 4228 1049 4298 placitum.
1067 4299 1070 4306 .
