2746 4992
184 228 256 306 234
401 251 530 309 acas.
628 259 859 312 carnutium
956 276 1017 325 921.

185 393 331 456 Pertensi
365 414 462 476 super
490 392 604 459 fluvios
635 395 756 458 Saltum
788 408 821 458 et
850 397 1070 476 Benstlonem,
1105 405 1255 479 utrunque

186 497 245 557 per
268 475 350 536 hanc
367 485 567 558 praesentem
595 479 799 539 concedimus
823 479 1043 540 auctoritatem
1073 487 1105 539 et
1133 479 1170 538 de
1197 502 1256 541 uos·

186 569 238 616 tro
266 558 337 618 iure
367 561 401 618 in
432 558 541 622 ius‘ct
567 559 793 642 proprietatem
822 583 880 622 sen
909 561 1163 622 dominationem
1186 562 1259 623 illius

195 639 445 702 transfundimus
470 649 503 700 et
528 641 759 724 perpetualiter
779 642 940 704 habendos
966 645 1162 725 delegamus.
1187 645 1261 720 Qua-

188 732 319 805 propter
347 723 453 804 regiae
482 721 546 786 boc
577 723 814 784 munificentiae
835 725 975 785 edictum
1000 725 1076 786 fieri
1099 748 1135 785 ae
1160 747 1262 786 memo·

188 814 274 864 ratae
300 826 358 865 seu
386 805 521 868 dilectae
546 806 677 890 coniugi
703 807 900 867 Fridemuae
926 807 1079 868 iussimus
1112 807 1197 876 (lari;
1218 829 1264 890 per

189 887 279 966 quod
305 886 517 969 praecipimus
555 895 650 968 atque
679 888 907 972 praecipiendo
935 891 1087 950 iubemus
1110 898 1145 948 ut
1171 911 1264 972 supra-

190 965 322 1050 scriptos
351 968 465 1046 fiscos,
502 968 728 1030 Corbiniacum
755 970 880 1032 scilicet
909 981 942 1032 et
969 972 1206 1054 Pontigonem,
1229 973 1266 1029 ati

190 1050 446 1134 praesentialiter
471 1051 511 1112 ad
537 1073 593 1111 nos
610 1053 769 1133 pertinere
794 1052 954 1131 videntur,
976 1075 1053 1118 cum
1073 1053 1268 1114 amnicorum

190 1132 383 1216 integritate,
395 1132 549 1195 Ecclesiis
559 1133 711 1195 videlicet
723 1134 924 1218 praescriptis
937 1145 970 1198 et
987 1137 1158 1216 mancipiis
1173 1137 1268 1194 utrius·

191 1236 257 1299 qne
281 1236 388 1291 sexus,
406 1215 501 1278 terris
526 1215 621 1276 cultis
644 1226 676 1276 et
705 1217 862 1293 incultis,
890 1218 1014 1295 vineis,
1040 1218 1151 1294 silvis,
1180 1219 1267 1299 pratis,

192 1297 331 1382 pascuis,
353 1297 455 1378 aquis,
477 1319 670 1380 aquarumve
691 1298 886 1375 decursibus,
907 1300 1119 1377 molendinis,
1141 1299 1269 1381 piscatio-

194 1381 300 1458 nibus,
323 1378 494 1440 mobilibus
514 1389 546 1440 et
567 1379 792 1457 immobilibus,
813 1380 950 1441 exitibus
975 1391 1008 1442 et
1027 1381 1231 1462 regressibus,
1249 1388 1271 1438 et

194 1462 354 1524 universis
380 1461 531 1543 legitimis
553 1461 828 1524 terminationibus
856 1463 937 1523 iuste
964 1473 995 1525 et
1025 1464 1178 1544 legaliter
1195 1463 1270 1521 adse

195 1543 454 1629 pertinentibus,
484 1545 712 1625 perpetualiter
732 1543 855 1621 habeat,
875 1553 986 1606 teneat
1005 1555 1106 1626 atque
1123 1544 1271 1626 possideat,

163 1695 167 1705 ἱ
198 1638 231 1687 et
256 1626 411 1720 quicquid
431 1627 547 1686 exinde
572 1627 676 1687 lacere
702 1627 855 1700 voluerit,
877 1626 1010 1686 liberam
1032 1637 1068 1688 et
1087 1627 1272 1686 firmissimam

199 1709 233 1768 in
263 1709 410 1769 erunibus
430 1707 545 1767 lrabeat
570 1717 766 1790 potestatem.
808 1711 849 1768 Ut
876 1718 986 1768 autem
1009 1709 1093 1768 haec
1119 1708 1274 1788 largitionis

200 1798 325 1851 nostrae
353 1789 483 1850 donatio
515 1802 546 1851 et
573 1789 786 1851 concessionis
812 1789 972 1850 roboratio
995 1793 1189 1850 continuum
1211 1789 1274 1848 obti-

202 1881 277 1933 neat
300 1872 455 1932 firmitatis
475 1872 626 1954 vigorem,
648 1892 744 1932 manu
766 1872 895 1954 propria
917 1873 1028 1935 subter
1048 1873 1201 1933 firmatam
1222 1891 1274 1930 uos·

201 1963 252 2018 tro
282 1955 498 2036 praecepimus
523 1956 620 2016 anulo
642 1953 797 2047 insigniri.

283 2037 419 2118 Signum
444 2038 569 2098 Kaaom
590 2035 807 2118 gloriosissimi
822 2035 926 2116 Regis.

282 2117 470 2202 Arnulphus
489 2119 637 2180 Notarius
656 2119 695 2180 ad
712 2118 816 2181 ricem
837 2116 978 2180 Alberici
998 2125 1052 2196 w)
1078 2113 1222 2199 Episcopi
1235 2132 1274 2172 re·

206 2200 366 2265 coenavit.

247 2249 265 2282 ὓ
289 2287 407 2342 Datum
437 2301 504 2342 xrn.
523 2277 675 2342 kalendas
698 2269 1012 2358 Maias,¹lndictiono
1039 2280 1181 2356 decima,
1208 2297 1275 2334 anuo

207 2383 257 2429 ur.
285 2373 438 2445 regnante
468 2367 594 2425 Domno
624 2365 742 2425 Karolo
771 2365 995 2446 gloriosissimo
1025 2367 1134 2446 Rege,
1161 2360 1274 2421 redinte-

230 2455 319 2506 rante
341 2469 369 2508 x.

208 2469 250 2572 g·
289 2529 404 2590 Actum
427 2523 585 2591 Attiniaco
604 2527 772 2611 palatiola
793 2528 853 2589 Dei
867 2529 996 2590 nomine
1012 2528 1163 2590 feliciter.
1187 2524 1273 2582 Amen.

550 2706 847 2770 TITULUS
908 2703 971 2772 11.

405 2840 589 2886 'annonariam
623 2840 824 2883 vascosanus
857 2839 1099 2888 cournovnasm.

202 2945 257 3016 ,In
290 2941 436 3012 nomine
465 2951 618 3008 sanetae
648 2950 682 3009 et
716 2937 930 3008 individuae
963 2939 1170 3008 Trinitatis.
1216 2930 1275 3001 Ka·

209 3040 331 3126 relus,
364 3039 424 3108 air
456 3038 636 3125 illustris,
668 3039 798 3109 divina
827 3039 1060 3129 propitiante
1093 3031 1272 3106 clementia,

209 3140 294 3210 Rea
321 3139 571 3224 Francorum,
605 3136 771 3208 omnibus
793 3133 1101 3229 Archiepiseopis
1125 3145 1158 3202 et
1180 3127 1274 3237 Epia-

209 3235 316 3331 copis
339 3235 380 3305 in
404 3257 516 3326 regno
547 3233 653 3306 nodis
683 3259 709 3304 a
733 3235 816 3302 Deo
851 3237 1042 3304 commisso
1073 3233 1271 3305 cominatu,

362 3355 446 3426 pax
469 3347 504 3402 et
525 3334 626 3404 salies
650 3332 698 3404 ab
724 3333 852 3404 eodem
875 3333 959 3402 Deo
985 3345 1145 3404 aeterno.

294 3497 322 3560 l.
354 3438 457 3560 Quia
470 3494 594 3558 divinae
606 3497 837 3580 propitiationis
849 3495 1016 3573 beneficia,
1038 3513 1119 3576 qnae
1137 3489 1171 3550 ab
1183 3491 1237 3568 ipso
1245 3476 1272 3538 ab

210 3582 288 3664 ipsis
305 3579 488 3663 crepundiis
505 3581 631 3661 experti
641 3603 764 3660 snmus,
788 3583 971 3642 nullatenus
991 3595 1172 3640 enumerare
1186 3583 1270 3658 postu·

215 3687 295 3740 mus,
308 3665 428 3724 idcirco
444 3662 571 3722 laudem
588 3662 718 3722 Domini
738 3663 890 3744 loquetur
905 3685 938 3722 os
955 3683 1071 3737 meum,
1084 3667 1116 3720 et
1135 3648 1272 3740 benecbcssl

216 3769 329 3806 nomen
345 3755 487 3806 sanctum
505 3744 572 3805 eius
592 3745 787 3805 in’seculum
804 3743 913 3806 seculi.
943 3744 1035 3804 Unde
1055 3741 1138 3822 quia,
1156 3728 1271 3818 plautus

216 3830 332 3889 uostris
360 3826 560 3910 exigentibus
588 3827 735 3904 meritis,
779 3826 963 3888 multotiens
997 3827 1124 3884 adversa
1158 3821 1270 3910 quaeque

214 3911 432 3987 sustinuimus,
455 3909 611 3970 credimus
632 3931 697 3969 non
719 3910 781 3970 hoc
802 3910 841 3969 ad
870 3917 992 3968 nostrae
1013 3901 1209 3968 damnationis
1222 3907 1271 3950 rue*

216 3993 337 4074 ritum,
360 3993 416 4055 sed
438 3994 477 4051 ad
499 3992 629 4074 gratiam
643 4014 717 4053 suae
743 3989 1012 4053 reconciliationis
1035 3987 1124 4048 nobis
1142 3980 1199 4045 fore
1215 3986 1270 4054 ptr·

217 4077 362 4138 missum:
395 4085 430 4135 ut
451 4075 584 4156 flagellis
602 4074 670 4136 eius
689 4073 817 4150 eruditi,
839 4071 992 4134 discamus
1010 4088 1152 4154 perversa
1174 4067 1273 4122 careresv

253 4187 295 4254 w)
313 4185 428 4256 begeud.
447 4186 579 4239 laterici.
