2712 4992
195 337 269 414 310

219 497 247 564 5.
274 496 444 560 Praecaria
465 491 505 554 ds
528 496 597 580 ipsa
617 487 708 557 villa,

280 579 356 641 dum
366 577 505 638 imitati.

216 663 247 728 6.
275 663 414 724 Donatio
435 658 475 720 de
493 679 592 745 parva
612 675 646 716 rs
669 649 713 712 ad

279 745 461 808 Ecclesiam.

218 849 246 910 7.
276 827 393 888 Charta
449 817 711 884 interdonationis

279 911 362 970 iuter
382 910 486 968 uirum
502 908 540 965 ¹et
556 901 713 986 seminam

279 991 319 1052 de
342 1011 448 1052 eorum
465 1009 524 1053 res.

217 1074 247 1139 8.
276 1080 362 1136 Item
372 1073 436 1133 alia
458 1072 524 1130 sine
538 1066 644 1148 aliqua
657 1061 713 1122 mi-

279 1156 435 1216 nuatione.

217 1259 246 1319 9.
278 1238 395 1298 Clsarta
427 1229 662 1297 obnoxiationis
691 1226 710 1284 b

275 1332 366 1402 patre
383 1319 416 1377 in
424 1315 512 1402 filiis
526 1313 627 1392 sacta.

201 1423 246 1462 so.
273 1399 419 1486 Epistola
437 1419 506 1460 cum
529 1398 561 1455 in
578 1394 648 1454 loco
659 1389 711 1475 fi-

278 1487 393 1547 liorum
405 1492 531 1566 nepotes
549 1477 711 1536 instituen-

282 1578 334 1628 tur
348 1565 387 1626 ab
402 1585 474 1625 auo.

202 1668 248 1710 11.
277 1647 394 1708 Clsarta
427 1647 482 1728 qui
511 1661 566 1702 suo
600 1651 710 1722 nepote

280 1726 406 1814 aliquid
417 1728 582 1790 meliorare
601 1723 713 1784 votae-

282 1815 335 1878 rit.
359 1816 361 1822 '

122 1951 126 1958 ,
204 1917 250 1956 12.
280 1897 395 1956 Charta
411 1905 444 1951 ut
452 1887 533 1974 filia
553 1881 621 1947 cuns
637 1884 714 1965 sra-

285 1990 347 2038 tres
362 1979 396 2036 in
415 1986 548 2058 paterna
569 1969 714 2030 succedat

284 2057 386 2121 alode.

206 2143 250 2208 13.
278 2141 316 2202 Si
335 2141 403 2224 quis
421 2149 571 2198 extraneo
593 2135 715 2194 bomine

282 2225 315 2283 in
341 2218 565 2318 locoflliorum
589 2216 718 2300 adopta·

282 2317 370 2371 verit,

205 2389 250 2468 ¹4·
278 2389 408 2449 Pactum
438 2383 714 2463 interponentes,

284 2469 323 2529 de
345 2465 522 2529 hereditate
537 2481 653 2523 eorum.

206 2554 251 2617 15.
278 2551 433 2614 Libellum
452 2546 544 2605 dotis,

206 2638 252 2698 16.
281 2635 319 2696 Si
347 2632 460 2712 uliquis
485 2627 595 2712 puella
615 2623 717 2684 invita

286 2715 433 2779 traxerit.

208 2824 254 2885 ¹7·
283 2793 469 2883 Qualiterin
485 2811 546 2851 uno
560 2789 719 2849 volumine

287 2888 722 3023 tlestamentumpersonacon-

313 2975 355 3023 at.

211 3049 255 3111 18.
285 3043 444 3104 Securitas
463 3058 526 3122 pro
549 3031 720 3096 homicidio

282 3125 396 3208 sacto;
427 3123 455 3181 si
474 3143 506 3181 se
532 3115 722 3204 pacificave-

292 3213 366 3274 rint.

215 3317 260 3378 19.
292 3289 441 3356 Venditio
462 3285 501 3345 de
524 3283 613 3344 villa.

180 3437 184 3443 .
210 3401 259 3446 20.
290 3371 439 3439 Venditio
467 3368 506 3428 de
539 3386 613 3426 area
641 3357 725 3442 insra

292 3461 428 3522 civitate.
472 3515 475 3524 ¹

212 3565 261 3609 αι,
294 3535 442 3604 Venditio
466 3531 505 3592 de
526 3549 644 3611 canapo.

213 3647 263 3691 αα.
293 3616 443 3685 Vcn'ditio
454 3614 592 3674 deservo
609 3620 661 3669 aut
676 3629 728 3668 an·

295 3701 380 3765 cilla.
517 3758 519 3764 ,

216 3789 264 3850 25.
294 3781 482 3846 Concambio
500 3777 539 3838 de
558 3773 648 3835 villis.

216 3871 267 3948 ab.
297 3864 484 3929 Concambio
507 3859 546 3918 de
565 3869 651 3915 terra
678 3861 731 3930 aut

300 3953 388 4010 vinea
409 3945 464 4004 uel
479 3953 583 4024 prato.
716 3931 720 3938 ’

219 4035 270 4102 25.
300 4030 466 4092 Cautiones
491 4021 614 4084 diuerso
637 4013 731 4078 modo

295 4114 427 4197 sactus.v

221 4199 270 4261 αδ.
295 4199 376 4261 Item
392 4193 465 4253 alia.

223 4305 272 4363 27.
286 4285 380 4342 'Item
401 4275 473 4335 alia.

418 353 421 358 ’
517 347 697 406 niseum
724 340 967 400 Fonnutsnun

780 480 829 543 28.
853 482 922 563 Qui
936 502 969 540 se
992 479 1025 536 in
1048 472 1166 534 servitio
1183 471 1266 531 ulteri-

862 585 897 622 us
911 559 1074 624 obnoxiat.

753 627 755 632 Ι
780 663 830 726 29.
861 646 977 705 Charta
999 641 1039 700 de
1067 635 1268 718 agnatione,si

864 749 972 787 seruus
1009 725 1144 802 ingenua
1170 715 1269 798 semim

865 808 1013 869 traxerit.
1181 861 1183 865 .

781 890 831 950 50.
860 891 1018 951 Libellum
1040 881 1172 964 repudii.

781 972 831 1032 bt.
863 970 1063 1033 Mandatum.

780 1053 829 1116 52.
857 1054 1074 1132 ingenuitates
1094 1047 1215 1108 diuerso
1227 1065 1272 1105 mo·

862 1135 904 1198 do
915 1139 1035 1216 factae.
1072 1125 1077 1140 ’

780 1216 829 1292 54.
854 1221 933 1280 nem
946 1217 1154 1297 ingenuitates
1165 1211 1272 1272 aliano·

861 1300 904 1362 do
920 1315 994 1384 post
1010 1298 1190 1360 discessum.

781 1380 830 1457 54.
859 1387 941 1443 Item
979 1383 1065 1443 aliae
1103 1377 1199 1439 adbuc
1228 1373 1271 1432 alio

864 1464 966 1528 modo.

781 1544 830 1613 35.
857 1544 1075 1608 Evacuatoria
1097 1541 1137 1602 de
1162 1539 1272 1600 casnm

863 1631 891 1689 si
908 1650 970 1690 non
986 1627 1162 1687 invenitur.

782 1707 832 1773 56,
861 1711 898 1771 Si
914 1713 983 1792 quis
1004 1709 1124 1791 aliquis
1137 1721 1222 1764 seruo
1236 1718 1272 1758 suo

864 1806 918 1856 aut
927 1789 1064 1872 gasindo
1087 1783 1204 1870 aliquid
1219 1801 1272 1842 con·

868 1875 979 1936 cedere
996 1871 1150 1932 uoluerit.

784 1958 833 2039 37.
863 1955 958 2016 Gesta
983 1958 1080 2016 iuxta
1103 1941 1272 2012 consuetudi·

866 2061 934 2099 nem
949 2039 1185 2100 Romanorum,
1196 2026 1273 2109 quali·

869 2135 918 2181 ter
937 2119 1125 2181 donationes
1148 2111 1272 2192 veltesta·

867 2215 971 2263 menta
989 2202 1146 2278 legantur.

788 2288 837 2352 38.
865 2283 1053 2346 Mandatum
1074 2278 1120 2340 ad
1133 2286 1220 2356 gesta.

788 2395 841 2476 39·
868 2391 899 2454 Ε
920 2391 1014 2451 istola
1040 2389 1071 2446 si
1098 2381 1205 2464 aliquis
1227 2393 1273 2434 ren

867 2415 1027 2535 EEclesiae
1055 2467 1103 2529 ad
1133 2481 1213 2523 usum
1231 2458 1271 2514 ba-

869 2557 949 2632 beat,
972 2552 1060 2614 etde
1085 2571 1142 2608 sua
1158 2539 1273 2626 proprie-

872 2651 934 2699 tate
955 2632 1079 2716 aliquid
1100 2629 1199 2690 donet.

788 2747 839 2823 4ο.
869 2741 1050 2804 Praestaria
1073 2737 1171 2797 dere
1195 2723 1273 2790 Eccle-

873 2826 928 2886 stis
952 2824 989 2885 ab
1011 2811 1261 2906 Episcopissacts.

791 2910 842 2986 41.
869 2906 1021 2969 Precaria
1031 2947 1043 2976 ,
1071 2901 1128 2984 qui
1146 2914 1205 2956 rem
1217 2889 1274 2948 alte·

875 2992 941 3050 rius
970 2988 1064 3046 satire
1091 2981 1156 3041 vult
1180 2987 1207 3034 et
1231 2986 1274 3029 non

871 3081 989 3157 potest,
1008 3078 1080 3152 post
1102 3073 1134 3124 et
1151 3051 1273 3146 precaria.

795 3191 846 3267 42.
874 3182 1052 3258 indiculum
1079 3199 1150 3239 cum
1174 3169 1275 3254 Episco-

878 3289 938 3352 pus
964 3264 1007 3324 ad
1026 3262 1123 3320 alium
1146 3259 1176 3316 in
1199 3263 1274 3310 resur·

881 3351 1016 3411 rectione
1031 3341 1161 3405 Domini
1174 3328 1275 3407 eulogia

881 3431 999 3509 dirigit.

797 3522 849 3598 45,
876 3510 1052 3594 Rescriptio
1089 3504 1134 3565 ad
1153 3499 1274 3584 Episcopo

882 3595 921 3655 de
944 3590 1139 3654 visitatione.

800 3685 850 3760 44.
880 3672 1044 3758 Quomodo
1060 3670 1105 3732 ad
1126 3669 1217 3746 Rege,
1234 3655 1274 3714 lit·

882 3764 966 3843 gina,
990 3754 1038 3815 vel
1065 3751 1211 3834 Episcopo
1228 3743 1276 3831 pttl

884 3843 1049 3904 nativitate
1063 3831 1189 3896 Domini
1200 3825 1276 3883 aista-

847 3979 852 3988 .
883 3928 967 3986 tione
995 3921 1118 3980 directa
1151 3907 1275 3972 seritius·

803 4010 854 4096 45.
882 4010 963 4070 lieni
986 4003 1050 4090 alia
1074 3997 1114 4056 de
1144 3985 1276 4054 Natim'talt

886 4086 1026 4152 Domini.

717 4183 720 4188 ’
803 4176 853 4256 46.
882 4163 1156 4233 Commendatitias
1193 4152 1277 4239 litteras

888 4251 931 4315 ad
939 4251 1098 4335 Episcopo
1111 4237 1276 4312 iam-cognita.
