2712 4992
193 305 265 378 366
664 318 840 374 sensenna

194 461 351 538 mesticis,
374 455 527 534 vicariis,
550 457 773 538 Centenariis,
795 459 846 522 vel
860 457 964 520 omnis
980 454 1117 540 Agentes
1140 465 1264 534 nostros,

194 556 228 610 et
251 544 394 607 iuniores
424 561 460 600 ac
486 560 747 622 successoresque
773 549 913 619 nostros,
948 539 1001 602 vel
1029 559 1138 600 omncs
1170 539 1265 601 amicos

195 639 330 704 nostros,
346 645 402 684 seu
421 631 454 682 et
469 641 578 682 ornnes
598 623 710 684 Missos
724 633 847 684 nostros
864 623 1088 686 discurrentes.
1110 621 1266 702 Cognoscat

193 707 380 792 magnitudo
403 726 459 765 seu
478 704 600 764 almitas
615 715 717 765 vestra
732 706 821 788 quod
839 726 896 766 nos
911 703 1051 787 partibus
1072 703 1189 764 nostris
1202 703 1267 764 benc

193 794 345 854 babemus
363 794 559 868 compertum
583 787 669 867 (quod
690 787 838 849 ‹loininus
862 788 970 847 taliter
989 787 1075 846 illius
1092 785 1188 845 fidele
1209 808 1267 844 nos·

193 887 244 938 tro
260 875 317 934 illo
337 872 392 931 illa
409 868 521 928 rnerito
537 889 594 928 suo
610 870 825 950 compellente
841 869 1069 945 concessimus,
1101 867 1267 948 ubicunque

194 959 278 1018 insra
296 973 396 1036 regno
422 953 491 1011 Deo
509 949 647 1032 propitio
673 961 781 1011 nostro
808 950 953 1012 homines
975 950 1024 1010 sui
1052 949 1093 1010 ad
1125 952 1269 1032 negotium

194 1039 389 1122 exigendum
411 1031 615 1110 advenerint,
639 1033 747 1093 nullus
761 1033 915 1113 quislibet
932 1033 972 1094 dc
993 1031 1161 1092 iudiciaria
1180 1041 1268 1114 potes·
1317 1083 1318 1102 ,

193 1132 256 1183 tate
280 1129 383 1184 restra
401 1137 460 1174 nec
475 1115 588 1175 lllissus
605 1126 715 1175 noster
733 1115 822 1174 nulla
841 1114 988 1191 telonea,
1010 1135 1070 1175 nec
1089 1115 1197 1179 nullas
1212 1137 1270 1176 ven-

194 1206 295 1280 dites,
318 1223 376 1262 nec
394 1197 570 1272 rodaticus,
593 1219 653 1258 nec
669 1197 838 1276 foraticus,
859 1217 921 1258 nec
945 1198 1146 1278 pontaticus,
1174 1205 1222 1274 et,
1240 1197 1270 1258 si-

194 1296 250 1352 cut
267 1285 357 1360 dixi,
378 1280 487 1340 nullus
504 1278 657 1360 quislibet
674 1279 803 1341 teloneo
823 1301 883 1340 nec
902 1278 1046 1340 venditas
1058 1279 1129 1340 cius
1147 1279 1179 1338 in
1194 1280 1268 1340 nullo

194 1378 340 1432 exactare
358 1383 421 1423 nou
438 1361 661 1442 praesumatis;
684 1360 770 1437 nisi,
791 1370 829 1422 ut
842 1361 1002 1438 diximus,
1024 1360 1058 1419 in
1078 1381 1268 1442 quascunque

194 1461 305 1536 portus
325 1443 459 1508 civitatis
480 1465 538 1503 seu
556 1443 701 1504 mercada
724 1445 816 1504 nullo
839 1443 1093 1504 contradicentes
1122 1466 1195 1506 suos
1217 1445 1269 1508 rin.

193 1535 245 1596 vel
267 1552 342 1593 suus
363 1526 570 1588 commercius
585 1525 741 1608 quislibet
759 1526 923 1606 negotium
939 1525 1056 1606 absque
1070 1526 1142 1587 ullo
1160 1535 1269 1586 contra-

194 1618 320 1679 dicente
336 1617 522 1692 potestatem
540 1607 656 1668 lrabeat
667 1608 846 1684 vendendi,
868 1608 943 1690 quin
956 1629 1012 1668 uos
1024 1608 1132 1668 taliter
1148 1609 1177 1669 ei
1194 1609 1272 1668 babe-

195 1719 265 1760 mus
292 1712 485 1756 concessum.
526 1689 562 1750 ln
577 1689 703 1769 reliquo
725 1687 862 1750 rero'de
878 1700 966 1774 perte
983 1699 1089 1750 nostra
1113 1691 1166 1752 vel
1185 1700 1271 1752 vestra

195 1803 235 1843 ex
259 1788 365 1840 nostra
382 1771 582 1853 indulgentia
597 1771 656 1831 nisi
674 1770 792 1834 fuimus
810 1772 1003 1834 concessisse
1017 1781 1112 1854 atque
1138 1772 1262 1832 indulsis

196 1885 242 1936 se,
264 1866 370 1921 senet
394 1856 428 1914 in
459 1853 605 1915 omnibus
631 1853 843 1916 confirmasse.
882 1856 925 1916 Et
943 1861 979 1913 ut
1001 1853 1080 1916 haec
1100 1855 1270 1938 praeceptio

196 1953 300 2004 nostra
321 1937 441 1999 firmior
465 1944 653 2017 appareatur
668 1944 700 1996 et
717 1957 778 2017 per
792 1945 934 2018 tempora
950 1949 1168 2018 conservetur,
1188 1959 1271 2000 mann

197 2036 303 2088 nostru
318 2019 446 2108 proprie
464 2017 572 2078 subter
589 2037 659 2077 eam
679 2018 879 2080 decrevimus
903 2018 1079 2082 adfirmare.

465 2123 606 2185 Relatum
627 2123 716 2207 quod
735 2125 854 2186 dicitur
872 2127 1010 2209 apennis.

275 2242 395 2309 XLVl.
436 2241 505 2302 blos
527 2238 686 2299 nobilium
709 2241 924 2301 Romanorum
951 2240 1116 2319 adsuerit,
1144 2251 1175 2304 et
1200 2242 1268 2302 ratic
1320 2309 1321 2324 ,

195 2332 266 2392 iure
283 2325 443 2408 deposcit,
465 2331 501 2382 ut
525 2321 551 2384 si
575 2322 796 2404 cuiuscunque
825 2323 936 2384 domus
961 2323 1034 2406 igne
1055 2335 1223 2402 cremetur,
1247 2327 1268 2384 is

192 2435 252 2498 per
264 2411 378 2472 seriem
391 2407 620 2487 scripturarum
647 2404 822 2466 chartulam
843 2405 1027 2482 relationis,
1056 2407 1143 2486 quod
1165 2407 1268 2468 dicitnr

194 2494 343 2577 apennis,
364 2491 508 2572 recipiat.
558 2485 772 2565 Quamobrem
803 2509 876 2548 cum
903 2487 1038 2568 quadam
1064 2489 1118 2548 die
1146 2488 1267 2550 inluster

194 2580 251 2640 ille
269 2579 381 2637 Comes
397 2574 436 2632 ad
454 2571 627 2632 multorum
646 2590 753 2630 causas
771 2569 967 2630 audiendum
986 2570 1038 2631 vel
1058 2580 1144 2630 recta
1162 2569 1266 2631 iudicia

193 2656 430 2724 terminandum
448 2675 512 2714 una
535 2673 608 2713 cum
633 2651 778 2732 pluribus
798 2651 943 2731 personis
970 2652 1141 2724 resideret;
1170 2653 1266 2734 ibique

193 2743 327 2806 veniens
337 2737 433 2797 bomo
445 2734 561 2816 aliquis
575 2734 702 2794 nomine
713 2733 768 2794 ille
778 2734 919 2814 suggerit
934 2733 1043 2793 intulit
1057 2755 1095 2796 eo
1108 2735 1190 2816 quod
1203 2745 1265 2794 ante

192 2825 254 2885 hos
270 2822 354 2896 dies,
377 2839 451 2877 casu
472 2817 631 2894 faciente,
653 2837 721 2876 casa
736 2837 792 2876 sne
814 2836 888 2874 cum
904 2816 990 2876 omni
1004 2815 1115 2876 mobili
1130 2862 1139 2894 ,
1160 2817 1207 2877 vel
1221 2817 1264 2876 in·

195 2905 353 2970 trodomo
379 2897 583 2978 compendia,
613 2919 670 2959 seu
693 2907 726 2958 et
747 2906 921 2958 strumenta
951 2897 1131 2959 chartarum
1160 2899 1265 2960 ibidem

195 2989 269 3070 igne
296 2988 496 3043 cremassent.
536 2980 575 3040 ΕΙ
596 2981 671 3061 quia
688 2979 744 3039 ille
764 2979 862 3039 iudex
877 2981 930 3040 vel
950 2979 1049 3042 vicini
1068 3002 1213 3063 pagenses
1228 2981 1265 3062 ip-

194 3071 260 3148 sius
279 3065 317 3123 ad
335 3081 484 3142 praesens
502 3061 668 3123 venientes
686 3062 729 3122 ita
748 3060 900 3122 dixerunt
918 3061 970 3122 vel
983 3063 1266 3124 testimoniaverunt

195 3148 281 3232 qnod
300 3145 339 3204 ad
355 3143 416 3202 boc
432 3143 608 3204 ridendum
621 3152 826 3219 accesserant,
842 3143 887 3204 sic
901 3164 976 3204 vero
996 3154 1029 3205 et
1043 3155 1148 3205 actum
1160 3145 1263 3220 aderat,

193 3232 239 3294 sic
258 3225 457 3308 supradictus
476 3224 532 3284 ille
550 3225 663 3288 Comes
679 3226 732 3285 vcl
748 3224 882 3306 reliquis
899 3225 1016 3286 francis
1032 3227 1174 3309 personis
1190 3227 1262 3286 iusta

192 3307 389 3397 praesorium
406 3316 555 3388 retroque
570 3307 829 3387 praecedentium
845 3306 986 3367 chartola
1002 3308 1175 3386 relationis,
1194 3329 1261 3390 qnae

193 3394 311 3458 dicitnr
330 3389 484 3470 apennis,
507 3387 537 3448 ei
559 3390 634 3450 dare
650 3389 880 3464 decreverunt,
902 3399 938 3448 ut
952 3389 1109 3472 quicquid
1125 3411 1163 3452 cx
1178 3399 1262 3452 acces-

193 3477 282 3539 sione
299 3482 468 3553 pareutnm
480 3479 533 3530 aut
549 3491 589 3530 ex
611 3479 777 3532 contractu
796 3470 946 3548 habebat,
968 3482 1031 3532 tarn
1049 3494 1109 3556 per
1125 3472 1262 3532 venditio·

195 3579 267 3632 nes,
290 3553 465 3628 cessiones,
487 3551 624 3630 iudicia,
647 3552 902 3630 obnoxiationes,
927 3553 1110 3631 cautiones,
1140 3576 1262 3626 commn-

193 3638 351 3712 tationes,
373 3657 429 3696 sen
441 3636 528 3718 quod
545 3656 604 3718 per
622 3634 753 3696 caeteris
774 3635 939 3716 scripturis
963 3636 1002 3698 ad
1026 3658 1099 3700 eum
1117 3637 1262 3734 pervenit,

193 3719 358 3784 dominum
384 3719 434 3778 vel
458 3726 613 3800 potestate
628 3716 738 3798 inceps
758 3716 965 3798 perveniatur
985 3717 1018 3778 in
1039 3741 1097 3778 suo
1117 3740 1183 3780 rnre
1206 3720 1262 3778 abs-

194 3823 259 3886 que
282 3799 504 3880 refragationis
523 3799 572 3860 vel
593 3797 816 3860 modolationis
837 3798 870 3858 in
886 3821 944 3860 suo
960 3810 1182 3881 permancant,
1202 3801 1264 3862 vici·

194 3907 307 3946 narum
320 3904 417 3942 manu
435 3881 563 3963 propriu
577 3881 686 3944 subter
704 3879 924 3944 roboravimus
951 3892 982 3944 et
1006 3891 1079 3966 post
1102 3893 1205 3945 nostro
1220 3905 1263 3944 ro·

152 3967 155 3976 ’
192 3969 305 4030 borare
329 3965 539 4028 decrevimus.

638 4041 853 4111 Hereditoria.

272 4159 411 4226 XLVII.
452 4158 643 4222 Dulcissima
659 4155 725 4216 filia
743 4177 812 4218 mea
830 4157 906 4238 illa,
928 4157 996 4220 ille.
1035 4163 1121 4224 Dum
1144 4177 1203 4224 non
1225 4170 1263 4222 est

194 4246 406 4331 incognitum,
433 4242 488 4306 sed
515 4261 574 4326 per
601 4239 757 4326 populum
782 4239 985 4329 devulgatum
1012 4253 1044 4308 et
1069 4247 1263 4332 patefactam,
