2712 4992
493 250 737 316 snnott'ntcse

76 441 170 492 mus,
193 411 318 498 aliquid
339 424 431 491 agere
448 400 500 465 rel
518 398 677 478 refragare
709 386 885 464 conaverit,
908 383 990 448 illud
1002 379 1091 466 qnod
1130 399 1180 440 re·

74 501 161 590 petit
183 520 251 559 non
285 492 450 562 vindicet,
481 491 514 548 et
543 476 681 560 insuperl
698 482 810 540 contra
838 466 892 533 cui
918 469 1009 530 litem
1033 460 1184 525 intulerit

73 583 202 649 solidos
227 588 332 640 tantos
362 577 488 634 coactns
511 563 671 635 exsolvat,
714 566 748 618 et
778 554 840 615 hae
868 549 1019 632 epistolae
1045 543 1183 608 contuli·

75 665 199 741 tionis,
220 681 295 724 eum
325 649 531 736 stipulatione
566 641 756 725 Aquiliana,
793 633 909 696 nostris
937 631 989 693 rel
1022 629 1183 691 honorum

74 747 251 812 hominum
279 737 425 802 manibus
459 728 647 804 roboratae,
681 723 789 784 firmae
825 721 1046 801 permaneant.

485 862 567 922 Item
588 843 651 916 ulio
673 831 778 914 modo.

167 987 297 1058 XVIII.
321 972 440 1068 'Igitur
465 997 525 1058 ego
549 973 582 1035 in
599 967 661 1030 Dei
685 964 814 1027 nomine
837 961 893 1022 ille
912 957 1094 1022 dulcissima
1109 975 1185 1018 eon·

82 1084 144 1144 iux
169 1097 241 1136 mea
270 1070 347 1146 illa,
380 1067 466 1126 dono
491 1055 551 1118 tibi
578 1049 744 1135 perhanc
771 1043 937 1126 epistolam
962 1035 1186 1104 contulitionis

83 1167 238 1226 donatum
262 1174 301 1214 ne
326 1169 394 1211 esse
415 1143 489 1204 volo
508 1138 661 1200 locellum
683 1151 752 1192 rem
772 1124 972 1209 proprietatis
990 1143 1079 1184 meae
1099 1139 1187 1180 unn-

84 1251 224 1326 enpante
251 1237 321 1310 1110,
352 1230 448 1291 situm
472 1224 505 1282 in
530 1240 611 1302 pago
637 1215 707 1290 illo,
729 1232 802 1272 cnm
823 1207 929 1285 terris,
947 1201 1119 1279 aediliciis,
1137 1221 1188 1262 ao·

83 1325 230 1398 colahus,
251 1311 435 1396 mancipiis,
466 1302 606 1375 libertis,
635 1293 760 1369 vineis,
782 1289 890 1368 silvis,
912 1289 1029 1373 pratis,
1050 1282 1188 1365 pascuis,

83 1407 202 1492 aquis,
231 1414 425 1481 aquarumve
450 1383 637 1450 decursibus
650 1424 659 1456 ‚
681 1373 853 1438 mobilibus
886 1381 919 1433 et
947 1367 1189 1440 immobilibus,

85 1513 164 1555 cum
190 1483 337 1547 omnibus
363 1467 561 1558 appendiciis
583 1462 660 1537 suis,
682 1459 735 1521 vel
760 1454 846 1516 omni
866 1450 1083 1537 supraposito,
1099 1447 1190 1530 quic.

85 1571 168 1657 quid
188 1565 270 1628 inihi
290 1555 452 1646 praesenti
470 1561 613 1632 tempore
635 1565 705 1603 mea
719 1539 934 1601 videturesse
955 1533 1121 1616 possessio.
1141 1530 1191 1590 Ea

85 1657 168 1720 r'ero
193 1649 320 1712 ratione
343 1651 379 1702 ut
403 1638 430 1699 si
457 1645 493 1695 tu
519 1629 599 1690 mihi
627 1621 778 1706 suprestis
801 1617 921 1688 l'ueris,
948 1610 1190 1676 usufructuario

87 1734 205 1800 ordine
237 1731 318 1790 haee
346 1718 453 1786 omnia
484 1716 602 1796 absque
633 1703 825 1789 repetitione
859 1697 1018 1760 heredum
1045 1713 1192 1755 meorum

85 1822 154 1883 hoc
178 1825 288 1877 tenere
311 1817 345 1870 et
372 1799 534 1887 possidere
559 1791 683 1862 debeas.
723 1787 765 1848 Et
785 1790 856 1866 post
873 1789 965 1840 tuum
985 1798 1114 1860 quoque
1130 1775 1193 1835 dis.

92 1919 228 1974 cessum,
250 1884 429 1956 cumomni
448 1902 484 1942 re
505 1874 689 1940 emeliorata
710 1867 763 1929 vel
787 1862 1004 1945 supraposito,
1026 1860 1066 1919 ad
1088 1856 1193 1938 legiti-

94 2004 164 2044 mos
187 1979 268 2038 filios
286 1979 422 2044 nostros,
444 1963 501 2046 qni
523 1981 563 2022 ex
581 1955 671 2016 nobis
691 1946 848 2036 procreati
870 1944 1004 2018 fuerint,
1026 1949 1194 2003 revertan-

94 2076 160 2130 tur.
221 2055 378 2121 Similiter
401 2069 459 2130 ego
487 2045 520 2105 in
550 2030 611 2103 liei
643 2033 773 2096 nominc
808 2029 863 2090 illa
886 2025 1069 2088 dulcissimo
1093 2020 1194 2104 iugali

94 2167 169 2209 meo
190 2143 258 2204 illo.
299 2134 450 2216 Sequitur
462 2121 676 2210 supradictum
698 2127 829 2178 textum.
868 2111 911 2172 Et
927 2107 1010 2168 illud
1032 2106 1195 2166 internos

96 2233 239 2292 inserere
257 2216 408 2301 placuit,
442 2219 479 2270 nt
504 2207 531 2268 si
559 2200 658 2265 fuerit
682 2197 768 2258 nllus
801 2195 839 2256 de
869 2190 1042 2252 heredibus
1066 2186 1195 2263 nostris,

93 2311 149 2375 rel
172 2303 327 2391 quislibet
351 2314 486 2382 persona
510 2286 565 2370 qui
584 2281 766 2346 contrahas
788 2277 865 2338 duas
882 2271 1112 2335 eontulitiones
1129 2291 1196 2330 uno

93 2405 209 2457 tenore
231 2381 426 2462 conscriptas
446 2369 570 2453 aliquid
589 2385 681 2445 agere
698 2362 749 2423 rel
771 2359 931 2438 refragare
950 2349 1198 2436 praesumpserit

96 2474 182 2537 illud
198 2467 288 2553 quod
308 2460 427 2546 repetit
447 2477 513 2516 oon
534 2449 688 2524 vindicet,
721 2452 753 2504 et
778 2441 909 2519 insuper
934 2445 1046 2498 contra
1072 2433 1126 2492 cni
1155 2431 1195 2490 li-

95 2571 165 2622 tem
187 2547 338 2613 intulerit
360 2541 479 2605 solidos
500 2542 604 2594 tasntos
629 2531 809 2608 componat,
831 2529 863 2580 et
882 2517 942 2586 hae
968 2513 1198 2577 contulitiones

97 2637 215 2702 nostris
237 2629 291 2693 vel
316 2629 475 2688 honorum
492 2614 659 2678 hominum
677 2605 822 2668 manibus
846 2599 1023 2676 roboratae,
1049 2590 1123 2658 cum
1139 2593 1198 2655 sti-

96 2719 264 2809 pulatione
290 2708 437 2784 subnixa,
455 2703 566 2763 firmae
587 2697 804 2778 permaneant.

496 2826 652 2890 Libellum
675 2817 810 2904 repudii,

183 2957 275 3026 XIX.
317 2949 422 3020 Certis
443 2942 539 3006 rebus
557 2949 589 3001 et
608 2932 747 3019 probatis
770 2928 873 2992 causis
893 2926 980 2987 inter
1002 2922 1149 2986 maritum
1169 2929 1203 2984 et

104 3067 239 3112 uxorem
263 3027 457 3121 repudiandi
487 3026 576 3087 locus
603 3027 712 3102 patet*
743 3013 867 3075 Idcirco
894 3010 971 3069 dnm
996 3007 1080 3066 inter
1108 3005 1203 3066 illum

104 3143 139 3194 et
162 3125 330 3206 coniugem
357 3133 446 3178 snam
465 3108 554 3169 illam
577 3123 641 3162 noo
668 3096 779 3160 caritas
807 3091 984 3156 secundum
1013 3091 1118 3149 Deum
1144 3087 1202 3148 sed

104 3207 265 3276 dIseordia
288 3206 419 3282 regnat,
443 3201 475 3253 et
497 3190 626 3248 illorum
645 3181 735 3240 nulla
756 3187 803 3239 est
823 3177 970 3236 voluntas
991 3169 1111 3253 pariter
1121 3156 1204 3230 'con-

104 3289 277 3365 versandi,
304 3277 428 3368 placuit
453 3273 596 3352 utrisque
622 3260 840 3326 voluntatibus
867 3265 903 3316 ut
930 3274 963 3314 se
995 3255 1012 3314 a
1042 3251 1203 3314 consortio

104 3371 268 3454 coniugali
292 3388 324 3430 se
349 3379 437 3422 arare
468 3353 631 3417 deberent.
672 3343 768 3421 Quod
787 3342 830 3401 ita
850 3350 882 3400 et
901 3337 1059 3398 fecerunt.
1099 3337 1204 3416 Prop.

105 3471 194 3524 terea
216 3455 271 3514 has
293 3443 441 3531 epistolas
462 3458 528 3498 uno
547 3444 658 3494 tenore
686 3424 883 3505 conscriptas,
902 3419 988 3479 inter
1011 3438 1043 3478 se
1071 3415 1142 3476 fieri
1173 3423 1206 3476 ot

107 3539 273 3602 adfirmare
293 3525 568 3595 decreverunt,nt
586 3508 742 3594 quiequid
763 3501 984 3590 unusquisque
1009 3520 1048 3558 ex
1074 3496 1150 3580 ipsis
1163 3497 1205 3558 de

108 3619 277 3699 semetipso
298 3614 403 3673 facere
425 3599 574 3676 voluerit,
594 3593 710 3673 absque
730 3588 920 3671 repetitione
949 3580 1028 3643 socii
1054 3581 1103 3642 sui
1127 3580 1207 3640 libe.-

107 3726 177 3768 ram
202 3698 314 3766 habeat
331 3695 537 3775 potestatem,
559 3687 592 3740 et
615 3674 738 3736 nullam
753 3667 995 3752 requisitionem
1018 3684 1123 3745 neque
1145 3661 1206 3744 ipsi

107 3779 150 3850 in¹
181 3789 277 3866 caput
315 3791 423 3854 neque
455 3765 534 3826 ulla
564 3757 715 3842 quislibet
755 3771 890 3836 persona
929 3745 1048 3807 exinde
1083 3745 1203 3805 habere

107 3891 173 3932 non
195 3862 406 3948 pertimescat.
447 3845 544 3927 Quod
569 3841 626 3924 qui
645 3845 756 3899 contra
772 3853 881 3917 parem
899 3850 992 3890 sunm
1019 3827 1072 3886 vel
1095 3834 1207 3888 contra

109 3952 210 4012 alium
233 3933 459 4026 quemcunque
481 3925 644 3988 hominem
662 3920 761 3979 ullam
777 3912 1004 3997 repetitionem
1027 3907 1145 3969 exinde
1163 3911 1208 3967 fa-

109 4052 183 4096 cere
206 4021 382 4098 conaverit,
398 4010 540 4099 partibus
562 4004 650 4067 illius
670 4009 779 4063 contra
807 3996 870 4072 eui
883 3993 972 4054 litem
991 3989 1140 4052 intulerit
1160 4012 1209 4050 so·

110 4115 193 4177 lidos
218 4117 321 4171 tantos
343 4101 521 4180 componat,
542 4097 575 4151 et
599 4107 655 4148 sna
676 4080 826 4166 repetitio
851 4076 978 4137 nullum
1000 4070 1142 4133 obtineat
1158 4073 1208 4132 el’-

109 4199 247 4263 fectunn
284 4184 340 4251 sed
369 4175 589 4260 unusquisque
615 4188 654 4232 ex
681 4165 757 4252 ipsis
781 4182 840 4248 per
865 4153 955 4222 hunc
985 4154 1132 4220 libellum
1153 4168 1207 4216 re.
