2786 4980
267 359 303 416 n.
321 356 402 414 cun
510 348 640 411 uranu
657 353 879 412 rasuconnu
985 353 1047 409 ass.
1176 331 1223 406 41

115 507 151 562 et
172 478 389 580 quaecunque
417 502 529 556 essent
547 496 652 560 eidem
671 495 836 558 Ecclesiae
856 494 1021 580 prolicua,
1044 501 1081 554 ut
1096 499 1228 556 strenue

114 589 348 662 exequeretur,
377 577 579 640 unanimiter
598 587 843 661 praeceperunt.

113 687 208 760 (Duo
229 685 382 745 Monncbi
405 684 606 760 Presbyteri,
630 685 801 766 Pippinnm
828 701 844 740 e
865 681 899 741 S.
922 679 1075 740 Meclardi
1097 681 1229 740 Mones·

137 769 220 851 terio
251 766 409 828 abducere
437 768 560 842 conati,
588 765 728 850 depositi
749 779 839 846 atqrte
865 765 898 822 in
925 763 1054 822 diversa
1075 766 1208 824 blenos-

549 850 629 908 terio
651 849 806 926 relegati.)

201 930 248 997 V.'
288 931 376 992 Ante
394 930 458 991 boc
470 942 592 1010 tempus
612 930 789 990 venerandi
802 927 956 1002 Concilii,
969 927 1134 988 obtinente
1155 928 1228 1008 Pip-

116 1013 216 1100 pino,
240 1012 378 1095 Pippini
402 1015 496 1095 Regis
518 1013 574 1072 filii
596 1012 793 1072 Hludonrici
822 1011 954 1093 piissimi
982 1010 1116 1086 bugasti
1146 1011 1224 1087 lilio,

124 1095 357 1178 Aquitaniam,
386 1096 480 1156 etiam
505 1096 724 1156 consentiente
742 1095 904 1154 avunculo
920 1094 988 1152 cius
1011 1093 1148 1172 glorioso
1163 1095 1227 1151 lte-

129 1201 170 1262 ge
193 1178 326 1254 Karolo,
354 1177 406 1238 cui
429 1179 536 1239 eadem
556 1177 724 1257 provincia
740 1176 773 1235 in
794 1187 916 1258 partem
939 1176 1106 1250 obtigerat,
1128 1176 1230 1234 ecele-

127 1261 256 1322 siastica
279 1260 446 1341 disciplina
468 1269 499 1320 et
518 1260 648 1320 militari
674 1259 798 1336 soluta,
820 1261 930 1320 eadem
952 1259 1040 1336 regio
1060 1279 1076 1313 a
1094 1256 1159 1316 suis
1177 1257 1230 1314 in-

128 1341 256 1422 digenis
277 1342 368 1402 valde
388 1351 503 1402 vastata
522 1351 579 1418 est,
602 1352 634 1402 et
656 1342 749 1401 multi
773 1341 842 1403 lllic
867 1342 997 1417 impune
1023 1339 1136 1398 illicita
1156 1359 1230 1419 per-

120 1433 303 1507 petrarunt.
345 1424 490 1484 Tandem
512 1425 688 1506 aliquando
708 1425 900 1506 respiciente
914 1426 983 1482 Deo
1000 1421 1154 1502 populum
1175 1441 1230 1478 su-

121 1527 191 1580 um,
211 1504 297 1564 idem
317 1505 477 1588 Pippinus
494 1530 512 1565 a
533 1506 598 1568 suis
619 1517 822 1588 contemptus
840 1514 873 1566 et
891 1507 1047 1578 desertus,
1069 1514 1164 1583 atalae
1195 1501 1228 1560 in

119 1596 315 1672 potestatem
339 1587 494 1648 avunculi
519 1589 570 1650 sui
588 1589 701 1650 Karoli
726 1589 892 1664 redactus,
915 1586 1050 1646 consilio
1077 1604 1229 1646 reveren·

123 1669 332 1731 dissimornm
353 1671 549 1732 Pontificum
570 1681 601 1732 et
622 1673 799 1733 Procerum
823 1681 982 1744 attonsus,
1006 1677 1038 1728 et
1063 1666 1094 1726 in
1120 1667 1231 1726 babitu

122 1751 319 1812 monachico
340 1753 379 1813 ad
402 1753 631 1815 monasterium
654 1753 756 1816 sancti
779 1753 923 1816 bledardi
946 1750 1174 1810 custodiendus
1200 1756 1233 1807 et

130 1835 298 1895 docendus
330 1835 486 1898 deductus
511 1845 567 1896 est.
610 1835 658 1916 lbi
683 1838 747 1897 duo
776 1837 907 1917 quidam
932 1832 1081 1894 blonacbi
1110 1832 1231 1907 babitu,

131 1917 184 1978 sui
203 1917 355 1997 propositi
375 1918 431 1977 vir
454 1919 654 1980 credibiliter
672 1930 929 2000 transgressores,
953 1916 1100 1974 ardentes
1119 1915 1233 1972 immo-

134 1999 208 2058 dica
230 1999 413 2077 cupiditate,
437 2001 576 2061 eundem
597 2002 772 2083 Pippinum
792 2001 949 2060 abducere
966 1997 1071 2058 conati
1096 2006 1181 2070 sunt,
1201 2003 1235 2053 ct

128 2101 245 2162 pacem
260 2079 433 2141 Christiani
452 2081 566 2166 populi
583 2084 746 2166 dissipare.
788 2084 876 2159 Quos
890 2081 1109 2164 praesentibus
1130 2080 1234 2138 diver·

127 2185 242 2222 sorum
265 2164 494 2224 coenobiorum
509 2161 666 2248 religiosis
689 2166 879 2242 Abbatibus,
902 2175 933 2225 et
957 2186 1083 2224 causam
1103 2158 1234 2222 subtili-

127 2254 181 2304 ter
203 2246 292 2304 iuxta
317 2248 462 2328 regulam
486 2249 571 2308 beati
600 2249 766 2310 Benedicti
798 2247 1070 2322 emnninantibus,
1100 2262 1234 2305 concors

127 2327 337 2408 congregatio
359 2329 463 2390 sancti
490 2331 633 2391 Medardi
659 2354 676 2390 a
696 2355 751 2392 sua
771 2331 979 2389 unanimitate
997 2327 1165 2410 praecidit,
1185 2333 1235 2384 at-

128 2419 244 2470 testata
265 2431 297 2468 se
319 2411 356 2470 ab
381 2411 498 2472 horum
518 2413 652 2473 crimine
666 2414 771 2496 ,longe
793 2413 962 2484 absistere,
993 2411 1079 2491 quod
1105 2410 1234 2468 usitatas

122 2491 245 2572 'culpas
263 2491 326 2550 iam
346 2493 423 2554 inde
446 2495 485 2556 ab
510 2494 602 2554 initio
621 2494 716 2555 huius
732 2495 899 2578 religionis
921 2492 1151 2553 blonacborum
1171 2511 1236 2548 om·

131 2574 235 2651 nium,
257 2585 387 2655 praeter
411 2577 565 2636 duntaxat
585 2577 739 2661 Eutychis
766 2588 798 2639 et
825 2578 960 2635 aliorum
985 2573 1235 2645 baereticorum,

130 2657 229 2716 facile
254 2668 429 2736 superaret.
470 2660 597 2720 Eiectos
629 2661 716 2721 iussu
745 2658 939 2721 venerabilis
958 2655 1114 2728 Rotbadi,
1137 2655 1237 2712 Sues-

131 2738 258 2798 sionum
284 2739 456 2821 Episcopi,
478 2742 518 2802 ad
543 2743 664 2824 Synodi
683 2741 878 2804 audientiam
900 2737 1154 2799 brcbidiaconus
1184 2735 1237 2792 de·

131 2819 241 2890 dmin
275 2830 307 2880 et
339 2823 453 2901 partim
480 2825 639 2902 confessi,
669 2825 784 2908 partim
817 2823 959 2882 convicti
989 2815 1237 2898 conspirationis

127 2903 253 2960 malum
269 2913 478 2984 perpetrasse,
500 2909 668 2967 Canonum
695 2907 864 2968 severitate
887 2902 1021 2984 depositi
1036 2908 1127 2969 sunt;
1148 2900 1239 2957 Pres-

127 2983 238 3065 byteri
258 2985 378 3066 quippe
402 2998 503 3066 erant,
526 2999 558 3049 et
576 2991 744 3070 separatim
767 2990 800 3049 in
820 2987 1009 3048 monasteria
1032 2981 1081 3044 sni
1105 2980 1238 3042 Ordinis

127 3067 231 3145 longe
250 3067 399 3127 distantia
417 3072 571 3151 relegati,
601 3081 637 3131 ut
665 3071 817 3152 deinceps
845 3093 939 3131 nemo
961 3070 1024 3130 tale
1049 3065 1129 3148 quid
1152 3084 1238 3124 com-

127 3149 263 3208 mittere
284 3150 429 3228 auderet,
451 3153 513 3214 nisi
535 3153 593 3236 qui·
614 3152 730 3214 similia
751 3155 877 3237 perpeti
899 3175 964 3213 nou
985 3152 1123 3212 timeret.

126 3253 199 3328 (De
217 3252 426 3334 Ragamfrido
448 3257 607 3328 Diacono,
631 3259 686 3339 qui
699 3271 868 3341 praecepta
883 3258 975 3340 salsa
998 3256 1083 3333 regio
1111 3256 1236 3314 nomine

485 3339 666 3400 condidisse
687 3341 876 3419 dicebatur).

213 3441 271 3504 Vl.
312 3444 387 3505 Post
403 3440 483 3503 baec
504 3443 748 3524 gloriosissimus
766 3445 910 3502 Domnus
928 3443 997 3501 Rex
1017 3440 1155 3500 Karalus
1178 3462 1235 3501 co-

128 3543 200 3582 ram
219 3544 307 3584 sacra
336 3525 467 3606 Synoslo
487 3527 649 3606 quendam
669 3527 849 3585 Diaconum
871 3523 1037 3584 Rernensis
1058 3523 1235 3598 Ecclesiae,

128 3605 263 3666 nomine
285 3608 541 3689 Ragaml'ridum‚
580 3608 718 3689 impetiit
743 3608 830 3686 qnod
854 3615 1024 3686 praecepta
1044 3605 1123 3662 falsa
1144 3603 1235 3683 regio

129 3689 264 3748 nomine
288 3691 511 3771 compillasset,
533 3690 616 3750 sicut
638 3691 676 3749 ad
699 3711 771 3748 eum
789 3691 999 3768 quorumdam
1021 3685 1236 3765 suggestioni-

128 3767 190 3829 bus
210 3779 243 3830 et
260 3771 487 3832 verisimilibus
512 3766 642 3833 indiciis
662 3780 744 3832 esset
760 3772 926 3851 perlatum,
971 3769 1062 3826 Unde
1083 3768 1156 3846 quia
1178 3771 1237 3848 pu-

129 3860 234 3910 tatum
249 3862 297 3912 est
313 3855 502 3934 quibusdam
522 3853 811 3935 significationibus
829 3863 865 3912 nt
884 3851 1105 3934 purgationem
1125 3849 1174 3908 sni
1192 3851 1236 3909 is-

130 3931 206 3992 dem
230 3934 391 3996 Diaconos
409 3937 628 4018 subterfugere
653 3935 817 4013 voluisset,
840 3935 910 3994 aliis
928 3936 1022 3994 aliter
1044 3931 1238 4007 dicentibus,

132 4016 238 4078 visum
255 4027 304 4076 est
322 4017 469 4080 omnibus
490 4020 523 4078 in
550 4021 663 4079 eodem
692 4039 782 4078 sacro
805 4027 969 4080 conventu
992 4013 1182 4093 degentibus
1204 4022 1242 4074 ut

133 4097 172 4156 ab
190 4099 277 4157 omni
304 4101 451 4160 Concilio
473 4101 799 4161 illi‘interdiceretur
823 4115 863 4161 nc
892 4123 909 4160 a
931 4096 1064 4180 parochi
1090 4095 1241 4157 Remensi

132 4199 263 4262 quoquo
284 4185 379 4243 modo
401 4183 665 4266 praesumpsisset
688 4182 879 4261 abscedere,
915 4183 1019 4243 donec
1046 4198 1079 4238 sc
1108 4177 1147 4237 ab
1175 4179 1241 4241 illis

133 4281 213 4342 quae
236 4263 268 4328 ei
290 4265 552 4352 impingebantur
564 4265 718 4329 idoneum
740 4267 912 4346 redderet,
944 4263 997 4328 vel
1022 4271 1244 4348 competenter
