2786 4980
203 293 253 370 46
403 313 436 370 s.
468 311 553 370 cun.
655 310 899 368 enarramus
999 307 1060 368 sss.

509 484 815 547 TITULUS
875 479 993 546 XII.

438 601 590 666 Sauo-nr
639 622 740 662 arun
803 601 1070 667 vantsumu.

200 724 312 795 Haec
349 745 443 814 qaue
466 733 667 812 sentiuntur
694 717 939 810 diffinitiones
963 719 1003 790 in
1029 719 1180 809 Synodo
1205 723 1293 814 opud

204 823 437 894 Vermerinm
461 821 646 912 palatium
666 818 826 903 ,bolita,
855 831 963 887 actae
995 829 1084 886 sunt
1117 844 1213 888 anno
1236 846 1291 888 su-

194 921 445 1017 prascriptio,
470 920 509 986 in
535 942 656 986 mense
681 917 867 1008 Augusto,
889 917 1095 986 indictione
1114 920 1289 1011 praefatu.

199 1050 407 1127 (Herimonno
417 1093 429 1121 ,
450 1059 615 1130 postquam
636 1045 832 1204 convulsam)
850 1044 1011 1106 Ecclesiae
1041 1067 1116 1106 suae
1154 1045 1291 1132 disposito

670 1138 820 1190 restituta.

277 1246 305 1310 Ῑ·
348 1213 530 1326 Omnibus
551 1273 677 1326 sanctae
700 1263 883 1326 dilectionis
916 1265 1069 1329 iratribus
1099 1267 1140 1328 ad
1165 1289 1289 1350 quorum

199 1354 279 1415 haec
300 1347 453 1435 poterunt
474 1348 640 1430 pervenire
664 1346 821 1425 notitiam,
843 1349 977 1410 Wenilo
999 1351 1178 1423 Senonum,
1199 1353 1287 1410 Hinc.

200 1459 306 1498 marus
337 1439 527 1505 Remorum,
551 1430 669 1490 Paulus
703 1430 1004 1516 Rotomagensium,
1039 1432 1290 1493 AmalricusTu-

200 1541 334 1594 ronam,
358 1511 615 1593 Arcbiepiscopi,
648 1512 805 1572 Pardulus
827 1512 1118 1592 Lugdunensium,
1153 1515 1290 1575 Teutbnl·

203 1603 262 1662 dus
286 1601 488 1681 Lingonum,
511 1595 691 1652 Hucbertus
713 1593 940 1671 Meldensium,
963 1593 1173 1678 Ansegaudus
1194 1597 1291 1656 Abrin-

203 1693 328 1758 catum,
371 1675 553 1740 Hrotbadus
592 1675 814 1751 Suessionum,
849 1676 950 1736 lmmo
980 1677 1288 1760 Noviomagensium,

203 1763 406 1825 Hilmeradus
425 1757 705 1828 Ambianensium,
726 1759 945 1818 Yrminfridus
965 1758 1217 1834 Belvacensium,
1240 1761 1288 1822 Er·
1349 1829 1350 1846 χ

201 1847 319 1928 poinus
341 1839 655 1914 silvanectensium,
684 1839 859 1900 Baltfridus
891 1841 1169 1919 Baiocacensium,
1200 1846 1289 1902 Gunt-

200 1930 310 1990 bertus
331 1922 584 1998 Ebrocensium,
605 1921 758 1982 Eirardus
780 1921 1038 1997 Lixoviensium,
1061 1925 1290 1984 ErloinusCon·

200 2010 352 2085 stantiae,
383 2004 622 2066 Hildebranuus
661 2005 833 2084 Sagorum,
866 2005 1064 2066 Godelsadus
1096 2008 1288 2068 Cabillonen-

199 2095 298 2168 sium,
313 2092 413 2150 lonas
439 2087 638 2162 Aeduorum,
660 2087 849 2166 Braidingus
870 2087 1172 2165 Matisconensium,
1203 2086 1286 2167 Agius

198 2169 481 2237 Aurelianensium
503 2167 670 2249 Episcopi,
694 2169 780 2248 apud
805 2168 1002 2261 Vermeriam
1034 2173 1188 2251 palatium
1213 2170 1286 2228 iussu

201 2256 332 2339 gloriosi
361 2249 522 2330 Principis
550 2249 681 2326 Karoli,
716 2272 802 2310 anno
839 2251 877 2310 ab
917 2250 1139 2314 incarnatione
1171 2247 1285 2312 Domini

199 2360 348 2411 neceam,
372 2333 554 2394 Indictione
577 2331 695 2412 prima,
718 2354 750 2390 vr
772 2332 911 2393 Kalend.
934 2333 1153 2416 Septembris,
1184 2333 1214 2392 in
1236 2352 1284 2390 no-

198 2421 286 2480 mine
309 2417 452 2478 eiusdem
473 2413 601 2474 Domini
624 2413 724 2474 nostri
747 2415 818 2474 Iesu
842 2410 961 2476 Christi
991 2417 1188 2498 synodaliter
1218 2433 1284 2474 con-

199 2501 339 2586 gregati,
362 2499 507 2560 salutem.
548 2495 665 2555 Notum
686 2497 877 2557 fraternitati
899 2507 1019 2558 vestrae
1048 2498 1121 2558 fieri
1153 2498 1283 2558 volumus

199 2586 276 2668 quia
298 2603 402 2663 nuper
423 2577 557 2641 instanti
580 2600 665 2638 anno
685 2600 744 2659 per
763 2587 965 2659 praesentem
985 2580 1123 2660 primam
1145 2577 1282 2639 indictio·

199 2689 274 2728 nem
295 2664 380 2748 apud
404 2663 515 2723 urbem
537 2661 762 2736 Suessionum,
786 2661 909 2722 decimo
932 2662 1092 2724 Kalendas
1124 2662 1228 2736 Maias,
1248 2656 1281 2716 ad

198 2750 363 2832 Synodum
386 2744 638 2818 convenientes,
661 2743 712 2803 cui
734 2764 822 2803 sacro
853 2743 1028 2804 couventui
1057 2746 1143 2805 idem
1176 2740 1267 2825 glorio

197 2854 251 2893 sus
271 2833 339 2892 Rex
360 2850 449 2890 suam
472 2837 519 2888 est
539 2825 687 2906 dignatus
709 2825 861 2886 exhibere
882 2827 1105 2904 prasescntiam,
1128 2829 1210 2887 inter
1222 2842 1282 2884 cae·

197 2924 267 2975 tera
288 2907 501 2972 ecclesiastica
524 2907 670 2988 negotia,
695 2908 733 2967 de
756 2906 932 2966 venerabili
953 2909 1050 2968 fratre
1073 2920 1181 2970 nostro
1200 2901 1282 2966 Heri·

197 3015 333 3066 manno,
357 2990 565 3050 Nivernensis
586 2988 673 3048 urbis
695 2989 876 3070 Episcopo,
899 2992 1127 3068 quaestionalis
1150 3001 1195 3052 est
1212 2985 1282 3048 ratio

198 3077 292 3136 nobis
314 3074 427 3134 oblata.
469 3070 633 3132 Videlicet
653 3071 728 3152 quia
751 3069 933 3130 infirmitate
962 3084 1211 3156 praeoccupatus
1235 3087 1283 3128 seu

197 3157 411 3242 praepeditus.
425 3173 594 3234 corporea,
617 3173 710 3232 saepe
733 3152 893 3233 ineptire,
924 3163 957 3212 et
977 3155 1134 3234 quaedam
1153 3173 1230 3237 quae
1250 3145 1283 3208 ad

200 3239 403 3318 naufragium
417 3256 525 3294 rerum
547 3243 578 3293 et
598 3235 784 3293 facultatum
807 3234 1094 3296 ecclesiasticarum
1115 3237 1282 3320 pertinere,

197 3333 293 3401 atque
315 3320 354 3380 ad
375 3317 581 3378 salvationem
602 3339 638 3376 ac
660 3317 798 3376 debitam
827 3339 882 3378 seu
914 3318 1137 3379 rationabilem
1167 3319 1283 3398 dispeu-

198 3405 353 3465 satiouem
371 3400 526 3480 impedire
546 3406 712 3479 poterant,
736 3400 795 3458 uisi
821 3398 920 3460 celeri
947 3401 1089 3461 remedio
1106 3403 1282 3462 subventum

197 3489 300 3560 foret,
325 3503 416 3564 agere
435 3482 607 3543 indiscrete
623 3482 750 3542 soleret.
773 3482 873 3540 Cuius
897 3484 1108 3563 suggestionis
1133 3491 1216 3544 certa
1233 3497 1282 3538 ex-

197 3569 452 3652 perimentorum
467 3565 658 3624 documenta
672 3561 854 3623 evidentius
868 3565 1110 3643 perquirentes,
1134 3565 1283 3644 aliquanta

196 3651 380 3713 invenimus
390 3668 471 3728 quae
483 3646 573 3706 nobis
582 3645 676 3706 fidem
687 3647 836 3704 fecerunt
847 3645 916 3704 aliis
927 3667 1007 3725 quae
1019 3647 1216 3708 audieramus
1226 3660 1284 3702 sen·
1347 3699 1348 3710 ,

197 3758 267 3797 sum
282 3729 528 3792 accommodare.
551 3728 643 3788 Unde
654 3728 831 3789 secundum
840 3727 928 3807 quod
940 3731 972 3786 in
985 3729 1194 3789 decretalibus
1209 3722 1284 3805 epis‘

197 3819 272 3878 tolis
295 3814 379 3874 beati
405 3809 554 3890 Gregorii
570 3812 716 3890 exemplo
729 3810 923 3888 reperimus,
946 3811 1112 3871 statuimus
1132 3813 1179 3872 illi
1198 3824 1282 3868 oeco-

198 3920 330 3960 nomum
349 3895 561 3977 persuadere,
583 3890 640 3970 qui
659 3893 688 3952 ei
708 3892 891 3970 suffragium
910 3902 942 3950 et
960 3892 1122 3954 Ecclesiae
1137 3893 1195 3956 sibi
1212 3905 1283 3947 conr·

177 3983 310 4044 ‘missae
338 3976 513 4038 custodiam
539 3974 678 4032 debitam
708 3984 740 4034 et
770 3973 957 4032 canonicam
980 3973 1163 4051 exhiberet,
1192 3973 1282 4033 donec

199 4073 364 4125 annuente
385 4058 525 4120 Domino
541 4054 641 4116 isdem
658 4057 757 4114 frater
778 4055 974 4116 venerabilis
995 4056 1011 4114 d
1035 4079 1090 4116 sua
1114 4054 1282 4117 infirmitate

200 4141 646 4227 optabiliterconvalesceret.
689 4137 753 4197 Sed
769 4139 921 4218 quoniam
934 4137 1115 4198 intimatum
1143 4149 1187 4202 est
1204 4127 1282 4196 uoltis

200 4230 234 4291 in
249 4248 305 4288 sua
325 4222 471 4288 Ecclesia
491 4221 652 4284 nemiuem
668 4240 759 4302 posse
776 4220 912 4304 reperiri
935 4219 991 4303 qui
1013 4220 1144 4282 iuterim
1158 4217 1281 4284 eundem
