2746 4992
157 275 232 350 268
389 298 420 352 Δ,
438 295 518 351 cua.
630 295 866 348 carrruaaau
971 294 1033 350 ast.

158 438 206 507 qui
230 435 377 507 quaesierit
393 433 522 487 facundia
539 432 700 490 deservitio
722 433 796 489 illius
813 433 922 488 dicendi
945 452 1000 488 nou
1016 433 1140 499 habeat,
1170 443 1199 486 et
1220 436 1263 488 ia-

156 523 237 575 rupcr
255 517 383 578 utsupra
401 505 525 558 bannum
542 513 664 558 nostram
681 505 724 557 illi
748 515 911 577 componat,
938 515 968 559 et
990 505 1120 558 iustitiam
1148 505 1264 577 pleniter

157 577 248 630 iaciat.
913 587 916 598 '

225 641 307 696 vul,
341 643 377 696 Et
393 649 458 696 sunt
475 642 511 694 ali
534 643 581 695 uid
599 643 664 694 dum
684 642 731 694 alii
751 643 780 694 in
802 643 941 696 servitium
967 644 1091 708 mallant,
1111 653 1141 698 et
1163 643 1215 713 ipsi
1231 643 1262 696 dc

156 731 206 766 sna
223 714 351 767 libertate
377 712 527 785 adprobare
544 713 630 768 wadia
648 712 715 765 dant
737 713 894 765 intantum
918 731 962 765 eos
987 715 1110 767 mutandi
1131 714 1261 784 placitam

156 785 279 838 lacerant
309 785 395 835 ateis
416 799 465 855 pro
485 801 533 835 aua
557 793 717 854 paupertate
742 784 856 836 eradere
882 785 995 854 possint.
1050 786 1129 836 Unde
1155 786 1263 836 tertium

156 857 259 908 addere
278 843 437 924 Capitulum
455 852 569 936 placuit.
607 855 715 906 sivero
741 853 845 926 aliquid
863 855 948 905 alium
973 853 1009 906 ad
1028 855 1169 907 servitium
1195 855 1262 904 mal-

154 928 282 986 laverint,
303 935 332 977 et
345 925 394 978 ille
414 943 463 996 qur
485 923 613 976 multatur
633 925 718 976 wadia
744 924 779 976 de
796 941 845 976 sua
865 924 1005 994 probanda
1033 923 1162 980 libertate
1181 925 1261 976 dede-

156 998 202 1059 rit,
228 995 363 1058 iubemus,
383 1004 514 1064 utsupra
537 994 571 1047 ad
592 995 705 1066 primunr
731 1003 779 1046 aut
800 996 951 1046 secundum
971 993 1015 1048 vel
1038 995 1149 1048 tertium
1181 994 1261 1064 placi-

155 1077 214 1120 tum
232 1083 339 1118 cansam
350 1065 511 1118 deliberent.
547 1063 624 1118 Inter
642 1063 772 1135 placitum
791 1073 820 1116 et
837 1064 970 1136 placitam
988 1065 1045 1116 dies
1064 1067 1125 1118 XV:
1150 1066 1259 1116 tertium

155 1156 237 1200 vcro,
266 1136 375 1207 quando
404 1137 500 1188 Comes
523 1133 653 1206 placitum
680 1133 825 1197 habuerit,
854 1136 875 1187 si
898 1135 970 1186 infra
993 1153 1077 1186 unum
1105 1135 1260 1188 comitatum

156 1218 206 1266 cst,
224 1207 245 1258 si
265 1215 356 1258 autern
372 1205 401 1256 iu
420 1206 513 1268 atium,
532 1205 587 1256 rint
605 1206 662 1256 dics
680 1203 740 1256 XX.
776 1203 848 1256 Etsi
869 1205 898 1256 in
920 1204 961 1256 his
982 1205 1069 1256 tribus
1085 1205 1192 1275 placitis
1209 1208 1260 1274 ipse

155 1279 203 1346 qni
230 1277 348 1346 quaerit,
376 1275 469 1327 venire
488 1284 698 1344 contempserit,
718 1274 871 1345 anteposito
892 1293 963 1344 quac
981 1276 1102 1345 superius
1127 1285 1193 1326 ante
1217 1293 1261 1345 po·

154 1347 272 1408 suimus,
303 1356 330 1397 et
354 1345 450 1396 Comes
477 1345 608 1414 placitum
635 1343 779 1407 habuerit,
806 1345 855 1396 ille
884 1361 1000 1415 natuque
1023 1346 1093 1397 alius
1121 1362 1185 1410 cum
1210 1347 1260 1396 suis

153 1416 270 1470 testibus
288 1423 395 1484 paratus
420 1417 521 1478 fuerit,
548 1425 615 1466 tunc
641 1415 738 1466 Comes
751 1415 821 1483 ipsos
842 1423 924 1466 testes
947 1416 1080 1484 recipiat,
1110 1425 1260 1472 et.causas

155 1487 268 1539 dctiniat
291 1486 378 1536 veluti
402 1484 459 1555 ipse
488 1485 536 1556 qui
562 1485 668 1556 quaerit
693 1502 816 1554 praesens
841 1484 952 1549 fuisset,
982 1496 1010 1538 et
1033 1486 1106 1538 ultra
1133 1485 1183 1538 illc
1215 1487 1261 1558 qui

154 1555 300 1628 quaesierit
320 1555 404 1608 tacito
422 1555 497 1606 itlius
515 1553 549 1607 de
567 1555 676 1608 servitio
693 1562 841 1626 pormanet.

151 1674 228 1736 Alio
250 1689 388 1760 tempore
417 1674 521 1737 dictus
548 1677 763 1736 serenissimus
792 1677 948 1754 Augustas
981 1677 1143 1736 instituere
1172 1696 1261 1760 prae-

547 1758 634 1818 vidit
657 1758 802 1842 Capitale
817 1768 868 1831 a).

235 1869 260 1935 1.
302 1869 337 1932 Si
363 1870 517 1954 quislibet
535 1871 733 1954 Episcopus,
762 1869 868 1949 Abba,
902 1871 956 1933 rel
981 1873 1095 1936 Comes
1123 1871 1158 1932 in
1187 1894 1260 1955 pro-

152 1951 222 2034 pria
235 1951 309 2013 sede
320 1953 373 2014 vel
384 1954 478 2014 domo
489 1961 543 2014 aut
561 1955 640 2015 villa
654 1954 782 2032 residet,
798 1953 955 2016 homines
967 1955 1067 2037 ipsius
1085 1956 1261 2036 depraeda-

153 2035 257 2095 tiones
276 2035 422 2114 fccerint‚
442 2057 557 2097 messes
574 2037 623 2096 vel
642 2044 730 2117 prata
746 2037 943 2098 defensionis
956 2046 1101 2122 tempore
1116 2039 1258 2098 devasta-

153 2117 272 2188 verint,
293 2125 326 2178 et
348 2117 411 2178 hoc
428 2118 592 2200 cognitum
612 2117 730 2200 absque
750 2119 867 2179 iniusta
892 2121 1047 2182 dilatione
1066 2142 1130 2181 non
1154 2142 1258 2180 ernen-

153 2199 310 2276 daverint,
335 2209 366 2260 et
387 2201 500 2261 factori
521 2201 714 2284 condignam
739 2202 977 2284 castigationem
1004 2227 1069 2264 non
1096 2204 1256 2284 imposue-

151 2282 206 2358 rit,
233 2284 337 2364 ipsum
357 2285 476 2342 malum
499 2290 536 2343 ut
554 2285 620 2343 Len
638 2292 685 2345 est
704 2285 876 2345 emendare
901 2294 1043 2368 cogatur,
1070 2294 1101 2347 et
1125 2285 1257 2368 insuper

151 2364 363 2447 quadraginta
390 2366 457 2426 dies
487 2375 519 2426 et
545 2374 654 2426 noctes
683 2366 761 2427 vino
786 2373 818 2427 et
847 2390 942 2428 carne
967 2369 1131 2431 abstineat.

234 2448 273 2513 11.
314 2451 380 2510 Per
397 2449 482 2508 viam
505 2469 634 2530 quoque
656 2449 696 2508 ad
719 2447 873 2530 palatium
898 2451 1031 2512 veniens
1054 2458 1109 2519 aut
1126 2450 1254 2511 rediens

150 2529 335 2612 cuicunque
354 2529 503 2592 homines
525 2532 671 2612 rapinam
691 2531 841 2609 fecerint,
863 2541 894 2591 et
920 2535 1048 2611 cognita
1067 2533 1173 2593 statim
1193 2555 1255 2592 non

151 2612 393 2692 emendaverit,
424 2620 456 2674 et
477 2613 592 2672 factori
616 2613 810 2695 condignam
834 2615 1075 2696 castigationem
1099 2637 1165 2675 non
1197 2616 1256 2674 irn-

149 2696 305 2778 posuerit,
335 2695 441 2754 omnia
467 2717 549 2776 quae
576 2701 665 2776 rapta
690 2703 768 2756 sunt
787 2703 822 2756 ut
847 2698 915 2756 Lex
939 2706 988 2758 est
1006 2698 1180 2758 emendare
1203 2721 1255 2758 co-

150 2785 253 2860 gatur,
282 2786 313 2839 et
336 2778 472 2862 insuper
493 2778 624 2861 triginta
646 2777 715 2839 dies
742 2801 760 2839 a
782 2801 878 2840 carne
895 2785 928 2840 et
950 2804 968 2840 a
990 2779 1067 2843 rino
1091 2779 1257 2847 abstineat.

405 2957 839 3021 TlTULUS
902 2961 1000 3029 111.

312 3111 503 3153 carrrutaar
535 3111 816 3168 rarraaocarronrt
848 3115 888 3155 an
918 3117 1094 3164 rrrscoros,

270 3206 415 3285 Datum,
450 3215 487 3268 ut
515 3206 662 3284 videtur,
692 3229 777 3268 anno
807 3208 928 3272 Christi
955 3211 1134 3274 DCCCLV.

151 3326 325 3420 Capitale
350 3349 444 3420 qaue
459 3326 649 3412 gloriosus
666 3326 879 3418 Imperator
899 3329 1162 3398 Hludouvicus
1179 3332 1257 3398 sais

144 3428 349 3520 Episcopis
374 3427 420 3493 cle
443 3437 544 3495 statu
570 3427 629 3494 sui
649 3426 756 3516 regni
782 3429 1022 3498 considerare
1049 3432 1256 3522 praecepit.

145 3557 214 3676 De
241 3613 485 3676 conversatione
503 3611 759 3695 Episcoporum,
780 3606 1065 3696 presbyterorum,
1095 3622 1128 3676 et
1152 3625 1255 3677 cacte-

144 3719 256 3758 rorum
280 3693 500 3772 Clericorum,
533 3697 572 3756 de
595 3695 742 3755 doctrina
764 3701 796 3754 et
820 3697 1060 3777 praedicatione
1093 3698 1126 3757 in
1152 3722 1255 3780 popu·

145 3779 189 3857 10,
223 3782 262 3843 de
290 3777 528 3860 conscriptione
553 3779 726 3853 librorum,
759 3778 798 3837 de
831 3779 1066 3840 restauratione
1089 3781 1254 3842 Ecclesia-

144 3885 229 3942 rum,
252 3863 291 3924 dc
317 3861 521 3921 ordinatione
543 3861 688 3941 plebium
702 3867 733 3920 et
761 3861 1050 3939 xenodochiorum,
1073 3863 1112 3923 de
1130 3885 1256 3922 monas-

143 3948 235 4008 teriis
259 3947 402 4006 virorum
425 3966 482 4004 seu
504 3944 699 4003 feminarum
714 3965 777 4023 qua
801 3945 979 4004 secundum
999 3946 1144 4028 regulam
1166 3965 1254 4007 'sanc-

145 4027 170 4088 ti
190 4030 370 4106 Benedicti,
398 4029 448 4088 vct
476 4049 512 4088 ea
544 4048 626 4108 quae
657 4025 837 4086 seeundum
865 4027 1054 4088 canonicam
1081 4028 1257 4090 auetorita-

151 4175 471 4188 Μι--ι-

180 4227 211 4296 a)
229 4227 317 4280 Etiam
336 4228 370 4279 dc
390 4227 431 4284 his
450 4227 609 4287 dubitatur,
631 4243 665 4276 ιιι
684 4242 738 4276 ιοι
756 4224 844 4298 patius
866 4207 992 4278 Lothario
1011 4225 1155 4279 tribuenda
1174 4228 1240 4282 sint.
