2786 4980
481 957 911 1032 enarrans

284 1119 1091 1252 KAROLICALVL

314 1327 533 1402 saansaann
569 1326 680 1384 neers
714 1327 761 1382 ur
804 1329 1057 1388 rneeaaronts.

597 1455 760 1472 μ

495 1527 729 1594 stannus
790 1529 819 1599 1.
849 1538 909 1610 a)-

301 1648 561 1710 Gouauurus
599 1667 642 1709 tn
679 1667 802 1710 virsa
849 1649 1048 1714 Cononis.

131 1767 328 1860 Incipiunt
348 1765 524 1859 Copitnln
541 1788 636 1856 quoe
648 1775 737 1836 octo
754 1779 841 1836 aaut
860 1791 961 1839 anno
980 1777 1112 1860 quarto
1135 1773 1247 1862 regni

132 1867 279 1939 Domni
303 1865 440 1934 Karoli
461 1865 625 1953 gloriosi
656 1865 798 1956 Regis,
832 1862 978 1937 Domni
1007 1866 1244 1940 Hlndonvici

131 1965 378 2058 Imperatoris
391 1963 497 2053 filii,
526 1965 566 2033 in
596 1965 784 2036 Conventa
808 1964 937 2036 habito
965 1966 1005 2036 in
1029 1967 1122 2037 villo
1148 1991 1244 2060 quos

132 2066 273 2134 dicitnr
298 2065 471 2132 Colonia:
504 2087 599 2154 quoe
631 2065 744 2132 etiam
778 2063 1049 2158 subscriptione
1081 2066 1246 2138 eiusdem

131 2163 325 2257 Principis
350 2175 384 2230 et
414 2162 712 2256 Epitrepontem,
749 2189 796 2232 oe
822 2177 1055 2234 coeterorum
1068 2165 1246 2258 fidelium

132 2264 222 2355 Dei,
251 2261 474 2355 confirmato
489 2265 616 2354 snare,
645 2287 825 2332 consensu
839 2264 995 2334 Warini
1019 2278 1056 2336 et
1080 2266 1245 2338 aliorum

386 2361 639 2455 optimatum,
665 2363 874 2440 Indictione
896 2376 1015 2440 sento.
1185 2373 1188 2380 '

424 2491 944 2552 Putararro.

133 2573 427 2708 SanctaEcclesia,
438 2628 523 2691 navis
544 2650 653 2706 more,
683 2639 720 2689 ut
742 2629 782 2689 de
808 2627 969 2709 prioribus
993 2631 1110 2692 seculis
1135 2640 1243 2695 tacea-

132 2735 217 2791 mus,
238 2714 276 2772 ab
298 2713 392 2773 initio
413 2731 488 2773 suae
503 2710 713 2772 institutionis
733 2712 866 2791 pelagus
880 2711 983 2770 seculi
1002 2711 1101 2774 huius
1117 2713 1244 2777 diversa

131 2795 286 2880 qualitate
304 2795 480 2869 hactenus,
499 2794 639 2854 Domino
665 2794 873 2869 moderante,
901 2795 1073 2876 transegit3
1095 2806 1129 2856 et
1140 2797 1244 2858 modo

130 2877 366 2960 tranquillitate
382 2877 498 2960 gravis,
520 2876 634 2936 amodo
651 2886 758 2936 autem
776 2875 938 2958 procellae
957 2876 1095 2938 alicuius
1109 2887 1245 2962 tempes-

129 2971 197 3022 tate
216 2983 389 3038 eoucussa,
410 2959 550 3020 sednon
571 2979 804 3041 usquequaque
829 2959 991 3031 demersa;
1015 2961 1095 3043 quin
1123 2963 1243 3044 potius,

131 3043 271 3106 excitato
284 3041 429 3103 fidelium
444 3041 594 3124 precibus
613 3041 742 3102 Christo
755 3063 813 3102 sno
830 3041 1056 3124 gubernatore,
1069 3046 1189 3106 salubri
1207 3047 1243 3106 li·

128 3125 454 3200 bertatis'securitate‚
470 3135 566 3205 atque
584 3133 691 3205 optata
704 3125 817 3186 donata
834 3125 1017 3192 serenitate.
1038 3129 1132 3188 Unde
1148 3129 1245 3193 etiam

130 3209 167 3269 in
198 3208 340 3291 partibus
366 3207 468 3268 nostri
494 3205 598 3283 orbis,
623 3228 704 3286 quae
734 3216 878 3290 tempore
896 3207 988 3268 divae
1008 3211 1244 3274 recordationis

131 3290 185 3354 avi
208 3291 320 3368 nostri,
344 3299 376 3350 et
396 3299 522 3350 sanctae
549 3289 721 3350 memoriae
743 3292 860 3350 Domni
882 3299 920 3349 ac
948 3290 1101 3372 genitoris
1130 3281 1242 3374 nosiri,

130 3373 326 3454 aliquandiu
355 3373 462 3431 fuerat
481 3371 568 3452 pacis
595 3371 752 3433 suavitate
775 3373 911 3448 laetata,
935 3373 1068 3433 inimico
1100 3374 1246 3455 homine,

127 3457 226 3516 iuxta
244 3454 621 3536 sauctumEvangelium‚
641 3455 675 3513 in
691 3475 766 3537 agro
783 3453 946 3515 dominico
968 3459 1246 3536 superseminante

108 3591 110 3598 .
127 3538 312 3600 discordiae
328 3535 457 3608 ¹zizania
476 3537 509 3595 in
528 3536 635 3597 medio
650 3536 761 3614 tritici,
771 3537 840 3596 Deo
855 3539 1141 3616 amatae'caritatis‚
1163 3541 1244 3614 adeo

29 3657 30 3660 ¹
127 3631 181 3684 est
196 3620 329 3682 diversis
347 3629 441 3700 atque
457 3617 599 3680 adversis
613 3631 726 3681 vexata
742 3618 915 3694 molestiis,
946 3628 984 3678 ut
1000 3623 1156 3682 non-sine
1174 3643 1244 3681 ma·

29 3705 31 3768 ]
124 3703 218 3766 xima
237 3702 435 3778 difficultate,
449 3711 600 3784 respectu
619 3703 743 3780 divino,
766 3711 799 3761 et
818 3701 962 3760 fidelium
976 3702 1037 3760 Dei
1056 3725 1092 3774 ac
1117 3712 1245 3764 nostro·

123 3808 204 3848 rum
222 3784 356 3862 solatio,
378 3784 539 3845 internos
557 3785 736 3866 fratresque
767 3793 891 3844 nostros
908 3783 1109 3864 pacificatio,
1131 3793 1173 3844 et.
1191 3805 1245 3866 pa-

31 3887 34 3940 :
124 3867 218 3930 terni
233 3866 326 3948 regni
348 3889 388 3926 ex
409 3884 569 3928 consensu
587 3867 724 3944 divisio,
744 3888 802 3928 seu
820 3864 964 3926 eiusdem
981 3875 1108 3926 sanctae
1125 3867 1242 3930 Eccle-

31 3961 32 4022 ζ
123 3951 196 4014 siae
211 3971 248 4010 ac
272 3948 375 4010 fidelis
395 3949 508 4033 populi
527 3958 691 4009 tantorum
717 3950 863 4009 laborum
879 3950 1172 4029 quantulacunque
1190 3951 1244 4010 fie-

31 4033 35 4107 ἰ
122 4043 181 4096 ret
195 4030 392 4115 respiratio.'
417 4033 576 4094 Processu
597 4032 926 4116 vero-temporispnt
953 4031 1061 4092 solent
1074 4041 1146 4112 post
1160 4055 1243 4095 eon·

31 4153 32 4176 l
125 4152 436 4169 m

163 4204 201 4270 a)
220 4205 295 4258 Haec
323 4204 463 4258 distinctio
489 4203 519 4254 in
537 4204 644 4257 Titulos
661 4203 690 4256 in
715 4203 779 4272 ipsis
806 4203 894 4258 Codd.
912 4221 968 4257 nou
986 4203 1201 4274 reperitur‚j·sed
1227 4228 1243 4264 ι

218 4277 331 4330 Baluai‘o
349 4273 536 4332 commodioris
555 4295 619 4330 usus
638 4275 723 4342 gratia
740 4275 851 4332 inventa
870 4285 924 4330 est.

920 4374 946 4447 ,1
