2746 4992
486 332 586 390 urana
610 331 748 388 raritas,
1116 323 1186 392 291

67 475 209 536 nomine
240 473 370 535 valeant
398 473 592 536 dominare‘
627 473 810 536 statuentes
835 495 911 558 ergo
935 485 970 537 nt
996 497 1102 562 neque
1131 505 1187 546 vos

63 577 185 654 neque
208 555 363 633 iuniores,
387 577 493 639 neque
518 579 717 619 successores
740 557 860 636 vestri,
884 582 944 621 nec
969 563 1060 622 nulla
1082 567 1188 646 publi-

63 663 109 702 ca
132 637 305 701 iudiciaria
318 648 456 720 potestas
476 661 607 722 qnoque
621 650 765 722 tempore
787 639 821 698 in
838 641 932 703 villas
954 643 1185 730 ubicunquein

59 743 176 804 regno
197 732 307 783 nostro
324 721 423 804 ipsius
444 722 609 784 Ecclesiae
631 733 686 784 aut
703 721 792 804 regia
815 733 869 784 aut
896 725 1095 808 privatorum
1118 731 1185 792 lar-

62 805 174 888 gitate
196 805 350 881 conlatas,
373 814 429 866 ant
447 803 504 885 qui
530 804 660 868 inantea
684 805 809 866 suerint
829 808 1028 888 conlaturas,
1064 823 1118 874 aut
1144 816 1184 877 ad

61 887 276 949 audiendum
301 887 527 948 altercationes
547 887 736 970 ingredere,
766 896 821 948 ant
841 889 933 951 freda
958 893 996 952 dc
1024 896 1184 976 quaslibet

61 991 184 1034 causas
206 969 354 1052 exigere,
389 991 450 1031 uec
469 971 649 1033 mansiones
678 979 733 1030 aut
754 981 878 1066 paratas
898 972 951 1034 vcl
982 974 1191 1043 fideiussores·

62 1055 191 1116 tollere
215 1073 280 1112 non
301 1052 528 1135 praesumatis;
557 1054 613 1114 sed
633 1053 792 1135 quicqurd
820 1051 937 1116 exinde
958 1069 1013 1118 aut
1036 1061 1076 1122 de
1095 1062 1185 1146 inge·

65 1139 148 1197 nius
171 1144 225 1194 aut
245 1135 287 1215 de
311 1134 527 1198 servientibus
556 1136 754 1217 caeterisque
781 1137 964 1199 nationibus
995 1163 1078 1222 quae
1108 1156 1184 1207 sunt

67 1220 161 1280 infra
182 1238 272 1299 agros
292 1216 345 1278 vel
373 1217 453 1280 fines
474 1239 533 1279 seu
562 1240 658 1300 supra
683 1228 784 1280 terras
808 1221 990 1302 praedictae
1016 1225 1191 1291 Ecclesiae

69 1310 313 1364 commanentes
335 1299 429 1362 fiscus
457 1309 511 1360 aut
532 1300 572 1362 de
595 1301 687 1362 freda
713 1309 769 1360 aut
791 1303 1009 1386 undecunque
1033 1319 1183 1390 potuerat

68 1403 214 1466 sperare,
235 1403 275 1442 ex
296 1391 403 1443 nostra
424 1382 628 1465 indulgentia
648 1405 707 1466 pro
726 1385 835 1443 futura
861 1386 964 1447 salute
986 1387 1020 1448 in
1046 1391 1182 1455 lumina-

67 1469 163 1530 ribus
186 1465 283 1547 ipsius
301 1465 465 1526 Ecclesiae
487 1487 696 1547 permenam
717 1463 881 1548 agentirim
901 1489 1013 1530 eorum
1035 1467 1183 1555 proficiat

66 1550 106 1610 in
124 1559 328 1632 perpetuum.
368 1549 411 1610 Et
427 1547 516 1630 quod
538 1570 595 1610 nos
615 1559 746 1630 propter
764 1569 880 1610 nomen
903 1553 1034 1615 Domini
1057 1567 1088 1618 et
1108 1559 1181 1620 ani.

62 1653 141 1694 mae
172 1639 299 1691 nostrae
320 1631 500 1691 remedium
518 1653 576 1692 seu
589 1642 697 1692 nostra
714 1631 920 1712 subsequenti
937 1639 1092 1718 progenie
1113 1642 1182 1723 ple.

61 1735 112 1774 na
141 1712 316 1775 devotione
335 1713 547 1790 indulsimus,
571 1735 631 1774 nec
649 1713 766 1797 regalis
786 1715 963 1777 sublimitas
991 1736 1052 1782 nec
1069 1725 1181 1786 cuius-

62 1798 153 1858 libet
174 1795 326 1857 ludicum
350 1817 444 1859 saeva
465 1797 622 1878 cupiditas
645 1801 806 1878 refragare
827 1808 939 1864 tentet.
979 1799 1023 1861 Et
1039 1816 1074 1866 ut
1090 1828 1181 1888 prae-

60 1902 144 1941 sens
168 1877 338 1939 auctoritas
363 1887 428 1938 tam
454 1879 676 1962 praesentibus
704 1901 799 1962 quam
830 1882 949 1941 futuris
980 1890 1180 1969 temporibus

65 1962 240 2038 inviolata,
261 1963 331 2020 Deo
350 1961 508 2040 adiutore,
530 1971 727 2042 permaneat,
741 1985 853 2026 manus
874 1971 1001 2028 nostrae
1022 1972 1181 2058 subscrip·

64 2045 216 2106 tionibus
237 2043 322 2104 infra
343 2043 495 2105 roborare
519 2045 740 2110 decrevimus.‘

396 2175 601 2262 Confirmatio
623 2177 663 2238 de
684 2180 861 2249 emunitate.

154 2291 215 2356 IV.
255 2293 433 2376 Principali
454 2293 588 2376 quidem
607 2293 780 2356 clementia
800 2307 992 2360 cunctorum
1013 2298 1106 2364 decet
1127 2321 1183 2364 ac·

65 2379 275 2442 commodare
309 2397 385 2438 aure
407 2376 568 2459 benigna;
591 2377 763 2460 praecipue
791 2400 873 2461 quae
900 2403 958 2460 pro
988 2387 1180 2465 compendio

67 2463 253 2522 animarum
277 2459 297 2518 d
324 2459 590 2544 praecedentibus
620 2459 761 2542 Regibus
786 2463 973 2544 parentibus
1000 2467 1116 2526 nostris
1140 2467 1182 2531 ad

67 2543 145 2604 loca
166 2545 357 2604 Sanctorum
377 2541 555 2624 probantur
566 2564 633 2604 esse
647 2543 783 2621 indulta,
799 2544 913 2605 devota
929 2546 1079 2611 debemus
1094 2570 1182 2610 mens

66 2635 102 2686 te
127 2627 339 2707 perpendere,
362 2634 393 2684 et
420 2646 563 2708 congrua
582 2625 757 2702 beneficia,
780 2635 817 2686 ut
838 2647 1017 2688 mereamur
1039 2630 1072 2689 in
1092 2653 1181 2692 mer-

64 2707 186 2769 cedem
214 2729 280 2770 esse
301 2705 493 2790 participes,
516 2718 581 2766 non
607 2727 743 2790 negare,
778 2707 835 2769 sed
868 2710 1086 2772 robustissimo
1108 2714 1180 2776 iure

62 2811 131 2874 per
153 2793 268 2852 nostris
290 2790 428 2850 oraculis
451 2789 649 2850 confirmare.
697 2790 802 2871 lgitur
822 2793 1016 2872 apostolicus
1038 2794 1088 2855 vir
1109 2795 1180 2874 ille,

63 2873 162 2933 illius
183 2872 321 2936 civitatis
340 2872 529 2956 Episcopus,
558 2871 750 2934 clementiae
774 2873 867 2956 regni
892 2876 994 2937 nostri
1022 2879 1180 2960 suggessit

64 2977 108 3018 eo
132 2957 221 3036 quod
242 2957 299 3016 ille
319 2956 388 3015 Rex
408 2976 467 3037 per
486 2977 575 3018 suam
591 2954 880 3016 auctoritatemsua
900 2979 998 3018 manu
1016 2960 1182 3044 subscrip-

62 3047 136 3099 tam
161 3038 201 3098 de
230 3039 324 3101 villas
349 3037 515 3099 Ecclesiae
537 3059 612 3098 suae
635 3037 735 3112 illins,
758 3039 845 3118 quod
869 3039 1078 3121 adpraesens
1102 3067 1180 3126 pos-

63 3119 205 3194 sidebat,
218 3121 271 3183 vel
284 3120 373 3201 quod
392 3121 409 3180 a
423 3123 493 3180 Deo
510 3120 696 3180 timentibus
713 3117 897 3184 hominibus
913 3123 1033 3185 ibidem
1051 3125 1180 3188 inantea

70 3202 294 3284 delegabatur,
314 3202 472 3284 integram
487 3202 694 3264 emunitatem
712 3204 921 3266 concessisset
938 3216 974 3266 nt
994 3207 1105 3270 nullus
1126 3209 1180 3271 lu-

65 3286 135 3346 dex
153 3286 304 3366 publicus
316 3286 357 3346 ad
370 3306 479 3346 causas
495 3285 765 3362 audiendum,ch
784 3287 874 3347 freda
892 3289 1098 3370 exigendum,
1118 3313 1180 3353 nec
1241 3328 1245 3335 -

64 3369 251 3430 mansiones
265 3377 319 3428 aut
341 3377 466 3449 paratas
481 3369 679 3446 faciendum,
701 3389 761 3428 nec
776 3367 978 3432 fideiussores
996 3372 1178 3435 tollendum

66 3471 133 3510 nec
150 3449 296 3512 homines
315 3449 414 3532 ipsius
431 3451 594 3512 Ecclesiae
610 3451 650 3510 de
669 3450 829 3531 quaslibet
851 3474 959 3513 causas
978 3454 1178 3538 distringen-

66 3532 158 3610 dum,
182 3554 241 3594 nec
260 3533 365 3592 nullas
383 3533 618 3594 redhibitiones
631 3533 874 3613 requirendum,
890 3535 1009 3596 ibidem
1030 3537 1177 3619 ingrede-

64 3636 100 3674 re
121 3635 186 3675 non
202 3617 348 3676 debeant.
370 3615 463 3676 Unde
486 3627 520 3678 et
535 3616 633 3698 ipsam
648 3616 908 3698 praeceptionem
922 3617 1073 3679 iamdicto
1085 3623 1180 3682 Prin·

65 3697 152 3778 cipe,
166 3720 224 3758 seu
237 3707 268 3759 ct
282 3693 541 3760 confirmationes
555 3699 686 3758 illorum
695 3699 828 3779 Regum,
844 3720 956 3759 eornm
968 3701 1114 3763 manibus
1127 3727 1180 3765 ro·

63 3779 204 3857 limatas,
224 3780 402 3842 antedictus
423 3780 575 3842 Pontifex
594 3781 685 3840 nobis
701 3782 842 3841 ostendit
861 3782 1062 3864 relegendas,
1082 3796 1115 3846 et
1131 3788 1179 3870 ip-

65 3884 98 3922 se
119 3861 298 3924 beneficius
318 3863 402 3925 circa
417 3864 530 3924 eodem
543 3863 596 3924 vel
616 3861 787 3924 memorata
801 3864 946 3925 Ecclesia
964 3888 1030 3944 sua,
1053 3868 1138 3931 sicut
1158 3873 1177 3932 al

66 3945 255 4026 supradictis
277 3944 483 4028 Principibus
504 3946 568 4006 fuit
589 3945 763 4022 indultum,
784 3947 938 4020 moderno
961 3957 1106 4030 ternpore
1123 3955 1178 4014 ad-

65 4027 140 4088 serit
163 4049 230 4088 esse
246 4037 478 4090 conservatum.
510 4029 572 4088 Sed
586 4049 645 4110 pro
658 4027 815 4090 firmitatis
828 4028 969 4089 studium
988 4033 1069 4112 petit
1084 4037 1177 4096 celsi-

65 4111 212 4172 tudinem
237 4121 377 4173 nostram
401 4118 438 4170 ut
463 4109 525 4172 hoc
552 4110 659 4171 denuo
679 4111 763 4172 circa
786 4111 899 4172 eodem
922 4112 973 4173 vel
1001 4129 1175 4182 memorata

65 4191 216 4255 Ecclesia
237 4193 339 4256 sancti
364 4193 452 4255 illius
485 4201 592 4254 nostra
616 4193 748 4255 deberet
776 4194 946 4255 auctoritas
975 4201 1170 4277 generaliter

66 4275 277 4347 confirmare;
313 4276 405 4339 cuins
431 4275 619 4361 petitionem
644 4297 703 4360 pro
728 4277 911 4340 reverentia
941 4277 1039 4359 ipsias
1068 4285 1170 4345 sancti
