2658 4978
165 271 192 322 r.
224 265 300 316 cna
407 264 529 316 nissen
568 264 784 318 triniaconun
896 263 986 324 sna..
1080 249 1154 324 14⁵

80 411 176 470 crimen
201 402 277 464 foris
300 403 519 479 committens,
542 401 626 462 infra
648 402 880 466 immunitatem
901 407 1039 489 fugerit,
1073 410 1151 474 inde

79 496 130 558 tiat;
155 487 184 546 id
207 495 261 556 est,
285 485 412 546 mandet
431 489 546 545 Comes
566 486 617 545 rel
645 489 793 568 publicae
807 487 864 548 ‘rei
891 490 1040 552 Minister
1061 493 1152 574 Epis·

78 596 138 652 copo
163 571 209 628 vel
239 568 374 644 Abbati,
406 569 458 629 rel
486 568 537 626 itti
568 568 757 650 quicunque
789 570 897 630 locum
921 573 1073 657 Episcopi
1097 575 1152 636 vel

76 654 181 718 atratis
206 652 255 710 vel
290 650 471 710 bbbatissae
494 651 657 725 tenuerit,
693 655 743 713 rel
777 653 915 734 potentis
949 657 1087 718 hominis
1117 657 1156 718 iu

76 739 148 800 erius
168 743 355 816 potestatem
379 733 431 793 vel
454 733 683 814 proprietatem
702 737 907 815 confugerit,
932 749 966 799 ut
987 740 1102 802 reddat
1122 747 1154 801 ei

75 843 154 882 reum,
193 818 225 877 Si
245 817 301 875 illc
328 815 577 888 contradixerit,
602 826 634 874 et
660 839 734 877 eum
759 819 894 878 reddere
924 822 1084 900 noluerit,
1119 824 1154 882 in

74 903 156 987 prima
173 898 427 960 contradictione
448 898 559 958 solidis
578 897 764 978 quindecim
789 901 958 982 culpabilis
981 905 1156 971 iudicetur.

75 990 99 1049 Si
116 985 150 1045 ad
171 982 344 1044 secundam
365 980 610 1060 inquisitionem
638 1003 709 1040 eum
735 983 872 1043 reddere
899 985 1065 1064 noluerit,
1096 987 1161 1050 tri-.

75 1072 144 1146 ginta
164 1064 273 1126 solidis
299 1062 658 1144 culpabitisfiudicetur.
700 1064 734 1125 si
755 1087 815 1126 nec
834 1066 874 1125 ad
897 1069 1023 1128 tertiam
1045 1070 1158 1154 inqui-

74 1135 201 1213 sitionem
227 1147 411 1208 consentire
439 1143 600 1221 voluerit,
639 1146 798 1228 quicquid
825 1170 899 1208 reus
931 1150 1038 1212 damni
1067 1154 1157 1231 fecit,

74 1245 156 1293 totum
178 1231 233 1290 ille
253 1228 311 1310 qui
334 1249 408 1289 eum
426 1226 510 1286 infra
536 1228 769 1290 immunitatem
785 1231 916 1308 retinet,
939 1255 998 1294 nec
1019 1235 1158 1296 reddere

73 1317 137 1392 ruit,
157 1314 280 1382 solvere
303 1321 446 1392 cogatur,
468 1319 499 1369 et
521 1309 588 1392 ipse
614 1313 727 1372 Comes
754 1314 888 1374 veniens
908 1315 1075 1376 licentiam
1098 1317 1159 1376 ha-

72 1402 131 1458 beat
151 1397 252 1478 ipsum
271 1394 444 1453 bominem
465 1393 551 1452 infra
575 1393 808 1454 immunitatem
826 1399 1004 1479 quaerendi
1024 1400 1160 1460 ubicun-

72 1501 121 1564 qne
141 1501 210 1538 eum
234 1477 385 1538 invenire
409 1476 561 1558 potuerit.
604 1477 637 1536 si
662 1487 767 1536 autem
790 1479 822 1538 in
849 1479 949 1559 prima
973 1482 1160 1563 inquisitio-

74 1585 104 1622 ne
115 1561 222 1622 Comiti
232 1579 423 1640 responsum
441 1558 639 1640 fueritquod
656 1582 730 1620 rcus
744 1560 828 1620 infra
844 1563 1077 1626 immunitatem
1090 1563 1162 1648 qui·

73 1646 263 1718 demfnisset,
289 1641 347 1702 sed
369 1643 445 1722 fuga
464 1640 571 1722 lapsus
601 1641 651 1718 sit,
685 1643 771 1702 iuret
794 1644 883 1726 quod
911 1645 978 1728 ipse
1013 1669 1087 1708 eum
1119 1645 1161 1708 ad

73 1727 204 1787 iustitiam
235 1723 411 1786 cuiuslibet
436 1723 665 1785 disfaciendam
686 1726 798 1806 fugere
821 1750 886 1788 non
908 1728 1047 1807 fecisset,
1071 1741 1104 1791 et
1120 1729 1161 1792 sit

73 1812 96 1870 ei
110 1811 137 1868 iu
160 1810 221 1870 hoc
247 1807 455 1868 satisfactum.
498 1807 532 1866 Si
548 1829 624 1866 vcro
647 1808 781 1869 intranti
809 1810 843 1870 in
861 1812 960 1892 ipsam
979 1813 1162 1887 immunita,

73 1905 140 1968 teni,
160 1892 213 1952 rel
229 1891 265 1950 in
291 1889 466 1949 cuiuslibet
481 1888 621 1949 bominis
643 1899 831 1972 potestatem
847 1895 899 1954 vel
920 1897 1161 1976 proprietatem,

72 1975 172 2035 Comiti
198 1974 336 2034 collecta
358 1993 454 2030 manu
479 1972 619 2052 quilibet
648 1973 794 2034 resistere
821 1979 1011 2055 tentaverit,
1046 1981 1162 2040 Comes

72 2057 121 2117 boc
140 2057 177 2116 ad
194 2059 318 2138 Regem
343 2054 392 2114 vel
415 2053 599 2136 Principem
623 2056 756 2132 deserat,
780 2067 812 2118 et
839 2058 883 2117 ibi
906 2061 1078 2127 iudicetur.
1120 2063 1164 2124 Et

73 2140 209 2200 sicutille
233 2136 342 2218 quiin
366 2137 566 2198 immunitate
595 2134 745 2198 damnum
767 2141 868 2220 fecit,
897 2146 1058 2206 sexcentis
1087 2139 1162 2205 soli-

73 2224 110 2282 dis
137 2222 284 2302 componi
304 2220 410 2294 debet,
437 2219 482 2276 ita
506 2220 564 2300 qui
591 2220 707 2280 Comiti
733 2223 868 2284 collecta
888 2247 983 2286 mauu
1014 2230 1163 2295 resistere

71 2303 314 2386 praesumpserit,
335 2302 495 2363 sexcentis
517 2303 628 2364 solidis
647 2304 819 2385 culpabilis
847 2307 1017 2376 indicetur,

140 2385 230 2449 XIX.
276 2388 319 2446 Ut
340 2384 458 2465 meiius
485 2394 516 2445 et
544 2387 743 2448 commodius
776 2387 856 2450 haee
887 2393 1090 2472 providentia
1123 2391 1163 2456 de

71 2469 149 2531 bonis
169 2468 312 2530 denariis
342 2489 407 2528 non
427 2467 600 2530 reiciendis
623 2480 655 2529 et
676 2469 714 2530 de
734 2481 880 2533 monetae
904 2474 1003 2535 falsae
1024 2476 1164 2539 denariis

71 2553 207 2612 custodiri
231 2550 344 2634 possit,
367 2549 515 2612 volumus
533 2561 569 2612 ut
583 2554 806 2636 unusquisque
830 2556 943 2637 Comes
965 2558 1003 2616 de
1026 2559 1166 2636 Comita-

71 2644 164 2694 tnsno
188 2634 297 2694 omnia
325 2643 464 2692 mercata
489 2633 664 2702 inbreviari
694 2637 809 2713 faciat,
839 2648 871 2699 et
898 2639 977 2698 sciat
999 2641 1091 2702 nobis
1117 2640 1164 2701 di·

72 2739 131 2778 cere
152 2739 231 2796 quae
255 2727 395 2776 mercata
416 2726 559 2798 tempore
577 2717 639 2777 Avi
663 2719 762 2779 nostri
778 2721 923 2798 fuerunt,
938 2733 969 2784 et
990 2744 1071 2803 quae
1086 2733 1165 2784 tcm-

70 2821 135 2878 pnre
157 2801 275 2860 Domni
298 2809 329 2859 et
358 2799 522 2860 Genitoris
549 2799 650 2859 nostri
677 2822 744 2862 esse
769 2815 968 2885 coeperunt,
1002 2807 1054 2866 vel
1080 2827 1164 2886 qnae
1223 2847 1224 2850 =

71 2883 146 2942 illius
163 2882 353 2944 auctoritate
375 2881 549 2944 constituta
569 2883 713 2960 fuerunt,
736 2887 788 2946 vel
809 2895 891 2969 quae
905 2886 974 2948 sine
995 2888 1164 2948 auctorita-

73 2974 96 3023 te
119 2965 203 3026 illins
228 2967 314 3024 facta
339 2965 560 3042 fuerunt,vel
583 2987 664 3047 quae
685 2975 827 3050 tempore
858 2980 965 3031 nostro
987 2970 1164 3032 convenire

72 3058 245 3130 coeperunt,
264 3047 318 3107 vel
338 3066 420 3127 quae
439 3046 470 3104 in
488 3047 628 3128 antiquis
644 3049 723 3124 locis
738 3060 939 3133 permanent,
951 3062 981 3114 et
1000 3054 1026 3115 si
1046 3064 1165 3114 mutata

74 3141 153 3206 sunt,
182 3131 275 3190 cuius
304 3128 490 3192 auctoritate
514 3141 633 3203 ruutata
654 3131 798 3194 fuerunt.
839 3135 881 3195 Et
907 3136 1012 3217 ipsum
1031 3138 1165 3199 brevem

73 3213 283 3295 tenusquisque
309 3213 422 3272 Comes
451 3213 490 3278 ad
521 3213 703 3294 proximum
727 3217 881 3296 placitum
906 3230 1050 3280 nostrum
1073 3222 1165 3282 nobis

73 3297 218 3377 adportet,
246 3304 285 3354 ut
303 3296 478 3355 decernere
502 3297 656 3374 possimus
676 3309 834 3378 quatenus
856 3303 1031 3362 necessaria
1054 3314 1086 3363 et
1105 3306 1165 3363 uti·
1213 3349 1216 3356 .

73 3377 118 3452 lia,
139 3390 169 3439 et
191 3399 276 3461 quae
303 3399 361 3459 per
385 3379 605 3448 auctoritatem
624 3391 709 3456 sunt,
731 3391 892 3458 maneant,
914 3405 1088 3464 quaerero
1110 3409 1164 3446 su-

72 3459 200 3539 perflua,
232 3461 487 3538 interdicentur,
511 3461 562 3522 vel
583 3461 664 3524 locis
686 3464 752 3524 suis
774 3464 992 3525 restituantur.
1014 3468 1055 3526 Et
1079 3490 1165 3526 mer-

75 3551 134 3601 cata
165 3545 221 3604 die.
236 3542 400 3604 dominico
419 3543 452 3604 in
478 3545 571 3604 nullo
597 3547 669 3606 loco
690 3546 880 3621 balneantur,
903 3547 987 3607 sicut
1007 3547 1040 3606 iu
1060 3549 1165 3632 primo

74 3623 145 3685 libro
167 3627 409 3708 Capitulorum,
432 3625 573 3707 capitulo
596 3629 771 3694 CXXXVI.
791 3636 833 3704 s),
856 3627 1002 3694 babetur.

143 3707 217 3773 XX.
261 3707 303 3769 Ut
318 3709 431 3771 Comes
445 3719 476 3769 et
487 3709 686 3791 reipnblicae
698 3711 838 3772 Ministri
857 3733 892 3770 ac
906 3714 1022 3772 caeteri
1039 3713 1168 3777 Fideles

76 3791 163 3849 nostri
182 3790 373 3872 provideant
390 3801 550 3872 quatenus
565 3793 667 3853 iustus
689 3795 814 3853 modius
831 3815 1016 3876 aequusque
1034 3798 1170 3862 sextari·

78 3891 107 3930 us
120 3875 294 3934 secundum
310 3895 432 3936 sacram
450 3875 652 3956 scripturam,
671 3885 703 3935 et
723 3877 869 3958 Capitnta
889 3879 1169 3959 praedecessorum

75 3964 243 4016 nestrorum
258 3956 292 4016 in
305 3957 488 4020 civitatibus
505 3959 583 4019 etin
597 3959 678 4021 vicis
700 3968 731 4019 et
744 3958 784 4023 in,
796 3959 894 4036 villis,
908 3961 946 4018 ad
963 3961 1170 4022 vendendum

76 4045 100 4094 et
116 4041 284 4102 emendum
304 4039 373 4118 fiat,
398 4051 429 4104 et
451 4063 633 4104 mensuram
647 4039 827 4104 secuudum
846 4043 1011 4124 antiquam
1032 4066 1172 4110 eonsue-

85 4179 407 4202 Ἣ*

108 4230 135 4296 2)
153 4224 271 4298 sagena,
288 4228 435 4286 CXXXIX.

933 4334 978 4404 ¹0
