2712 4992
498 355 748 412 smaroamcaa:
797 338 801 347 '
1118 343 1198 420 387·

532 481 747 560 Commutatio.

169 605 289 674 xxvi.
330 605 421 668 Inter
439 626 519 688 quos
546 605 660 668 caritas
682 605 815 666 inlibata
833 609 1055 689 permanserit,
1086 633 1191 694 apar.

84 702 118 756 te
140 693 225 774 parti
250 689 408 752 beneficia
430 698 610 769 opportuna
637 697 846 770 praestantur.
901 691 1041 772 ldeoque
1070 694 1192 776 placuit

85 785 183 857 atque
210 773 365 834 convenit
388 771 474 830 inter
500 770 658 829 illustrem
682 769 786 829 virum
807 771 899 832 illum
919 783 950 834 et
979 775 1071 834 illum
1093 787 1128 836 ut
1146 780 1191 839 lo·

84 879 123 918 ca
152 856 260 938 aliqua
279 855 365 915 inter
387 873 419 914 se
440 861 635 913 commutare
658 851 826 923 deberent;
863 855 950 935 quod
979 856 1021 916 ita
1045 868 1078 917 et
1101 861 1190 921 fece·

84 947 172 999 runt.
214 935 312 998 Dedit
333 936 434 1014 igitur
459 935 509 994 vir
525 933 664 1014 inluster
686 933 742 994 ille
765 935 906 1016 partibus
925 937 1016 998 illius
1036 940 1190 1004 locellum

85 1029 330 1101 nuncupantem
350 1018 454 1094 illum,
476 1016 573 1075 situm
601 1017 633 1074 in
663 1035 743 1096 pago
766 1017 834 1094 illo,
857 1040 931 1078 cum
959 1022 1062 1098 terris,
1086 1023 1189 1084 domi.

83 1103 156 1180 bus,
179 1097 343 1176 aediliciis,
367 1097 546 1174 accolabus,
569 1097 748 1178 mancipiis,
777 1099 951 1178 libertinis,
982 1103 1108 1182 vineis,
1131 1109 1189 1168 sil.

82 1185 145 1262 vis,
166 1185 275 1266 pratis,
297 1181 433 1262 pascuis,
456 1180 557 1262 equis,
580 1200 774 1260 aquarumve
798 1181 995 1261 decursibus,
1017 1187 1189 1250 mobilibus

84 1277 118 1328 et
141 1264 369 1341 immobilibus,
392 1285 464 1324 cum
490 1261 636 1322 omnibus
657 1264 856 1343 appendiciis
884 1265 1013 1346 suisque
1042 1269 1189 1331 adiacen.

81 1349 150 1426 tiis,
169 1350 221 1409 vel
244 1347 332 1407 omui
353 1345 564 1428 supraposito,
592 1352 694 1406 totum
722 1353 755 1404 et
781 1347 821 1405 ad
848 1347 1026 1429 integrum,
1049 1351 1089 1411 de
1116 1353 1187 1414 iure

82 1452 169 1507 meo,
190 1430 274 1491 sicut
299 1429 460 1511 praesenti
484 1427 666 1508 temperet
693 1447 744 1485 me
769 1427 898 1488 videtur
919 1451 985 1490 esse
1008 1454 1187 1513 possessum

82 1515 196 1574 intua
223 1510 315 1571 trado
341 1518 497 1591 potestate
518 1510 569 1568 vel
591 1507 819 1569 dominatione.
869 1511 1023 1572 Similiter
1046 1514 1079 1573 in
1101 1539 1187 1577 com·

69 1593 271 1678 pensatione
291 1591 387 1652 huius
408 1589 515 1652 meriti
542 1589 632 1650 dedit
656 1589 718 1648 iam
744 1590 847 1652 dictus
873 1591 928 1653 ille
950 1595 1091 1674 partibus
1117 1600 1185 1658 illi.

24 1721 26 1732 Α
82 1699 120 1738 us
146 1675 244 1736 aliurn
269 1674 423 1736 locellum
450 1681 690 1753 nuncupantem
712 1672 814 1750 illum,
836 1674 932 1733 situm
958 1675 989 1735 in
1012 1699 1092 1760 pago
1114 1680 1185 1758 illo,

81 1758 135 1821 vel
154 1767 277 1820 caetera
292 1776 374 1838 quae
392 1764 583 1837 sequuntur,
596 1755 638 1814 ita
660 1763 695 1814 ut
714 1754 752 1813 ab
769 1753 829 1816 hac
843 1755 894 1816 die
909 1760 1128 1840 unusquisque
1143 1763 1183 1823 de

79 1842 144 1902 hoc
174 1838 262 1921 qnod
278 1837 402 1920 accepit
421 1839 526 1896 facere
552 1837 703 1912 voluerit,
726 1836 795 1896 iure
817 1839 1027 1919 proprietario
1049 1843 1183 1907 liberam

82 1933 115 1986 et
136 1920 346 1982 firmissimam
364 1920 396 1979 in
422 1919 568 1979 omnibus
589 1915 704 1978 habeat
723 1927 916 1998 potestatem.
957 1923 998 1981 Et
1022 1923 1106 1985 illud
1129 1928 1183 1986 in.

80 2018 132 2068 ter
153 2025 211 2064 nos
231 2003 372 2064 inserere
393 1999 535 2083 placuit,
567 2008 604 2059 ut
626 2000 653 2060 si
679 1999 765 2060 ullus
795 2022 834 2060 ex
860 2002 950 2064 nohis
972 2004 1023 2063 vel
1055 2005 1183 2069 heredi·

80 2090 141 2148 bus
164 2084 464 2163 successoribusque
494 2081 610 2142 nostris
635 2081 735 2142 suerit
760 2083 818 2162 qui
847 2083 907 2145 hoc
931 2087 1097 2148 immutare
1126 2095 1180 2152 vel

81 2171 242 2250 refragare
260 2168 441 2242 tentaverit,
469 2186 537 2225 rem
558 2185 654 2244 quam
675 2165 798 2244 accepit
819 2165 950 2244 amittat,
988 2176 1019 2228 et
1047 2170 1196 2255 insuper

81 2253 155 2334 quis
176 2259 287 2311 contra
318 2247 370 2307 cui
397 2248 484 2308 litem
513 2245 659 2306 intulerit
683 2246 801 2306 solidos
819 2257 922 2309 tantos
952 2263 1132 2333 componat,
1148 2267 1181 2317 et

81 2355 140 2396 sua
167 2330 315 2414 repetitio
337 2329 463 2389 nullum
477 2327 633 2388 'obtineat
657 2327 814 2406 effectum,
837 2329 893 2390 sed
921 2331 980 2393 hae
1002 2347 1179 2396 commuta.

80 2417 187 2477 tiones
215 2434 281 2473 uno
308 2421 421 2473 tenore
451 2410 649 2492 conscriptae
680 2411 831 2492 omnique
864 2420 1004 2496 tempore
1029 2428 1179 2479 maneant

77 2496 298 2560 inconvulsae.
551 2495 559 2508 “
810 2499 812 2504 “

79 2612 283 2694 Confirmatio
306 2610 414 2688 Regis,
438 2609 492 2667 vel
516 2609 654 2690 inspectu
671 2609 743 2678 istu,
774 2609 979 2688 cuiuscunque
1000 2612 1173 2698 Principis,

117 2698 152 2755 iu
175 2715 211 2755 co
232 2694 287 2777 qui
309 2691 509 2752 cohortibus
533 2703 578 2749 est
599 2687 807 2772 depraedatur
829 2692 875 2749 vel
899 2691 936 2752 ub
959 2694 1028 2770 igne
1056 2717 1132 2758 con.

548 2782 710 2830 crematus,

158 2881 296 2948 XXVII.
336 2878 452 2942 Merito
484 2878 662 2959 largitatem
687 2875 781 2958 Regis
811 2897 943 2938 munere
968 2878 1178 2948 sublevantur
1252 2945 1254 2950 .

78 2969 135 3049 qui
163 2967 202 3026 ab
223 2963 367 3025 hostibus
392 2963 444 3022 vel
469 2959 622 3020 incendio
642 2959 725 3040 passi
750 2968 826 3018 sunt
846 2959 958 3019 damna
979 2964 1029 3022 vel
1052 2966 1177 3028 violen.

77 3053 165 3110 tiam.
206 3048 307 3128 Igitur
326 3043 430 3105 fidelis
454 3053 563 3104 noster
585 3041 641 3102 illc
664 3039 853 3101 clementiae
877 3043 969 3122 regui
988 3047 1087 3106 nostri
1105 3072 1175 3132 sug-

79 3131 178 3213 gessit
199 3151 236 3191 eo
257 3127 345 3211 quod
366 3135 439 3186 ante
470 3124 527 3184 hos
554 3143 654 3182 annos
677 3121 836 3206 exercitus
867 3134 975 3184 noster
1002 3139 1058 3188 aut
1087 3129 1176 3194 illius

78 3213 186 3296 Regis,
208 3212 259 3272 vel
280 3231 338 3292 per
363 3205 598 3289 neglegentiam
621 3203 756 3265 alicuius
779 3203 914 3266 hominis
936 3205 969 3265 in
992 3209 1064 3270 loco
1089 3235 1176 3273 nun-

79 3302 218 3379 copante
236 3293 307 3370 illo,
328 3291 440 3351 domus
459 3309 532 3349 suae
552 3287 603 3348 vel
624 3307 674 3346 res
693 3287 897 3368 quamplures
915 3307 978 3348 una
997 3315 1072 3352 cum
1096 3305 1179 3357 stru.

78 3386 186 3440 menta
203 3375 394 3450 chartarum,
416 3381 480 3430 tam
499 3369 586 3451 quod
605 3367 694 3448 regio
717 3389 849 3429 munere
869 3384 1066 3453 perceperat,
1079 3399 1176 3458 quam

80 3470 112 3524 et
133 3460 173 3521 de
194 3455 327 3518 diversis
349 3453 491 3537 partibus
512 3473 570 3533 per
595 3449 807 3527 venditiones,
829 3451 1035 3532 donationes,
1065 3461 1179 3522 cessio·

80 3563 148 3617 nes,
169 3537 431 3609 commutationes
459 3535 655 3608 adtraxerat,
689 3531 739 3592 vel
765 3533 919 3615 quicquid
943 3535 974 3594 in
1003 3561 1085 3621 pago
1108 3544 1178 3622 illo,

81 3625 134 3687 vel
153 3624 223 3682 loca
240 3619 459 3701 nuncupantia
485 3616 540 3675 illa
561 3614 752 3696 possederat,
776 3617 960 3676 incendium
977 3619 1090 3683 fuisset
1113 3648 1179 3686 cre·

81 3713 216 3774 matum,
249 3702 334 3762 unde
357 3701 547 3760 relationem
570 3696 628 3756 sub
653 3695 873 3758 testificatione
899 3699 1057 3762 bonorum
1079 3706 1180 3768 homi.

81 3809 161 3850 num
181 3785 387 3866 cognovimus
408 3779 647 3854 recensendam,
669 3799 778 3838 omncs
799 3801 850 3839 res
868 3801 938 3842 suas
955 3785 1006 3844 vcl
1024 3797 1180 3851 strumen-

81 3883 112 3932 ta
132 3871 312 3932 chartarum
335 3865 466 3946 perisse,
488 3862 542 3924 vel
562 3860 645 3936 sihi,
667 3859 751 3919 sicut
770 3862 860 3923 nobis
881 3867 1045 3946 suggessit,
1067 3872 1183 3934 damna

80 3951 278 4016 sustinuisse.
320 3945 559 4027 Praecipientes
588 3962 663 4023 ergo
694 3939 837 4004 iubemus
864 3956 899 4004 ut
927 3948 1084 4030 quicquid
1112 3975 1181 4016 me.

80 4044 221 4096 moratus
245 4033 312 4109 ille,
333 4030 416 4090 sicut
439 4047 540 4105 usque
566 4046 653 4084 nunc
682 4033 744 4081 tam
763 4023 803 4084 de
826 4027 930 4104 terris,
954 4029 1109 4114 domibus,
1132 4061 1181 4099 ac·

81 4117 229 4189 colabus,
252 4111 436 4194 mancipiis,
459 4107 636 4180 libertinis,
663 4106 784 4176 vineis,
815 4111 928 4189 pratis,
952 4111 1055 4191 silvis,
1078 4122 1180 4199 aquis,

82 4218 277 4280 aquarumve
300 4193 497 4266 decursibus,
512 4190 562 4249 vel
586 4187 720 4268 reliquis
735 4189 982 4273 quibuscunque
1003 4195 1181 4279 beneficiis,

82 4303 185 4364 usque
217 4279 256 4340 acl
279 4296 429 4362 praesens
452 4295 524 4334 cum
545 4269 713 4352 aequitatis
740 4271 851 4334 ordine
874 4275 1001 4356 quietus
1028 4286 1180 4366 possedit,
