2786 4980
119 277 124 286 ’
192 303 277 386 ,34
432 319 464 376 a
483 320 563 376 cnr.
668 316 907 376 carnonam
1011 316 1072 389 ⁸⁴⁷·

225 459 424 525 adiutorium
439 457 544 535 ferre,
565 457 649 520 sicut
663 457 777 520 fratres
791 457 825 518 in
838 458 901 520 Dei
915 456 1082 522 voluntate
1110 463 1143 518 et
1162 457 1305 520 communi

225 545 375 633 profectu
389 545 496 604 tacere
517 541 655 620 debent,
676 540 710 602 in
730 539 995 625 quisbuscunque
1014 539 1222 626 potuerimus.

472 649 690 711 Annurrrsrro
734 669 835 710 nonna
875 651 1088 718 Heuuouvrcr.

308 755 335 818 I.
377 754 490 817 Sciatis
506 751 582 834 quin
601 753 714 814 fratres
731 751 833 814 nostri
852 761 885 814 et
903 775 961 815 nos
988 765 1116 816 nostros
1144 752 1251 816 Missos
1274 751 1305 812 ad

224 859 426 904 communem
446 844 595 917 nepotem
613 843 758 896 nostrum
772 834 805 894 in
820 833 1027 918 Aquitaniam
1042 837 1216 913 mittimus,
1236 843 1264 895 et
1280 834 1304 893 ei

221 924 302 984 tales
334 919 501 981 comitatus
540 916 720 998 designatos
754 918 940 980 mandamus
967 919 1000 978 in
1021 920 1142 1002 quibus
1163 916 1226 1000 ipse
1246 937 1305 976 cum

221 1005 288 1068 sais
304 1001 437 1064 'interim
457 998 656 1061 sufficienter
675 1019 742 1061 esse
756 999 875 1084 possit,
898 1012 930 1062 et
943 999 1054 1064 fideles
1071 1001 1184 1063 dilecti
1213 999 1304 1060 fratris

221 1085 322 1148 nostri
337 1081 449 1146 Karoli
469 1083 508 1143 de
524 1081 582 1142 ilio
596 1102 697 1164 regno
715 1103 826 1164 pacem
841 1081 959 1144 habere
978 1084 1117 1166 possint,
1126 1101 1225 1164 usque
1243 1080 1303 1140 dun

222 1169 309 1229 idem
330 1185 428 1248 nepos
444 1173 552 1224 noster
569 1164 608 1224 ad
624 1185 792 1226 commune
805 1166 961 1248 placitum
976 1175 1124 1228 nostrum
1143 1164 1258 1238 veniat,
1272 1162 1302 1221 ad

245 1250 310 1310 uod
329 1269 403 1308 cum
421 1245 476 1307 tali
494 1246 665 1308 securitate
687 1247 812 1307 duobis
837 1257 967 1330 accepta
996 1269 1071 1309 eum
1098 1248 1208 1311 venire
1227 1265 1302 1302 man-

220 1273 353 1406 damus,
375 1338 412 1389 ut
431 1350 525 1390 sanus
547 1329 657 1390 venire
690 1337 723 1390 et
751 1351 847 1391 sanus
872 1339 955 1392 stare
985 1338 1017 1391 et
1051 1353 1150 1393 sanus
1174 1326 1300 1404 reverti,

219 1424 375 1497 quantum
395 1411 489 1472 illum
504 1414 591 1472 Deus
615 1409 736 1472 salvare
760 1411 922 1490 voluerit,
950 1413 1058 1495 possit.
1121 1413 1164 1474 Et
1181 1410 1206 1471 si
1229 1429 1301 1468 nunc

219 1505 364 1557 nostrum
382 1493 552 1554 consilium
574 1493 685 1553 audire
700 1492 863 1572 voluerit,
885 1495 1033 1558 volumus
1051 1517 1127 1557 cum
1146 1491 1206 1554 Dei
1229 1489 1300 1548 adin-

217 1578 300 1640 torio
321 1585 354 1636 et
370 1585 476 1636 vestro
493 1575 629 1637 consilio
644 1575 847 1638 considerare
871 1579 1031 1659 quomodo
1047 1577 1181 1652 melius,
1203 1591 1301 1634 secuu-

218 1661 295 1720 dum
312 1678 512 1718 communem
536 1659 716 1740 profectum
734 1667 766 1718 et
783 1659 972 1738 utilitatem,
994 1661 1106 1720 inante
1125 1677 1192 1720 esse
1209 1654 1298 1738 possit.

218 1741 261 1803 Et
280 1739 306 1801 si
325 1749 467 1800 nostrum
483 1740 655 1801 consilium
675 1739 786 1801 audire
808 1762 873 1801 non
899 1742 1047 1818 voluerit,
1065 1752 1144 1803 tunc
1160 1738 1238 1802 sicut
1250 1755 1299 1793 me·

216 1824 280 1884 lius
300 1843 373 1883 cum
389 1821 449 1882 Dei
472 1823 633 1883 adiutorio
656 1832 688 1883 et
707 1831 812 1885 vestro
834 1825 970 1886 oonsilio
998 1825 1151 1886 invenire
1179 1815 1298 1903 potueri·

217 1928 304 1982 mus,
337 1903 454 1964 exinde
476 1925 569 1988 agere
591 1906 749 1966 volumus.

298 1984 343 2048 ΙΙ.
386 1987 499 2048 Sciatis
519 1986 613 2048 etiam
627 1989 703 2070 qnia
721 1987 872 2056 similiter,
886 1986 1143 2067 Missostnostros
1157 1982 1195 2066 ad
1203 1979 1298 2042 Britto-

217 2091 275 2131 nes
293 2067 463 2144 mittimus,
486 2079 518 2129 et
536 2068 609 2130 ilios
638 2069 677 2130 ad
706 2090 908 2131 communem
930 2072 1114 2152 profectum
1139 2076 1171 2128 et
1205 2080 1296 2152 pacem

214 2151 390 2212 hortamur.
432 2151 497 2229 Qui
517 2151 542 2211 si
566 2151 748 2228 audierint,
771 2159 826 2211 aut
850 2172 916 2211 non
940 2152 1125 2228 audierint,
1152 2168 1223 2209 cum
1246 2146 1295 2204 Del

217 2232 377 2294 adiutorio
392 2243 424 2294 ct
449 2241 556 2295 vestro
575 2232 711 2295 consilio
726 2234 845 2294 exinde
867 2233 963 2293 etiam
977 2235 1083 2294 iacere
1102 2233 1254 2296 volumus.
1344 2227 1345 2244 ¹

299 2313 362 2378 ΙΙΙ,
403 2316 516 2377 Sciatis
532 2315 608 2396 quia
629 2316 841 2376 communiter
858 2315 969 2377 Missos
998 2325 1123 2377 nostros
1150 2314 1190 2372 ad
1206 2304 1294 2370 Nord-

217 2417 352 2457 mannos
373 2420 432 2481 pro
449 2419 526 2478 pace
547 2396 733 2478 accipienda
753 2397 917 2462 mittimus.
1258 2468 1263 2481 Ι

299 2479 357 2544 lV.
399 2481 512 2542 Sciatis
526 2480 621 2540 etiam
638 2481 713 2561 quia
730 2480 867 2556 dilectus
882 2482 981 2540 frater
994 2488 1103 2539 noster
1128 2473 1293 2560 Hlothanps

216 2560 328 2622 Missos
342 2584 415 2623 suos
437 2563 476 2623 ad
493 2584 566 2623 suos
581 2562 726 2625 homines
749 2563 935 2628 transmittit
956 2561 1013 2642 qui
1036 2583 1139 2642 usque
1162 2555 1249 2645 modo
1267 2568 1293 2641 ¹.¹¹

216 2644 474 2705 contrarietatem
488 2644 599 2705 dilecti
615 2646 720 2706 fratris
739 2644 838 2706 nostri
865 2643 977 2706 Karoli
1006 2645 1159 2717 fuerunt,
1189 2649 1218 2698 et
1243 2631 1294 2690 ¹ll¹⁵

215 2727 345 2788 mandat
363 2737 398 2787 ut
416 2749 475 2808 per
497 2727 623 2786 nulium
639 2727 804 2809 ingenium
827 2726 957 2802 inante,
980 2726 1064 2787 sicut
1083 2727 1123 2786 de
1138 2719 1196 2784 Dei
1206 2729 1235 2779 et
1250 2733 1294 2774 sut

216 2808 315 2888 gratia
328 2810 466 2902 gaudere
484 2810 614 2888 volunt,
638 2809 670 2868 in
690 2809 778 2871 illius
795 2817 827 2872 et
842 2809 986 2870 fidelium
1013 2808 1083 2868 eius
1109 2797 1295 2869 contrarieta-

216 2897 282 2948 tem
302 2889 426 2970 aquuid
453 2891 582 2957 faciant,

299 2971 339 3030 V.
380 2973 421 3031 Et
437 2972 541 3032 sciatis
557 2975 633 3054 quin
648 2973 794 3033 volumus
818 2982 922 3033 utres
944 2969 1180 3045 Ecclesiarum,
1200 2965 1230 3024 in
1249 2975 1295 3018 cu*
1342 3015 1343 3064 ἰ

214 3050 396 3131 iuscunque
419 3075 519 3134 regno
534 3056 759 3134 caputsuerit,
781 3065 844 3115 tam
866 3055 905 3114 de
934 3054 1185 3136 episcopatibus,
1215 3059 1295 3126 quam

214 3131 254 3190 de
274 3131 431 3211 abbatiis,
454 3137 523 3196 sine
542 3138 608 3198 ulla
622 3137 877 3199 contradictione
893 3146 1034 3197 rectores
1053 3137 1190 3216 ipsarum
1201 3123 1295 3190 Eccle-

211 3213 348 3291 siarum,
371 3216 453 3276 sicut
473 3228 616 3300 tempore
633 3219 751 3280 Domni
770 3242 806 3282 ac
834 3219 987 3301 genitoris
1014 3217 1115 3278 nostri
1143 3209 1292 3276 fecerunt,

211 3293 283 3357 illas
303 3298 494 3376 possideant.
694 3368 701 3378 ,
1273 3363 1278 3377 Ι

295 3374 353 3441 VI.
395 3379 550 3443 Similiter
569 3381 655 3444 etde
673 3381 907 3476 episcopatibus
927 3391 960 3442 et
985 3377 1206 3451 monasteriis,
1233 3367 1293 3428 ubl·

210 3479 340 3542 cunque
358 3462 390 3522 in
410 3473 517 3524 nostro
532 3485 693 3524 commum
708 3485 809 3546 reguo
826 3465 919 3525 aliter
936 3474 983 3524 est
999 3463 1094 3523 modo
1111 3479 1204 3542 quam
1216 3449 1294 3514 debe·
1341 3465 1342 3468 ’

198 3550 262 3619 at,
285 3544 432 3608 volumus
448 3567 512 3605 una
525 3569 599 3607 cum
613 3548 673 3607 Dei
690 3547 849 3607 adiutorio
869 3546 953 3607 iliud
968 3543 1160 3620 emendare,
1195 3547 1228 3598 ut
1241 3533 1294 3592 EC·

209 3624 306 3686 clesia
328 3627 389 3687 Dei
416 3649 510 3689 suum
523 3630 679 3690 honorem
701 3628 844 3690 debitum
860 3628 978 3689 hahere
1010 3626 1125 3710 possit,
1154 3632 1186 3686 et
1205 3633 1293 3703 popu·

208 3705 259 3768 lus
280 3729 369 3769 suam
388 3710 494 3794 legem
511 3719 544 3770 et
562 3709 714 3773 iustitiam
740 3711 862 3772 haheat.

511 3819 808 3882 Annunrrarro
850 3820 1022 3880 Kanonr.

287 3920 314 3988 I.
358 3921 471 3984 Sciatis
485 3923 562 4004 quia
575 3923 687 3984 dilecti
706 3925 820 3984 fratres
838 3923 938 3984 nostri
962 3932 993 3983 et
1017 3941 1075 3980 nos
1096 3905 1293 3980 communiter
1340 3889 1341 3900 ἢ

205 4015 350 4066 nostrum
368 4006 518 4088 placitum
538 4006 578 4065 ad
594 4005 722 4065 Missam
745 4005 846 4066 sancti
871 4004 1021 4064 Iohannis
1048 4001 1131 4082 apud
1154 3989 1292 4059 parisium

204 4087 389 4148 condictum
414 4087 585 4162 habemus,
608 4087 664 4147 ubi
688 4087 727 4146 de
743 4086 810 4148 istis
828 4109 910 4170 quae
938 4087 986 4147 ilii
1015 4084 1108 4145 modo
1133 4074 1290 4141 dixerunt,

204 4176 238 4225 et
253 4171 388 4232 caeteris
408 4193 491 4253 quae
511 4170 550 4230 ad
571 4169 631 4231 Dei
650 4170 852 4231 voluntatem
878 4178 909 4229 et
937 4178 1080 4229 nostrum
1106 4186 1141 4225 ac
1169 4165 1292 4222 vestrum

202 4269 407 4314 communem
420 4256 602 4341 profectum
619 4251 767 4317 invenire
782 4252 993 4338 potuerimus,
1017 4245 1248 4313 consideremus
1266 4235 1291 4292 et
1339 4315 1340 4334 Χ
