2746 4992
204 283 275 353 220
426 304 553 360 actas.
660 299 932 356 coaentrronrs
1033 301 1091 372 ata.

203 444 374 520 dixerunt,
398 452 431 503 et
451 444 546 502 certis
567 441 696 502 indiciis
711 463 750 502 ex
774 447 876 502 vestra
907 440 1107 502 unanimitate
1137 453 1263 505 monstra-

202 535 336 601 verunt,
359 531 419 587 etc.
440 545 533 606 usque
558 524 810 586 antecessoribus
826 522 1052 600 exhibuerunt,
1068 542 1136 605 pag.
1165 527 1218 602 ¹74·

552 669 912 735 nununrlnrlo

470 803 675 864 Hincnanr
716 801 1045 866 Ancarrrrscorr.

282 910 327 968 Ne
345 910 441 973 alicui
467 913 548 968 sorte
564 908 710 970 videatur
727 908 902 990 incongrue
920 932 956 969 ac
976 908 1212 990 praesumptiose
1231 929 1268 966 ne

204 1015 238 1048 ae
256 993 439 1070 provinciae
463 1002 587 1051 nestrae
611 992 809 1051 venerabiies
837 993 1049 1072 Coepiscopos
1074 991 1173 1051 facere
1204 1011 1268 1070 qua-

204 1077 298 1147 niann,
314 1085 362 1133 ein
380 1097 473 1152 insipie
493 1077 538 1134 Te
547 1077 651 1134 Deum
674 1073 852 1150 laudamus,
871 1095 942 1156 pag.
962 1075 1028 1153 174.
1041 1106 1081 1119 -
1099 1073 1159 1153 176.

223 1220 460 1282 Berzedictiones
481 1241 575 1304 super
591 1222 702 1300 Regem
720 1220 871 1282 Karqum
886 1236 956 1282 aitte
973 1225 1107 1284 Missam
1142 1222 1255 1282 cettan

619 1305 719 1364 sancti
735 1304 886 1386 Stephani

443 1435 621 1496 barnarius
653 1433 827 1496 Errscorus
856 1436 1044 1495 Marrrnsrs.

279 1565 386 1640 Deus,
408 1564 464 1644 qui
494 1563 621 1645 populis
651 1561 714 1622 tuis
739 1561 940 1643 indulgentia
972 1564 1116 1625 consulis
1137 1572 1167 1624 et
1186 1584 1270 1622 amore

198 1644 379 1720 dominaris,
397 1645 435 1704 da
453 1645 529 1705 buie
543 1644 662 1704 famulo
676 1655 733 1704 tuo
763 1645 910 1723 spiritum
930 1647 1127 1726 sapientiae,
1160 1646 1208 1705 cui
1227 1645 1271 1703 de-

195 1727 269 1784 disti
289 1728 431 1804 regimen
449 1728 655 1808 discipliuae;
678 1737 714 1786 ut
735 1726 791 1785 tibi
811 1736 876 1786 toto
901 1731 997 1789 corde
1022 1728 1175 1805 devotus,
1203 1738 1230 1788 et
1247 1729 1270 1784 in

194 1807 285 1882 regni
317 1810 472 1884 regimine
488 1820 614 1868 anaaaeat
632 1831 757 1890 semper
774 1809 931 1884 idonens,
955 1821 986 1870 et
1010 1811 1052 1869 iu·
1071 1813 1162 1872 bouis
1185 1811 1271 1890 operi-

195 1889 253 1947 bus
268 1913 495 1969 perseverans‚
517 1892 554 1950 ad
579 1901 744 1951 aeternum
761 1912 895 1974 regnum
907 1902 938 1954 te
957 1895 1039 1954 duce
1055 1895 1159 1954 valeat
1178 1913 1271 1976 perve-

200 1970 278 2032 nire.
319 1974 382 2034 Por
397 1975 586 2050 Dominum,
609 1983 668 2036 etc.

513 2101 657 2162 Hirro
696 2101 991 2161 Vranunansrs.

272 2215 399 2274 Gratiae
414 2223 503 2291 tuae,
526 2235 733 2295 quaesumus,
754 2214 907 2292 Domine,
929 2214 1006 2276 huie
1019 2215 1144 2276 famulo
1163 2224 1213 2274 tuo
1229 2215 1270 2272 tri·

192 2295 255 2353 bue
272 2296 465 2375 largitatem
489 2305 523 2355 ut
545 2297 690 2356 mandata
705 2307 759 2356 tna
778 2307 809 2356 te
843 2306 992 2378 operante
1015 2300 1186 2370 sectando,
1206 2319 1268 2356 eon-

190 2376 381 2436 soiationem
399 2379 574 2462 praesentis
597 2379 679 2439 vitae
695 2379 851 2462 percipiat
866 2390 897 2440 et
917 2381 1052 2443 futurae.
1093 2381 1159 2442 Per
1177 2383 1266 2440 Dumi-

194 2480 291 2536 num,
316 2469 373 2523 ete.

488 2593 707 2654 Anauros
748 2593 989 2652 Turrensis.

271 2709 411 2784 Nostris,
435 2729 643 2789 quaesumus,
664 2708 819 2783 Domine,
842 2708 875 2765 in
895 2708 1049 2788 regimine
1066 2707 1156 2768 istius
1171 2707 1263 2765 famuli

186 2793 232 2848 tui
249 2792 421 2872 propitiare
440 2793 651 2870 temporibus;
676 2801 711 2850 ut
728 2801 782 2850 tuo
800 2811 931 2849 munere
953 2791 1107 2870 dirigatur
1121 2801 1154 2852 et
1175 2801 1264 2850 nostra

186 2875 339 2934 securitas
363 2883 393 2933 et
408 2873 536 2934 devotio
555 2873 745 2934 Christiana.
786 2874 847 2932 Per
866 2873 1049 2930 Dominum.

488 3004 660 3063 Franco
703 3003 978 3066 Tunoarasrs.

263 3147 329 3218 Da,
352 3164 561 3223 quaesumus,
581 3143 719 3203 Domine
736 3141 812 3204 buie
827 3144 947 3202 famulo
967 3152 1024 3202 tuo
1037 3145 1172 3204 salutem
1191 3164 1261 3202 meii-

185 3227 226 3287 tis
246 3235 278 3287 et
297 3228 459 3308 corporis;
486 3235 521 3284 ut
537 3226 629 3286 bonis
653 3225 801 3306 operibus
830 3225 1048 3303 inhaerend0,
1082 3237 1136 3284 tna
1154 3218 1260 3306 s'emper

185 3321 346 3371 mereatur
361 3309 477 3368 virtute
498 3307 640 3373 defendi.
680 3309 743 3371 Per
757 3307 939 3368 Dominum.

412 3441 683 3500 Hrucnanus
725 3439 1044 3499 Lauauneasrs.
1104 3506 1106 3510 ,

260 3555 525 3620 Benedictionem
548 3563 653 3630 tuam,
675 3552 831 3631 Domine,
854 3551 908 3611 hie
929 3554 1066 3614 famulus
1095 3563 1168 3615 tuus
1187 3551 1256 3612 aeci-

181 3648 266 3726 piat:
289 3663 351 3721 qua
368 3659 500 3718 corpore
515 3637 653 3697 salvatus
669 3644 701 3698 et
724 3644 846 3709 mente,
868 3644 901 3694 et
923 3645 1041 3716 gratam
1067 3635 1125 3695 tibi
1149 3652 1257 3716 semper

181 3727 329 3786 exhibeat
349 3722 554 3795 servitutem,
577 3729 609 3780 et
622 3717 856 3800 propitiationis
878 3725 953 3778 tuae
973 3718 1130 3780 beneficia
1149 3734 1256 3799 semper

181 3810 333 3871 iuveniat.
375 3805 438 3868 Per
458 3803 641 3865 Dominum,

1152 3913 1159 3938 1

458 3934 546 3994 Ono
588 3933 975 3992 Bannovacsnsrs.
1028 3947 1087 3973 ’··

263 4055 433 4128 Conserva,
452 4072 653 4132 quaesumus,
675 4045 823 4124 Domine,
845 4045 932 4108 hune
949 4047 1104 4106 famulum
1118 4055 1211 4120 tuum,
1231 4051 1256 4099 et
1332 4033 1333 4036 ¹

179 4137 441 4199 benedictionum
451 4144 577 4194 tuarum
591 4131 747 4214 propitius
763 4129 906 4190 ubertate
920 4129 1063 4213 purifica,
1073 4139 1109 4188 ut
1119 4123 1254 4187 eruditio·

183 4222 277 4283 uibus
298 4217 361 4280 tuis
378 4236 502 4300 semper
522 4214 756 4298 multiplicetur
767 4222 799 4276 et
813 4211 914 4272 donis.
954 4213 1018 4274 Per
1034 4210 1209 4272 Dominum,
