2746 4992
328 325 359 376 a.
380 324 456 376 cun.
561 315 826 388 mammosam
931 316 991 382 sas.
1145 293 1216 370 267

110 466 190 527 Ideo
210 463 255 524 eis
272 461 485 524 'concedimus
504 457 543 519 alr
563 456 641 517 hinc
659 456 693 515 iu
712 456 859 515 futurum
885 456 991 519 nullas
1020 456 1096 518 alias
1121 479 1219 539 super
1254 485 1256 489 ·

109 571 166 610 eos
194 547 265 606 lieri
293 545 519 624 inquisitiones
540 539 601 601 uisi
624 540 711 601 unde
734 539 847 628 Karoli
870 548 902 600 et
928 538 978 599 avi
1010 539 1112 601 nostri
1134 550 1217 601 tem.

106 651 189 715 pore
215 629 317 689 factae
334 631 476 686 fuerunt.
547 679 549 684 .
800 649 803 654 ·

159 749 162 754 Δ
194 712 256 774 lll.
293 713 345 771 'De
362 709 472 769 liberis
487 704 672 767 hominibus
698 705 755 784 qui
780 725 878 784 super
904 702 1035 765 alterius
1060 725 1112 764 res
1136 704 1217 763 resi-

107 795 210 872 dent,
233 804 265 854 et
283 813 384 874 usque
403 813 489 851 nunc
506 791 524 854 d
541 787 698 848 Ministris
712 786 911 868 reipublicae
928 797 1038 846 contra
1055 785 1161 867 legem
1178 787 1219 846 ad

106 878 230 960 placita
255 867 544 958 protrahebantur,
586 870 809 931 constituimus
844 880 881 929 ut
913 870 1092 930 secundum
1113 869 1219 950 legem

107 959 239 1042 patroni
255 978 366 1019 eorum
382 978 436 1018 eos
451 956 490 1017 ad
507 954 662 1037 placitum
683 953 852 1017 adducant.
893 953 936 1014 Et
959 952 986 1012 si
1010 951 1082 1032 quis
1105 961 1218 1028 contra

107 1045 195 1104 hanc
225 1051 364 1101 nostram
386 1040 609 1101 anctoritatem
634 1044 801 1096 eteorum
830 1037 934 1117 legem
963 1056 1016 1095 cos
1047 1035 1218 1117 pignorare

112 1137 166 1186 aut
191 1125 384 1205 distringere
401 1118 670 1204 praesumpserit,
700 1129 836 1199 patrono
865 1140 978 1178 eorum
1011 1119 1118 1177 omnia
1145 1139 1218 1176 cum

113 1211 183 1290 lege
208 1208 374 1282 emendet,
397 1215 428 1266 et
446 1205 579 1286 iusuper
599 1223 658 1284 pro
689 1200 817 1262 incauta
842 1200 1103 1284 praesumptione
1136 1199 1218 1261 ban-

116 1313 192 1352 num
206 1299 349 1350 nostrum
369 1297 546 1370 componat.
558 1327 568 1352 ,
1100 1320 1103 1327 ·

195 1373 254 1437 Ν.
297 1374 345 1432 De
362 1369 547 1448 homicidio,
569 1365 656 1427 unde
680 1367 733 1426 lex
756 1388 815 1448 pro
838 1365 1041 1448 simplicitate
1061 1363 1221 1448 probatio·

116 1479 186 1518 nem
202 1456 299 1516 trium
317 1451 446 1514 testium
467 1451 616 1534 quaerit,
639 1458 670 1509 et
690 1459 786 1510 testes
811 1449 929 1510 habere
959 1471 1023 1510 nou
1053 1448 1216 1529 potuerit,

112 1538 319 1601 concedimus
341 1545 375 1595 nt
389 1557 462 1596 cum
476 1533 647 1596 duodecim
661 1531 856 1593 iuratoribus
876 1532 979 1611 iuret,
1002 1543 1035 1594 et
1047 1532 1088 1592 ab
1106 1531 1219 1594 eadem

110 1621 317 1705 simplicitate
335 1619 497 1679 absolutus
519 1615 685 1699 proprium
699 1635 765 1674 non
790 1615 920 1675 amittat.

196 1703 235 1763 V.
277 1695 325 1762 De
344 1701 463 1761 chartis
477 1722 559 1782 quae
574 1700 591 1758 d
607 1696 797 1779 quibusdam
811 1696 958 1780 personis
982 1695 1080 1756 falsae
1103 1697 1217 1780 appel-

108 1788 222 1849 lantur
239 1784 461 1846 constituimus
482 1794 518 1843 ut
533 1782 559 1843 si
583 1781 732 1858 Notarius
758 1779 957 1862 superfuerit
986 1788 1018 1840 et
1035 1787 1132 1840 testes
1159 1778 1219 1861 qui

110 1892 182 1931 eam
204 1890 313 1928 veram
331 1875 363 1927 et
379 1866 527 1926 idoneam
544 1863 679 1936 t'aciaut;
703 1871 735 1923 et
753 1863 778 1923 si
807 1874 903 1924 testes
932 1861 1051 1922 mortui
1072 1862 1216 1940 fuerint,

111 1962 147 2020 et
165 1950 315 2012 Notarius
338 1949 545 2031 superfuerit,
566 1967 640 2007 cum
654 1945 827 2007 duodecim
843 1944 1037 2007 iuratoribus
1056 1965 1164 2006 veram
1183 1954 1218 2006 et
1266 1967 1270 1986 =

111 2034 263 2094 idoneam
285 2054 354 2093 eam
379 2033 484 2092 faciat.
533 2032 707 2091 Concessas
730 2028 871 2111 denique
903 2027 1077 2110 petitiones
1098 2038 1218 2090 vestras

113 2115 387 2178 consideravimus
409 2115 557 2175 etiamen
576 2131 657 2195 quae
673 2111 712 2170 ad
729 2131 784 2170 nos
796 2111 963 2193 iampridie
981 2121 1216 2193 pervenerunt,

111 2209 147 2260 et
166 2200 206 2259 ad
221 2197 410 2260 resecandas
433 2197 591 2258 malorum
610 2193 813 2256 insidiatores
829 2193 943 2258 iisdcr'n
963 2193 1140 2276 adiungere
1163 2205 1217 2254 ca-'o
1262 2231 1264 2234 -

109 2281 245 2366 pitulis;
269 2281 303 2340 id
325 2289 389 2341 est:
977 2284 979 2288 ’

182 2387 230 2442 VI.
266 2388 295 2442 Si
314 2388 375 2458 quis
393 2386 512 2457 aliquem
532 2384 566 2438 de
590 2385 685 2458 aliquo
712 2383 863 2450 mallaverit
880 2385 1007 2452 negotio,
1043 2391 1071 2436 et
1099 2381 1148 2436 ille
1167 2383 1216 2454 qui

108 2457 240 2510 mallatus
260 2459 342 2512 luerit
366 2458 439 2535 dica't
455 2457 516 2508 ideo
536 2458 560 2510 ei
582 2457 744 2527 respondere
762 2457 853 2519 nolle,
883 2456 948 2524 quia
974 2471 1064 2508 servus
1089 2463 1131 2506 est
1148 2454 1218 2506 alte·

108 2529 178 2588 rius,
200 2538 248 2580 aut
270 2530 292 2581 si
314 2527 468 2580 testimonia
483 2527 661 2596 produxerit,
690 2537 718 2578 et
734 2526 859 2578 similiter
879 2525 978 2578 dixerit
1002 2524 1076 2595 quod
1095 2542 1126 2575 ea
1147 2524 1231 2583 1·εοί-ι

107 2616 175 2670 pere
193 2617 248 2650 non
266 2598 349 2650 debet
368 2599 432 2668 quia
451 2583 548 2666 aliquis
567 2615 659 2648 eorum
681 2615 771 2649 servus
786 2597 830 2658 sit,
850 2597 973 2648 nominet
991 2596 1130 2646 dominum
1148 2595 1216 2656 cius,

109 2679 139 2720 et
157 2670 195 2720 sic
214 2669 262 2721 det
279 2669 363 2720 wadia
383 2668 417 2720 de
437 2685 468 2718 eo
495 2668 671 2734 adducend03
699 2677 727 2719 et
749 2668 835 2738 posito
858 2667 958 2737 placito
978 2667 1007 2716 in
1026 2674 1160 2738 quantum
1176 2666 1217 2716 ire

108 2738 159 2788 ubi
183 2748 245 2790 cam
271 2738 392 2790 invenire
410 2738 496 2790 credit
514 2747 543 2788 et
558 2739 655 2789 reverti
673 2756 750 2806 posse
768 2737 872 2788 iudices
892 2736 1021 2798 dixerint,
1040 2736 1062 2786 si
1084 2737 1113 2786 in
1131 2734 1216 2804 placi-

106 2819 139 2861 to
170 2810 320 2860 constituto
347 2809 485 2860 dominum
516 2825 570 2858 non
592 2808 757 2870 adduxerit,
794 2806 845 2858 nisi
863 2823 910 2876 pro
945 2816 1022 2859 certo
1049 2806 1088 2857 ita
1122 2821 1217 2858 verum

107 2896 168 2930 esse
194 2879 350 2932 crediderit.
404 2878 487 2946 Quod
512 2879 533 2928 si
559 2879 647 2929 iurare
673 2897 753 2930 ausus
781 2895 836 2929 non
872 2876 969 2940 suerit,
1006 2877 1075 2947 quin
1103 2893 1151 2944 pro
1170 2893 1217 2927 oc·

106 2950 218 3001 casinae
229 2948 408 3018 prolongandi
425 2948 556 2999 iustitiam
575 2947 721 3008 abdixerit,
741 2956 883 3018 componat
895 2947 936 2997 illi
953 2947 1073 2998 bannum
1092 2957 1216 2998 nostrum

107 3029 137 3070 ct
162 3019 293 3070 iustitiam
315 3019 495 3088 plenissimam
521 3018 611 3070 faciat.
657 3015 685 3069 Si
710 3036 771 3069 vero
799 3019 918 3088 aliquem
945 3017 1091 3068 adduxerit
1114 3017 1161 3086 qui
1187 3034 1215 3068 se

106 3089 249 3140 domiuum
272 3089 330 3141 cius
349 3090 432 3150 dicat,
463 3097 490 3139 ct
508 3089 586 3138 illuni
617 3106 697 3155 quem
719 3089 753 3140 dc
774 3089 881 3140 servitio
906 3087 1055 3158 appellavit
1077 3087 1216 3156 applicare

106 3159 144 3209 ad
162 3160 299 3211 servitium
326 3177 381 3210 non
407 3157 542 3218 voluerit,
568 3167 636 3210 tuuc
652 3159 708 3228 ipse
734 3160 781 3226 qui
804 3177 831 3210 se
855 3158 994 3209 dominam
1024 3176 1080 3208 esso
1105 3157 1213 3218 dixerit,

105 3228 230 3279 bannum
255 3238 374 3280 nostrum
398 3229 439 3279 illi
466 3240 609 3296 componat
632 3246 664 3279 eo
683 3230 758 3299 quod
783 3229 999 3280 conculcandam
1020 3228 1150 3279 iustitiam
1174 3228 1215 3277 in-

106 3299 240 3350 iciuuium
265 3300 322 3352 tale
347 3317 426 3351 ausus
455 3297 536 3350 fuerit
561 3299 661 3349 facere.
698 3300 816 3350 Crimina
839 3315 902 3350 vero
926 3299 950 3348 si
977 3317 1057 3366 super
1080 3315 1142 3349 cum
1167 3315 1217 3366 pro
1248 3333 1252 3347 .

106 3365 248 3421 dilatanda
271 3370 374 3422 iustitia
393 3370 530 3438 imponere
549 3368 674 3432 voluerit,
703 3369 816 3439 probare
839 3377 951 3436 cogatur
995 3369 1029 3420 Et
1054 3369 1076 3418 si
1102 3368 1215 3436 probare

104 3457 161 3489 non
187 3440 324 3509 potuerit,
352 3441 377 3493 ei
405 3439 535 3490 iustitiam
559 3438 656 3502 saciat,
693 3451 722 3492 et
744 3441 854 3509 insuper
878 3439 998 3490 bannum
1024 3449 1144 3492 nostram
1168 3457 1213 3508 pro

104 3518 184 3561 tauta
203 3510 354 3574 calliditate
377 3526 537 3578 componere
557 3519 675 3574 cogatur.
1077 3531 1082 3540 ⁷

174 3581 238 3632 Vll.
276 3581 303 3632 Si
315 3581 382 3632 forte
393 3579 525 3650 quispiam
537 3579 656 3649 aliquem
673 3577 832 3638 mallaverit,
844 3587 872 3630 et
889 3576 938 3629 ille
949 3578 996 3646 qui
1011 3576 1136 3628 mallatus
1155 3577 1214 3628 lnc-

104 3651 150 3710 rit,
170 3649 271 3701 dixerit
281 3665 342 3702 eum
353 3669 431 3702 suum
448 3667 552 3700 servum
566 3667 635 3710 esse,
653 3648 698 3701 vel
713 3649 781 3698 alius
797 3648 825 3698 in
837 3648 893 3718 ipsa
912 3648 1091 3700 altercatione
1102 3648 1213 3698 venicus

104 3720 140 3773 ad
162 3720 299 3772 servitium
319 3720 486 3782 mallaverit,
513 3719 639 3772 iubemus
663 3729 694 3770 ut
718 3719 924 3788 praesentaliter
937 3718 1009 3770 inter
1033 3735 1060 3770 se
1085 3718 1212 3778 wadient,

104 3801 136 3841 ut
154 3790 189 3841 ad
207 3791 324 3859 primum
344 3801 391 3843 aut
407 3789 560 3843 secundum
578 3790 623 3842 vel
639 3789 751 3841 tertium
765 3789 898 3858 placitum
915 3803 1022 3840 cansam
1038 3789 1121 3854 ipsam
1147 3788 1214 3839 dcli-

102 3861 171 3913 niat.
191 3861 265 3913 luter
281 3861 412 3931 placitum
424 3879 486 3913 vero
502 3869 529 3913 et
539 3861 670 3931 placitum
689 3859 744 3910 sint
754 3859 810 3911 dies
823 3859 989 3930 quindecim.
1025 3858 1147 3910 Tertium
1166 3876 1214 3908 aa·

101 3940 157 3982 tem
171 3931 281 4000 quando
302 3932 396 3984 Comes
413 3931 545 4000 placitum
561 3930 696 3992 habuerit,
714 3933 738 3980 si
753 3929 822 3980 infra
839 3947 923 3981 unum
942 3928 1099 3982 comitatum
1118 3939 1165 3980 cst.
1185 3931 1213 3979 Si

103 4009 195 4052 autem
212 4002 240 4051 in
256 4000 395 4064 ati0,'sint
412 4003 472 4061 XX,
492 4017 527 4053 ne
550 4019 598 4070 pro
623 4000 671 4054 tali
688 4002 831 4053 occasione
855 4000 879 4052 ei
898 3999 1001 4050 iustitia
1026 3997 1213 4070 prolongetur.

102 4071 185 4138 Quod
196 4071 219 4123 si
232 4070 263 4123 in
276 4070 317 4124 his
336 4073 422 4126 tribus
437 4071 544 4141 placitis
563 4072 612 4124 ille
630 4071 678 4142 qui
696 4072 803 4142 quaerit
820 4069 979 4138 neglexerit,
997 4077 1112 4138 excepto
1130 4071 1214 4120 servi-

102 4143 141 4192 tio
161 4141 239 4207 Regis
254 4150 282 4194 et
295 4153 343 4194 aut
359 4142 509 4196 inevitabili
522 4142 694 4205 necessitate,
714 4151 742 4193 et
758 4141 854 4194 Comes
870 4141 1003 4210 placitum
1016 4139 1152 4196 hahuerit..
1166 4140 1212 4191 ille

103 4229 214 4282 quoque
228 4211 296 4263 alius
311 4214 431 4266 adsuam
448 4213 612 4282 probandam
627 4211 781 4264 libertatem
796 4220 906 4282 paratus
921 4208 1011 4266 faerit,
1029 4219 1097 4262 tuuc
1115 4213 1213 4262 Comes

104 4297 210 4338 eausam
229 4283 389 4356 prodefaciat
404 4284 495 4338 veluti
507 4283 527 4338 si
542 4284 599 4356 ipse
623 4284 672 4358 qui
694 4282 801 4355 quaerit
814 4297 938 4354 praescus
959 4281 1064 4346 fnisset,
1093 4291 1120 4335 et
1142 4281 1214 4333 altra
