2712 4992
505 315 759 400 sianorntcnr-

95 457 259 524 accusabat
280 453 608 538 aliquemliomioem
622 456 751 522 nomine
774 451 874 511 illum.
886 469 923 510 eo
944 449 1030 529 quod
1053 453 1211 536 aliquam„

93 543 246 616 seminam
273 541 403 608 nomine
433 540 521 615 illam
549 539 610 609 iam
637 559 722 596 anno
747 535 875 616 expleto
903 532 971 592 sine
996 534 1191 600 diffinitione

92 633 276 708 parentum,
296 623 349 682 vel
370 622 438 682 sine
464 623 531 680 eius
554 622 691 679 clamore
713 629 767 678 aut
790 615 1029 690 vociferatione,
1053 641 1120 680 eam
1135 644 1193 681 vo.

91 709 218 768 lentem
241 703 406 787 rapuisset,
428 714 522 783 etque
545 704 578 760 in
606 700 755 783 coniugio
791 700 851 772 silij
878 699 960 755 malo
986 701 1098 761 ordine
1120 725 1194 763 con-

91 799 143 850 tra
170 789 274 868 legem
301 796 332 846 et
361 786 514 859 iustitiam
543 777 699 846 sociasset.
750 782 814 859 Qui
848 781 909 838 iam
940 779 1042 845 dictus
1077 785 1133 844 ille
1163 793 1209 847 et,
1276 826 1278 835 ι

117 871 247 936 raefata„
266 868 322 928 illa
352 868 419 944 linc,
443 869 600 948 denegare
635 888 699 926 non
724 864 1005 947 potueruntssed
1038 866 1071 924 in
1095 869 1196 926 omni-

92 893 155 1013 Eus
177 951 286 1011 taliter
308 952 442 1026 fuerunt
462 945 606 1030 professi,
627 948 714 1028 quod
739 947 829 1006 ambo
849 945 968 1027 pariter
990 951 1201 1026 constantien-,v

93 1045 155 1112 tes,
182 1033 227 1094 sic
253 1034 290 1092 ab
314 1032 419 1092 eidem
442 1043 546 1092 actum
572 1032 623 1100 uel
647 1039 862 1112 perpetratum
883 1028 995 1088 fuerat.
1038 1033 1206 1112 Tnncips

93 1118 121 1177 si
149 1115 211 1190 viri
236 1116 292 1196 qui
316 1115 435 1176 ibidem
461 1115 611 1189 aderant,
635 1115 697 1178 talc
719 1112 878 1172 dederunt
903 1111 1058 1179 iudicium
1083 1123 1120 1173 ut
1143 1137 1196 1175 se-

94 1199 239 1259 cundum
266 1200 383 1278 Legem
408 1198 581 1272 Romanam
607 1218 664 1275 pro
685 1195 744 1254 hac
771 1195 865 1273 culpa
886 1193 977 1256 ambo
1000 1196 1120 1276 pariter
1145 1197 1197 1259 v'i-

93 1291 146 1342 tae
169 1280 351 1360 periculum
378 1279 608 1351 incurrissent,
639 1279 690 1339 nel
714 1276 905 1342 sententiam
930 1278 1039 1338 mortis
1069 1279 1108 1338 oh
1133 1278 1203 1342 hoc,-

94 1361 202 1427 scelus
227 1361 435 1441 excepissent.
478 1361 542 1420 Sed
573 1358 865 1420 intervenientibus
895 1359 988 1420 honis
1012 1359 1195 1422 lsominihus

94 1444 205 1504 taliter
225 1443 271 1510 eis
298 1445 451 1509 convenit
480 1455 516 1506 ut
534 1443 595 1502 iam
621 1442 694 1502 dicti
721 1441 866 1500 homines
891 1463 949 1520 pro
974 1443 1196 1524 redemptione

95 1526 182 1592 vitae
209 1546 320 1585 eorum
345 1525 447 1584 wadio
464 1527 536 1585 snos
561 1524 729 1588 iamdicto
753 1523 809 1584 illo
830 1523 1050 1604 unusquisqne
1069 1547 1197 1604 proso·

95 1605 180 1668 lidos
201 1615 304 1669 tant-os
325 1607 399 1672 dare
421 1608 585 1682 deberent,
608 1607 696 1686 quod
711 1607 751 1664 ita
772 1613 804 1664 et
823 1606 982 1677 fecerunt,
1006 1615 1036 1666 et
1054 1607 1199 1688 liocplaa

94 1691 198 1752 eitum
217 1689 407 1766 institutum,
430 1690 518 1770 qnod
539 1691 648 1756 evenit
669 1699 745 1750 tunc
771 1689 939 1768 temporis,
967 1687 1038 1755 hoc,
1059 1691 1197 1750 debeant

95 1772 273 1839 desolvere.
315 1771 408 1830 Unde
432 1783 463 1831 et
492 1772 710 1831 fideiussorem
729 1793 785 1850 pro
814 1771 889 1851 ipsis
918 1771 1027 1831 solidis
1053 1772 1195 1852 aliquem

93 1855 261 1915 hominem
294 1853 423 1920 nomine
449 1855 542 1913 illum
568 1853 801 1934 obligaverunt.
863 1855 1035 1932 Propterea
1064 1875 1195 1914 necesse

94 1938 162 1999 fuit
187 1935 262 2016 ipsis
284 1944 322 1998 ut
342 1935 425 1995 hanc
447 1937 595 1996 notitiam
618 1935 734 1998 exinde
754 1934 898 2015 accipere
920 1935 1084 2012 deberent,
1107 1937 1205 2017 quod·¹

95 2021 141 2079 ita
171 2028 203 2078 et
226 2017 390 2092 fecerunt,
413 2027 449 2076 ut
475 2019 500 2078 si
525 2019 692 2078 necessitas
719 2017 878 2090 evenerit,
899 2017 1044 2088 omnib-us
1064 2017 1105 2078 sit
1128 2041 1195 2083 ma-¹

96 2101 253 2160 nifesturn
279 2099 617 2181 qualiter'supradicti
644 2100 790 2158 homines
821 2100 905 2159 infra
933 2100 1196 2179 quinquennium

97 2184 141 2244 ali
159 2183 224 2259 hnc
247 2183 368 2246 scelere
391 2184 537 2244 convicti·
552 2185 603 2244 vel
629 2182 824 2264 comprobati
847 2191 1072 2266 apparuerunt.

450 2308 607 2370 Iudicium
624 2308 849 2374 ,evindicatum

184 2423 331 2486 XXXIII.
373 2421 434 2483 Ille
456 2424 524 2482 Rex
549 2422 600 2483 vir
622 2421 758 2483 inluster
786 2423 843 2484 illo
867 2423 999 2503 Gemite.
1052 2425 1197 2490 Veniens

100 2512 161 2574 ille
188 2508 222 2566 in
248 2516 353 2565 nostra
373 2506 616 2576 velProcerum
635 2501 815 2566 nostrorum
841 2506 1020 2587 praesentia
1042 2511 1205 2590 suggessit.

102 2616 142 2654 eo
168 2589 255 2670 quod
277 2588 392 2667 aliquis
419 2587 514 2647 horno
541 2588 670 2648 nomine
695 2587 750 2656 ille
773 2587 918 2669 pagensis
940 2598 1046 2650 vester
1073 2593 1198 2652 eumin

101 2677 159 2738 via¹
177 2671 261 2730 malo
285 2671 396 2730 ordine
425 2669 610 2746 adsallisset,
633 2680 664 2730 ct
688 2691 738 2730 res
760 2692 831 2730 suas
854 2669 884 2730 ei
909 2671 1043 2749 tulisset,
1063 2675 1117 2734 vel
1132 2695 1200 2754 gra-

102 2758 188 2820 viter
204 2755 307 2834 ipsum
334 2747 515 2822 livorasset;
539 2762 570 2811 et
591 2753 636 2813 -ob
663 2752 725 2811 hoc
749 2753 840 2823 volsis
865 2752 1087 2834 per'nostram
1110 2757 1199 2816 ordi-

104 2838 268 2900 nationem
285 2833 430 2896 iussimus
456 2843 503 2911 ut,
524 2833 603 2894 datis
626 2834 875 2909 fideiussoribus,
897 2833 1049 2898 kalendas
1074 2837 1145 2898 illas
1160 2861 1201 2900 ex

101 2922 168 2981 hoc
194 2919 226 2976 in
255 2924 361 2978 nostra
384 2917 562 2998 praesentia
590 2915 773 2977 debuissent
808 2919 930 2994 adstare
965 2919 1221 2991 ratiocinantes„

106 3003 172 3064 Sed
197 3009 387 3062 memoratus
415 2999 547 3080 quidem
570 2999 627 3058 ille
659 3021 718 3080 per
745 2999 887 3059 triduum
916 3021 1008 3060 sunm
1029 3003 1204 3080 custodivit

105 3084 272 3168 placitum,
304 3091 336 3141 et
356 3082 417 3140 iam
442 3081 528 3141 dicto
555 3081 613 3141 illo
638 3082 814 3144 secundum
837 3082 941 3162 legem
962 3083 1128 3146 adiectivit
1151 3087 1203 3148 vel

107 3164 264 3227 solsativit
277 3187 295 3241 ;·
311 3165 368 3244 qui
393 3183 452 3223 nec
474 3163 564 3224 sonia
584 3163 756 3236 nuntiavit,
779 3185 839 3224 nec
861 3185 953 3224 sunm
972 3166 1126 3247 placitum
1148 3167 1205 3228 ad-

108 3246 264 3328 implevit.
304 3247 456 3326 Proptere
498 3246 628 3305 omnino
658 3247 715 3305 tibi
737 3246 893 3323 iubemus,
915 3248 990 3307 duno
1013 3249 1091 3310 tales
1115 3250 1205 3312 vobis

110 3331 199 3391 datos
223 3327 335 3388 habuit
353 3329 564 3403 fideiussores,
584 3337 616 3388 et
629 3329 780 3410 placitum
794 3350 887 3390 snum
901 3327 1086 3400 nullatenus
1105 3343 1210 3409 custo·
1244 3361 1245 3366 ¹

111 3410 204 3488 divit,
227 3420 264 3470 nt
288 3410 444 3491 quicquid
475 3413 529 3472 lex
554 3413 617 3470 loci
636 3412 734 3488 vestri
758 3413 796 3473 de
820 3411 876 3474 tali
899 3433 992 3472 causa
1012 3414 1135 3490 edocet,
1152 3437 1213 3486 vo«,

110 3493 160 3556 bis
187 3493 449 3574 distringentibus
482 3502 672 3556 memoratus
703 3493 759 3556 ille
787 3493 929 3578 partibus
957 3495 1047 3558 istius
1075 3518 1207 3580 compo-

114 3596 192 3638 nere
217 3586 250 3636 et
266 3576 449 3647 satisfacere
472 3597 535 3635 non
559 3584 694 3643 recuset.

297 3703 442 3788 Epistola
465 3705 594 3766 Aetatis
617 3705 665 3766 vel
693 3706 832 3769 Hectoris
854 3707 1022 3776 Ecclesiae.

197 3820 343 3884 xxxiv.
383 3822 419 3884 In
444 3819 506 3881 Dei
530 3821 659 3882 nomine
683 3843 874 3902 quamquam
893 3833 1042 3906 peccator
1060 3826 1212 3887 Ahhadi-

116 3904 201 3962 leet·
224 3900 324 3962 arnico
347 3912 454 3964 nostro
477 3903 554 3973 illo„
584 3907 670 3963 Dum
691 3914 722 3964 et
739 3905 884 3967 omnibus
917 3906 1053 3968 hahetur
1076 3930 1212 3992 percng÷

118 3985 221 4046 nitun
244 3984 382 4065 qualiter
407 3993 441 4044 tu
461 4007 530 4046 rem
555 3987 758 4068 proprietatis
782 3998 853 4048 tuae
885 3988 974 4048 illam
1007 4001 1136 4072 accepta
1160 4013 1214 4075 pe·

119 4072 214 4126 cunia
244 4068 282 4128 de
314 4066 467 4144 thesauro
494 4069 591 4150 ipsius
624 4069 741 4130 Sancti.
764 4091 823 4153 per
860 4071 1054 4151 venditionis
1085 4074 1217 4136 titulum

119 4149 303 4225 distraxisti,
326 4151 412 4210 unde
432 4159 464 4210 et
481 4151 654 4232 precariam
676 4153 767 4212 noli-is
789 4173 827 4213 ex
848 4151 911 4216 hoc
929 4149 1071 4232 emisisti,
1089 4165 1121 4215 et
1137 4176 1222 4230 cena„

120 4231 239 4294 sistite
261 4231 336 4293 dure
366 4232 399 4292 in
422 4233 632 4296 luminaribus
654 4233 693 4294 ad
720 4234 928 4299 festivitatem
959 4237 1058 4320 ipsius
1081 4227 1227 4316 Sancti,
