2658 4978
201 339 236 392 a
264 337 342 394 cau.
449 333 576 390 aueuu
607 330 833 388 ruaucoacn
954 337 1012 390 aa.
1087 315 1155 389 125

75 477 143 544 verti
160 473 200 536 ad
214 473 397 534 mansiones
420 480 540 548 nostras
558 469 682 540 detonsi
707 481 739 532 et
767 472 903 534 delavati
928 495 1001 536 cum
1028 475 1156 562 drappis

76 570 102 624 et
118 556 331 622 calciamentis
354 554 562 636 depannatis,
583 563 615 614 et
633 564 712 615 tunc
728 576 786 616 nos
806 556 965 617 reficimus
983 567 1016 620 et
1033 580 1158 642 repara·

73 665 148 717 mus,
170 640 215 699 ita
236 638 293 700 vel
310 657 397 704 nunc
422 656 605 717 reparemus
634 658 691 698 nos
708 658 768 718 per
782 658 838 697 cor
854 638 1029 700 contritum
1054 652 1086 702 et
1099 641 1158 701 hu-

74 723 239 798 miliatum,
272 729 305 780 et
320 739 379 803 per
397 718 615 778 confessiones
630 741 670 779 ex
691 740 773 801 puro
787 720 904 796 corde,
927 729 959 780 et
976 743 1034 804 per
1046 723 1157 803 benig-

70 807 189 866 nitatem
208 802 345 879 mentis,
369 810 401 860 et
418 821 479 881 per
500 800 704 860 concordiam
720 821 793 862 cum
810 801 871 862 Dei
887 802 1065 876 voluntate;
1080 805 1156 887 quia

66 909 115 973 per
136 883 330 946 discordiam
357 891 389 942 et
416 903 551 963 regnum
579 882 663 945 istud
690 882 865 966 temporale
895 884 1099 948 imminutum
1124 895 1158 946 et

66 991 140 1054 pene
164 968 346 1043 desertum,
387 972 420 1026 et
446 974 610 1026 aeternnm
640 988 776 1048 regnum
800 966 963 1049 perditum
992 969 1154 1033 babemus.

67 1053 139 1130 Quia
150 1071 211 1110 nec
225 1069 338 1109 omnes
361 1047 463 1128 Reges
478 1067 545 1107 esse
563 1068 746 1129 possumus,
770 1070 830 1109 uec
845 1049 965 1132 Regem
981 1073 1079 1132 super
1095 1073 1153 1112 nos

67 1135 155 1194 iDeo
175 1129 409 1206 constitutum,
431 1128 524 1210 quia,
546 1133 628 1190 sieut
653 1131 807 1212 scriptum
829 1140 895 1208 cst,
925 1131 1076 1215 imposuit
1100 1134 1156 1194 ho·

65 1211 390 1296 minessnpercapita
420 1220 544 1288 nostra,
573 1211 692 1273 habere
716 1213 930 1291 sustinemus,
961 1236 1025 1274 nou
1053 1224 1157 1276 atten-

65 1297 162 1357 dentes
181 1295 273 1378 quia,
289 1291 654 1374 sicut-dicitApostolus,
665 1295 737 1355 Non
747 1309 793 1356 cst
807 1307 945 1378 potestas
960 1297 1024 1355 nisi
1040 1297 1154 1364 ciDem·

65 1391 89 1438 et
100 1379 149 1460 qui
156 1377 311 1461 potestati
324 1375 454 1446 resistit,
465 1375 529 1432 Dei
539 1375 735 1436 ordinationi
745 1379 872 1437 resistit.
884 1378 1044 1454 Quoniam
1053 1380 1152 1460 Deus,

64 1460 109 1542 qui
117 1459 331 1521 essentialiter
343 1465 389 1517 est
398 1459 467 1518 Rex
474 1457 595 1538 Regum
605 1468 637 1518 et
648 1460 804 1520 Dominus
813 1459 1066 1537 DominantIum,
1081 1483 1152 1542 par-

65 1542 233 1630 ticipatione
243 1539 385 1601 nominis
395 1548 426 1598 et
438 1540 576 1600 numinis
585 1541 658 1616 Dei,
671 1541 767 1617 idest,
778 1540 943 1624 potestatis
954 1563 1040 1619 suae,
1049 1543 1154 1603 voluit

65 1633 90 1683 et
100 1645 160 1684 esse
170 1621 323 1685 etvocari
334 1621 507 1681 Dominum
515 1643 573 1702 pro
585 1621 707 1682 honore
717 1632 749 1683 et
762 1624 831 1684 vice
845 1644 900 1683 sua
908 1623 1026 1704 Regem
1040 1624 1072 1683 in
1090 1635 1151 1686 ter-

64 1705 108 1764 ris.
115 1705 154 1766 Et
164 1702 487 1785 sicntArchangelus,
497 1704 553 1784 qui
566 1725 654 1764 nunc
664 1714 712 1764 est
725 1705 879 1782 diabolus,
888 1726 960 1765 cnm
969 1705 1032 1766 suis
1040 1728 1151 1788 sequa·

66 1778 258 1868 cibus,‚quia
275 1806 335 1867 per
360 1785 549 1846 humilitatis
565 1783 796 1848 subiectionem
817 1787 977 1848 conditori
1001 1810 1058 1848 suo
1073 1790 1150 1850 sub-

65 1868 136 1929 ditus
154 1890 220 1930 esse
240 1867 360 1942 uoluit,
381 1877 413 1927 et
428 1890 487 1949 per
506 1868 730 1948 aequalitatem
746 1869 885 1930 caritatis
906 1870 1067 1952 coangelis
1085 1871 1150 1932 suis

66 1951 154 2011 socius
171 1973 237 2012 esse
253 1949 421 2031 despexit,
443 1950 483 2011 de
505 1951 597 2011 coelo
612 1951 746 2026 cecidit,
768 1952 812 2012 ita
833 1962 866 2012 et
885 1951 935 2011 illi
959 1953 1014 2032 qui
1040 1965 1147 2035 potes-

65 2033 110 2090 tati
125 2033 223 2094 iDeo
238 2030 431 2093 constitutae
444 2042 577 2114 propter
592 2033 698 2093 Deum
722 2043 752 2093 et
777 2035 810 2092 in
826 2036 896 2095 Deo
916 2034 1052 2097 subiecti
1082 2055 1150 2096 esse

68 2115 183 2193 nolunt,
205 2124 237 2176 et
254 2134 348 2194 pares
363 2116 551 2192 coaequales
568 2115 601 2174 iu
625 2136 725 2197 regno
740 2116 858 2178 babere
883 2136 948 2176 non
974 2117 1150 2193 sufferunt,

67 2196 228 2278 (perquam
249 2195 389 2256 debitam
409 2196 642 2258 subiectionem
657 2207 689 2258 et
702 2198 836 2279 parilem
851 2197 1074 2278 aequalitatem
1087 2196 1149 2260 Dei

69 2278 147 2338 amici
167 2279 405 2358 etAngelornm
422 2289 583 2341 consortes
609 2301 675 2342 esse
693 2284 852 2362 poteraut)
870 2279 1004 2342 subiecti
1021 2281 1148 2342 diabolo

70 2368 96 2416 et
111 2360 166 2420 Dei
190 2359 317 2419 inimici
332 2360 581 2422 constituuntur.
623 2363 825 2445 Quapropter
842 2363 881 2422 de
898 2362 1024 2424 diaholo
1044 2363 1147 2444 serip-

69 2447 125 2498 tum
139 2451 199 2502 est:
221 2446 295 2524 Ipse
310 2453 356 2498 est
379 2443 449 2502 Rex
479 2464 573 2528 super
598 2447 757 2504 viniversos
773 2443 869 2528 filios
891 2447 1064 2526 superbiae.
1104 2447 1148 2506 Et

69 2521 143 2583 illius
157 2521 308 2584 subiectis
326 2524 505 2601 Dominus,
527 2526 612 2607 apud
628 2547 724 2605 quem
750 2549 815 2587 non
844 2535 892 2586 est
915 2525 1147 2587 vicissitudinis

70 2604 274 2682 obumbratio,
295 2605 438 2685 quandiu
456 2607 489 2665 in
508 2605 576 2688 ipso
607 2609 691 2668 malo
721 2617 945 2689 perseverant,
968 2629 1091 2690 semper
1111 2608 1145 2668 in

71 2688 218 2768 evaugelio
238 2687 338 2748 dicit:
370 2687 446 2748 Vox
476 2709 519 2749 ex
544 2702 635 2771 patre
669 2689 796 2752 diabolo
817 2691 891 2749 estis
899 2713 912 2758 ,·
932 2711 997 2750 non
1027 2690 1103 2770 quia
1129 2691 1146 2751 is

71 2766 179 2829 diaholo
196 2770 263 2830 sint
279 2768 355 2828 facti
371 2779 429 2846 aut
449 2771 610 2852 generati,
631 2771 687 2832 sed
703 2772 779 2854 qnia
796 2771 958 2831 diabolum
982 2781 1057 2832 sunt
1078 2772 1147 2833 imi·

71 2849 125 2912 tati.
149 2851 341 2934 Reparemus
360 2872 435 2934 ergo
454 2873 511 2914 nos
524 2874 583 2934 per
596 2853 827 2934 poenitentiam
844 2862 876 2913 et
898 2854 1143 2932 confessionem,

71 2939 97 2988 et
108 2953 161 3013 per
184 2935 426 3015 eleemosynas,
455 2935 674 3016 unusquisque
699 2936 875 2998 secundum
904 2935 1146 3018 possibilitatem

70 3031 156 3085 suam3
177 3025 207 3075 et
221 3025 377 3098 quantum
393 3017 529 3097 quisque
545 3039 577 3078 se
593 3020 792 3099 recognoscit
811 3019 829 3078 d
849 3019 920 3079 Deo
941 3019 1060 3080 aruisse
1087 3041 1145 3100 per

72 3094 325 3175 culpas,tantum
341 3098 428 3157 bibat
444 3100 786 3180 compunctionissaae
804 3101 966 3184 lacrymas.
1007 3102 1050 3164 Et
1065 3111 1144 3163 tunc
1188 3123 1191 3128 ·

70 3177 220 3254 proficient
250 3180 284 3237 in
305 3202 386 3260 aqua
403 3181 461 3241 ista
475 3188 553 3262 quas
577 3183 709 3244 iacimus
729 3184 910 3261 firmitates,
932 3183 958 3244 si
981 3207 1041 3267 pcr
1060 3185 1144 3246 bo‘na

72 3278 151 3336 opera
176 3263 420 3323 restruxerimus
443 3284 520 3342 quas
551 3264 583 3322 in
624 3265 713 3326 nobis
742 3267 969 3328 destruxerunt
997 3279 1143 3348 peccata,

72 3339 204 3402 virtutum
216 3343 424 3406 munitiones.
458 3347 548 3422 Quae
565 3356 597 3406 et
613 3347 891 3429 tuncprofieient,
913 3348 939 3407 si
961 3349 1042 3408 mala
1059 3372 1142 3430 quae

72 3418 135 3482 lecit
150 3425 216 3504 quis
232 3425 344 3508 prius,
366 3438 461 3508 prout
472 3429 612 3508 potuerit
629 3429 862 3505 emendaverit,
884 3437 938 3488 aut
965 3440 1054 3511 rapta
1082 3433 1144 3492 sol-

73 3504 178 3583 vendo,
199 3519 254 3566 aut
268 3529 326 3588 per
343 3507 572 3590 indulgentiam
600 3511 823 3592 deprecando,
846 3519 899 3569 aut
918 3510 999 3569 mala
1018 3521 1144 3573 caetera

72 3586 250 3670 perdignum
264 3590 493 3670 poenitentiam
511 3593 679 3654 abolendo.
721 3593 851 3652 Ettunc
868 3592 1038 3673 proficient
1063 3594 1089 3653 si
1107 3594 1142 3654 in

75 3675 132 3726 aute
144 3691 173 3730 se
186 3672 373 3732 custodierit
387 3693 427 3736 ne
445 3673 484 3734 de
505 3674 569 3735 illis
586 3697 618 3736 se
633 3675 775 3748 sordidet
792 3675 830 3734 de
848 3674 965 3754 quibus
981 3695 1012 3734 se
1031 3695 1141 3736 emun-

75 3743 163 3828 davit,
184 3754 258 3835 quia
275 3753 427 3834 scriptum
445 3765 510 3815 est:
531 3757 718 3828 Lavamini,
741 3755 850 3814 usundi
864 3769 970 3818 estote.
1010 3756 1141 3837 Auferte
1176 3803 1181 3816 .

77 3829 168 3892 molum
181 3835 400 3915 cogitationum
420 3850 594 3897 vestrarum
611 3838 649 3898 ab
669 3839 767 3898 oculis
791 3839 887 3908 meis,
919 3837 998 3897 dicit
1027 3839 1141 3899 Domi-

78 3927 128 3969 nus.
164 3918 317 4000 Quiescite
335 3938 425 3996 agere
438 3940 606 4000 perverse,
629 3919 739 3980 discite
762 3918 965 3998 benefacere„
984 3920 1068 3996 Quia
1083 3921 1140 4000 qui

77 4009 102 4047 se
116 3992 197 4071 bonis
211 3997 371 4083 operibus,
393 4009 426 4061 et
442 3999 600 4084 lacrymis,
622 4011 654 4062 et
672 4000 892 4062 orationibusd
904 4011 1034 4084 peccato
1050 4022 1141 4061 mun-

78 4069 127 4152 dat,
146 4080 302 4143 etiterum
323 4083 427 4164 gravia
448 4094 577 4164 peccata
601 4091 783 4166 perpetrat,
806 4081 878 4142 talis
901 4092 959 4159 est,
989 4089 1025 4142 ut
1047 4105 1139 4144 sanc·

76 4159 233 4239 tustanus
251 4165 351 4241 dicit,
372 4163 455 4228 sicut
467 4187 586 4252 porcus
606 4167 662 4248 qui
677 4187 709 4228 se
723 4165 807 4228 lavat
827 4169 859 4239 v)
881 4163 914 4224 in
931 4165 1023 4242 luto,
1045 4173 1076 4226 et
1094 4167 1139 4228 si-

78 4235 371 4268 Ἣ,-
1055 4255 1058 4260 .

76 4299 80 4308 ι
103 4263 127 4327 ⁹)
142 4267 170 4320 tl·
186 4288 232 4330 ms,
250 4275 348 4334 iactat,
