2712 4992
490 325 593 378 tissa
627 317 761 380 ruimus
1091 309 1161 384 307

46 461 254 541 dinoscitur,
269 463 309 524 de
329 485 364 524 re
380 465 564 527 monasterii
578 463 796 528 ibidem‘vis'us
816 473 862 526 est
874 476 1092 549 augmentasse
1109 478 1165 529 aut

45 547 273 628 comparasse,
294 547 382 628 quod
398 549 437 607 ab
455 548 525 630 ipso
542 557 651 610 sancto
673 548 746 608 loro
764 547 919 608 moderno
937 557 1080 632 tempore
1094 571 1165 632 pos-

44 627 198 706 sidetur,
211 649 271 710 per
293 637 436 690 nostrum
453 631 640 692 deberemus
654 630 849 712 generaliter
867 628 1055 692 confirmare
1075 653 1166 713 prae·

45 719 203 792 ceptum.
245 710 343 787 Quod
363 717 420 772 nos
439 735 498 794 pro
524 713 636 774 divino
657 722 805 794 respectu
829 711 881 772 vel
906 714 1062 774 mercedis
1088 733 1163 774 nos·

45 803 128 855 trae
145 803 353 874 augmentum
379 795 572 875 praestitisse
601 803 704 856 vestra
727 815 792 854 non
823 793 948 858 dubitet
967 792 1163 876 magnitudo.

44 876 168 936 Etiam
187 883 220 936 et
236 877 443 958 privilegium
464 877 561 958 ipsius
581 873 775 954 monasterii,
793 877 882 957 quod
904 899 944 939 ex
960 878 1163 938 institutione

48 959 147 1020 sedis
168 960 359 1040 apostolicae
378 981 434 1020 seu
455 961 655 1040 reliquorum
669 959 901 1041 Episcoporutn
921 960 981 1022 visi
1004 969 1079 1021 sunt
1101 981 1164 1019 me·

48 1042 186 1113 ruisse,
209 1049 242 1100 et
255 1061 314 1122 per
329 1042 549 1102 anctoritatem
565 1042 683 1104 Domni
704 1041 791 1101 illius
812 1062 868 1102 seu
893 1042 910 1100 al
931 1041 1065 1124 reliquis
1090 1061 1165 1103 sue·

52 1123 243 1184 cessoribus
261 1125 447 1205 parentibus
467 1123 822 1184 nostris'adumbratum
845 1122 944 1186 fuisse
960 1125 1165 1201 dinoscitur,

54 1207 154 1268 iuxta
170 1204 368 1285 quodetiam
384 1227 444 1288 per
471 1205 612 1288 priorem
638 1205 897 1288 praeceptionem
923 1216 1063 1268 nostram
1090 1227 1165 1289 erga

56 1309 97 1348 se
120 1285 325 1369 perhibentes
343 1309 376 1349 se
390 1289 566 1366 munitum,
587 1309 646 1369 pro
666 1289 803 1370 perenni
823 1288 992 1350 stabilitate
1020 1289 1162 1360 decrevi·

57 1391 137 1432 mus
155 1369 314 1430 roborare.
346 1370 585 1454 Praecipiuntes
613 1391 688 1452 ergo
704 1381 739 1430 ut
759 1392 868 1431 omnes
881 1372 1048 1432 facultates
1066 1371 1165 1454 ipsius

56 1451 267 1528 monasterii,
290 1453 446 1534 quicquid
467 1462 521 1514 aut
545 1453 635 1532 regia
658 1453 859 1527 conlatione,
891 1463 946 1513 aut
968 1453 1166 1536 privatorum

55 1554 221 1612 munere,
242 1534 297 1596 vel
313 1543 528 1596 antecessores
547 1535 695 1611 Abbatis,
717 1541 775 1596 seu
789 1544 820 1596 et
839 1535 957 1594 Domni
983 1535 1029 1596 lui
1046 1534 1166 1596 ibidem

54 1625 110 1678 est
125 1616 274 1698 legaliter
287 1614 483 1700 adquisitum
497 1627 552 1678 aut
566 1623 792 1698 comparatum,
804 1616 899 1678 immo
917 1617 956 1678 de
971 1617 1169 1699 quibuscun·

53 1721 128 1782 que
150 1699 248 1758 rebus
280 1709 367 1760 recte
398 1700 591 1777 adtractum,
622 1700 840 1782 quodcunque
865 1699 1039 1760 dominatio
1068 1699 1167 1781 ipsius

22 1785 25 1792 '
54 1780 169 1843 sancti
182 1779 247 1841 loci
259 1779 404 1862 undique
424 1782 737 1864 modernotempore
756 1783 791 1841 in
820 1781 978 1859 villabus,
1001 1781 1165 1859 domibus,

55 1863 252 1946 mancipiis,
275 1863 397 1937 vineis,
430 1863 535 1942 silvis,
565 1863 681 1945 pratis,
715 1864 862 1947 pascuis,
893 1873 947 1923 uut
971 1863 1167 1944 quibuslibet

56 1945 232 2006 beneficiis
266 1945 410 2012 cernitur
431 1967 504 2006 cum
540 1945 710 2026 aequitatis
744 1947 858 2007 ordine
893 1945 1074 2029 possidere,
1109 1967 1167 2030 per

57 2028 151 2088 hanc
172 2028 392 2088 auctoritatem
413 2017 588 2105 suffultum,
612 2027 729 2110 absque
748 2029 920 2091 cuiuslibet
939 2028 1079 2088 inlicitas
1093 2039 1168 2110 conf

59 2111 240 2172 troversias
250 2156 259 2186 ,
281 2109 361 2169 inibi
378 2119 441 2170 tam
460 2105 621 2191 praesenti
636 2131 732 2192 quam
747 2113 857 2172 futuro
876 2111 1168 2194 tempore,Christo

58 2193 226 2275 praesule,
236 2192 381 2272 proficiat
394 2191 425 2250 in
438 2203 651 2274 augmentum,
667 2193 853 2254 Adicientes
870 2203 905 2254 ut
918 2203 949 2254 et
962 2193 1169 2277 privilegium

58 2286 131 2334 tam
149 2275 189 2335 de
217 2273 346 2336 Abbatis
372 2275 517 2356 ingressu
547 2275 612 2357 ipsa
643 2275 866 2357 congregatio,
889 2286 1055 2359 postquam
1087 2277 1170 2338 alius

59 2356 270 2438 migraverit,
294 2377 378 2417 exse
405 2357 626 2432 instituendo,
654 2379 750 2439 quam
773 2367 805 2418 et
831 2358 870 2418 de
900 2358 1026 2438 reliqua
1060 2360 1167 2420 omnia

60 2439 158 2521 quod
176 2458 234 2520 per
250 2437 484 2499 institutionem
508 2439 701 2508 Pontificum
723 2440 762 2502 de
787 2431 931 2522 tempora
953 2439 1041 2500 illius
1067 2454 1169 2524 usque

61 2541 158 2582 nunc
184 2521 249 2602 ipse
279 2520 488 2582 monasterius
510 2521 622 2582 habuit
637 2543 824 2584 concessum
841 2531 873 2583 et
891 2543 992 2604 usque
1014 2521 1170 2584 hactenus

35 2647 36 2654 κ
62 2611 308 2682 conservatum,
331 2603 383 2664 vel
408 2623 467 2684 per
483 2603 683 2664 decessorum
696 2606 821 2685 Regum
835 2605 920 2664 circa
935 2603 1169 2680 selirmatum,

60 2688 111 2747 ita
133 2693 165 2746 et
182 2684 332 2762 inantea,
354 2695 511 2746 resecatus
526 2707 792 2766 quarumcunque
815 2685 991 2768 superfluas
1008 2687 1170 2767 inquietu-

60 2768 182 2844 dines,
201 2767 314 2828 subeo
337 2767 450 2829 ordine
467 2768 595 2829 valeant
609 2769 642 2827 in
667 2777 775 2828 nostro
795 2789 959 2844 sermone,
991 2768 1169 2828 auxiliante

59 2849 226 2926 Domino,
247 2869 306 2932 per
322 2860 465 2932 tempora
485 2869 683 2946 permanere.
706 2850 754 2910 -Et
766 2872 822 2910 vos
837 2860 870 2912 et
884 2870 1081 2912 successores
1097 2849 1170 2912 ves-

60 2932 130 3010 tri,
153 2931 208 2991 uhi
223 2931 393 2995 necessitas
409 2935 530 3008 fuerit,
554 2931 586 2992 in
603 2931 841 2993 conditionibus
865 2933 963 3011 ipsius
986 2932 1171 2994 monasterii

62 3017 188 3075 iustum
208 3014 330 3076 faciatis
350 3014 506 3076 auxilium
529 3014 710 3096 impartire,
742 3025 778 3074 ut
808 3015 853 3075 eis
876 3015 1015 3076 delectet
1036 3037 1094 3097 pro
1109 3033 1171 3076 'sa-

62 3100 138 3158 lute
156 3105 262 3174 nostra
278 3096 421 3158 crebrius
440 3117 584 3171 exorare,
601 3107 633 3158 et
656 3097 745 3157 vobis
762 3097 802 3156 ob
815 3095 876 3158 hoc
900 3097 939 3157 ad
954 3097 1084 3178 gratiam
1100 3119 1171 3160 nos·

62 3191 150 3239 tram
166 3177 278 3238 debeat
293 3178 466 3260 pertinere.
495 3181 538 3240 Et
551 3187 587 3236 ut
600 3179 679 3240 haec
697 3179 879 3260 praeceptio
897 3179 986 3237 firma
999 3180 1169 3241 stabilitate

64 3260 236 3337 subsistat,
258 3261 387 3344 propria
404 3283 501 3322 mauu
522 3261 605 3320 infra
629 3261 827 3322 decrevimus
847 3261 1006 3322 roborare.

112 3389 155 3453 Ut
174 3409 283 3452 causas
305 3405 466 3454 auctorum
490 3390 677 3453 adsumendi
696 3412 822 3452 suorum
844 3393 958 3474 aliquis
979 3392 1139 3453 licentiam

556 3475 676 3535 habeat.

152 3583 320 3652 XXXVI(
350 3591 509 3654 Malorum
527 3610 657 3650 necesse
681 3599 728 3649 est
751 3588 1046 3672 tergiversationem
1069 3589 1170 3671 regali

68 3695 223 3737 coercere
240 3693 383 3746 censura.
425 3671 528 3754 igitur
548 3671 746 3752 apostolicus·
761 3672 812 3736 vir
829 3672 886 3732 ille
910 3672 998 3732 illius
1020 3673 1170 3740 urbisE-

67 3760 241 3842 piscopos,
265 3765 320 3815 aut
344 3753 536 3815 venerabilis
559 3754 615 3815 ille
638 3753 760 3830 Abbas,
777 3765 838 3815 aut
871 3756 941 3814 Deo
965 3764 1085 3814 sacrata
1115 3753 1172 3812 illa

70 3840 239 3902 Abbatissa
259 3839 297 3900 de
310 3839 502 3898 monasterio
522 3837 599 3911 illo,
621 3837 672 3896 vel
698 3835 835 3916 quilibet
862 3836 1005 3896 fidelium
1026 3839 1171 3896 Damno*

58 3946 166 3997 rum,
189 3922 281 3982 missa
298 3920 471 4000 petitione,
493 3927 548 3978 aut
563 3919 628 4000 ipse
649 3919 740 3979 nobis
763 3919 905 3979 innotuit
924 3919 1064 3999 eoquod
1090 3919 1173 3978 iidi-

71 4004 174 4066 versis
192 4003 374 4063 hominibus
397 4023 507 4062 eorum
521 4011 694 4084 spontanea
712 4003 962 4061 voluntatatem
988 4003 1053 4083 ipse
1077 4017 1173 4083 quam

73 4097 290 4148 antecessores
313 4097 424 4146 eorum
445 4086 516 4146 data
532 4085 670 4166 pecunia
686 4084 889 4167 vinfra'regno
909 4092 1018 4144 nostro
1031 4081 1173 4166 ‘plurima

75 4172 110 4228 in
131 4169 225 4230 terris
242 4177 296 4227 aut
317 4167 473 4250 mancipia
493 4174 738 4249 comparassent,
751 4164 822 4228 *vel
833 4165 952 4247 reliqui
974 4166 1119 4228 homines
1134 4165 1174 4228 ad

75 4254 144 4336 ipsa
165 4251 310 4328 Ecclesia
326 4251 377 4336 vel
396 4251 587 4314 monasterio
616 4250 828 4334 prosjuanimae
855 4254 967 4310 eorum
996 4251 1174 4312 remedium

156 4419 175 4465 r,
