2658 4978
212 327 241 378 a.
269 324 335 378 cira
453 303 817 376 arcananducoauu
927 323 986 390 ³7..
1078 301 1146 374 177

118 468 184 527 tren
212 463 407 524 [aurearum
437 461 545 522 Coras
573 479 610 522 rx
638 478 735 520 ranas
756 459 957 522 Huuuoutucr
989 463 1094 524 chrs.

139 579 188 640 ste
200 577 348 660 promitto
363 597 421 657 ego
436 596 476 636 ea
491 584 580 660 parte
596 575 741 636 Senioris
752 572 816 636 mei
829 575 916 656 quod
931 576 1046 638 Senior
1056 599 1145 640 meus

75 661 271 725 Hiudouvicus
287 661 355 720 Rex
370 657 461 718 fratri
481 679 539 720 suo
553 659 672 718 Karolo
687 657 765 740 Regi
784 657 882 717 talem
903 660 1085 741 portionem
1106 661 1145 722 dc

74 765 154 824 regno
167 740 425 821 HlothariiRegis
438 739 600 800 consentit
614 739 744 816 habere,
755 740 884 826 qualem
899 751 954 800 aut
968 741 1028 823 ipsi
1043 742 1150 802 iustio-

74 847 137 902 rem,
149 835 199 886 aut
210 825 281 906 pius
302 823 530 904 aequaliorem,
541 831 595 881 aut
614 842 798 881 commanos
810 821 925 882 fideles·
936 843 1047 883 eorum
1063 824 1149 885 inter

74 930 99 969 se
116 903 300 969 invenerint.
329 907 395 965 Nec
414 925 485 964 eum
504 903 535 962 in
551 904 619 984 ipsa
638 903 797 985 portione,
820 903 871 962 vel
896 905 929 963 in
946 925 1046 986 regno
1062 907 1149 987 quod

75 1001 151 1050 autea
165 988 283 1064 tenuit,
306 1008 364 1068 per
382 987 523 1066 aliquam
549 987 695 1046 fraudem
719 984 771 1046 vel
795 985 1035 1067 subreptionem
1059 989 1148 1049 deci-

74 1072 128 1153 piet
141 1080 191 1129 aut
213 1068 465 1144 forconsiliabit,
487 1067 513 1127 si
533 1069 634 1128 frater
656 1089 731 1128 suus
754 1067 887 1128 Karoius
902 1071 1035 1128 eamdem
1051 1071 1151 1129 firmi-

74 1164 153 1216 tateni
175 1151 407 1212 etsrdctitatem
435 1171 531 1232 quam
549 1170 590 1209 ex
609 1159 699 1230 parte
730 1149 872 1210 Senioris
895 1151 956 1211 mei
979 1152 1029 1210 illi
1048 1151 1150 1214 habeo

72 1236 247 1316 promissam,
266 1234 326 1308 iste
345 1234 444 1292 frater
465 1253 540 1292 suus
555 1231 828 1292 KarotnsScniori
845 1253 917 1292 meo
937 1255 976 1294 ex
990 1256 1045 1295 sua
1061 1244 1150 1318 parte

74 1317 199 1398 quandiu
219 1309 356 1390 uixerit,
378 1313 610 1373 inviolabiliter
625 1313 808 1380 servaverit,
875 1333 881 1340 ·

140 1399 220 1457 Haec
238 1396 349 1457 eadem
364 1397 480 1456 tertius
495 1393 715 1457 Theodericus
736 1398 849 1457 Comes
866 1407 1010 1479 exparte
1033 1399 1154 1481 glorio-

74 1480 92 1540 si
109 1481 195 1560 Regis
212 1479 346 1554 Karoli,
368 1487 400 1538 et
417 1487 548 1558 quartus
565 1477 721 1538 liedulfus
738 1478 854 1540 Comes
870 1482 922 1540 'ex
950 1491 1039 1563 parte
1071 1485 1153 1542 Hlu-

75 1562 185 1622 dourici
200 1559 374 1643 prosecuti.
387 1569 471 1624 sunt.
724 1603 727 1610 .

140 1645 190 1703 lsti
208 1651 394 1724 praesentes
417 1643 571 1718 fuerunt,
593 1640 786 1702 Lentbertus
802 1642 1080 1727 Archiepiseopus,
1091 1645 1155 1708 Alt-

73 1725 159 1786 sridus
177 1727 372 1806 Episcopus,
396 1724 468 1784 Odo
482 1724 678 1804 Episcopus,
700 1723 884 1784 Adatelmus
900 1729 1030 1803 Comes,
1054 1729 1157 1810 ingel-

73 1829 190 1886 ramnus,
215 1809 347 1883 Comes,
378 1805 559 1867 Liutsridus
587 1807 719 1882 Comes,
766 1807 988 1871 Theudoricus
1023 1803 1162 1888 Comes,

73 1889 137 1950 item
158 1888 351 1950 Adalelmus
365 1889 490 1949 Comes.

321 2068 623 2130 TtTuLus
687 2067 883 2130 thtt.

121 2179 408 2246 'Divisio
461 2179 641 2244 Ru'cur
697 2181 1047 2251 Huornaarr.

72 2302 172 2374 Auno
198 2291 483 2373 Incnrnutionis
501 2299 727 2370 Dominieae
747 2319 944 2389 nucum,
960 2305 1065 2394 regni
1082 2307 1163 2376 Ka-

71 2403 133 2470 roli
147 2418 304 2486 xxxnt,
325 2400 534 2470 Indictione
556 2418 630 2485 111,
657 2419 715 2474 va.
739 2401 832 2468 Idus
849 2399 1037 2492 Augusti,
1065 2405 1161 2473 inter

66 2501 241 2590 gloriosos
260 2499 380 2588 Reges
398 2497 583 2568 Korolum
606 2509 641 2566 et
666 2498 946 2568 Hludouvicum
960 2503 1044 2593 suit
1067 2503 1160 2570 leaeo
1188 2507 1191 2513 “
1218 2491 1222 2502 ’

68 2601 192 2670 divisio
235 2599 344 2690 regni
364 2599 480 2691 factu
517 2597 557 2664 in
593 2597 823 2691 Proeospide
856 2621 970 2690 crepet·
1000 2601 1160 2690 fluvium

524 2694 686 2764 Mosam.

138 2815 186 2878 Er
207 2833 289 2876 aare
309 2831 499 2898 errrorem
522 2831 609 2887 outa
630 2833 688 2874 sim
707 2813 930 2876 Haunouvrcus
951 2801 1090 2879 aceram.

68 2928 259 3054 Coloniaru.
645 2981 838 3048 Luxovium.

66 3066 219 3129 Treveris.
647 3067 808 3134 Laterum.

66 3149 203 3210 Uttrech.
645 3151 795 3211 Balmam.

66 3227 276 3297 Stratsburch.
585 3229 586 3232 ’
647 3231 772 3293 Offonis
791 3231 911 3298 villam.

66 3313 216 3374 Basulam.
567 3387 570 3394 Ι
648 3312 778 3396 Megeni
800 3312 1038 3381 Monasteriuru.

65 3395 228 3457 Abbatiam
244 3393 395 3459 Sivestre.
651 3394 760 3457 Sancti
775 3396 922 3458 Deodati.

66 3478 173 3539 Berch.
322 3522 325 3530 .
478 3519 481 3526 ›
651 3476 791 3539 Bodonis
815 3479 1051 3542 Monasteriurn.

67 3559 126 3618 Niu
143 3559 383 3626 Monasterinm.
651 3558 839 3642 stivagium.

68 3641 253 3706 Castellum.
650 3642 811 3704 Romerici
827 3651 976 3705 montem.

70 3723 186 3791 ludam,
411 3769 415 3774 .
555 3783 557 3788 ,
650 3723 814 3786 Morhach.
976 3793 978 3800 Ι

71 3805 173 3866 Sancti
200 3803 376 3882 Maximini.
650 3805 762 3868 Sancti
783 3808 941 3888 Gregorii.

69 3887 313 3968 Ephternacum.
428 3943 430 3951 Α
650 3887 756 3955 Mauri
770 3890 1007 3960 Monasteriunr.
1021 3895 1025 3904 '

71 3965 231 4030 Horreum.
417 4005 420 4010 ·
651 3968 871 4042 Eboresheim.

71 4051 176 4111 Sancti
192 4047 353 4130 Gangulfi.
653 4053 814 4114 Homowa.

72 4130 310 4195 Faverrriacum.
654 4135 797 4196 Masonis
815 4136 1053 4216 Mouasteriunr.
1090 4195 1094 4206 ‚

73 4213 318 4278 Polemniaeum.
360 4291 369 4301 ¹,
462 4286 465 4291 ¹
552 4287 555 4296 Ι
657 4215 851 4280 Homburch.
893 4265 895 4269 .

915 4333 1003 4406 ta,
1082 4365 1084 4372 ’
