2712 4992
439 305 537 356 nisan
570 301 754 356 seounnos
1090 288 1159 360 321

75 448 104 506 ni
131 443 216 504 alode
240 443 339 526 ipsius
368 443 529 526 genetrice
553 451 659 504 vestra
683 442 760 519 illa,
800 442 888 503 iuxta
903 443 1001 524 'quod
1025 457 1056 508 et
1077 453 1159 510 ratio

71 527 230 613 praestitit,
253 547 381 586 mecum
403 525 519 586 exinde
540 523 574 584 in
601 526 780 606 praesentia
806 526 967 586 bonorum
990 525 1159 594 hominnm

72 621 118 672 aut
140 610 230 690 Regis
252 609 447 686 altercastis,
472 629 531 690 per
552 609 652 688 ipsam
680 607 998 690 epistolam,·quam
1025 613 1058 672 in
1089 637 1158 674 eam

70 697 245 768 feceramus,
259 701 372 752 contra
392 714 452 751 nos·
464 689 679 766 evindicastis,
698 700 730 750 et
748 691 781 749 in
796 701 901 751 vestra
919 702 1075 772 potestate
1094 719 1159 756 om-

71 800 105 837 ne
121 775 205 836 alode
221 775 321 854 ipsius
344 773 519 855 recepistis.
562 773 626 832 Sed
645 774 721 832 dum
740 795 809 833 mea
828 773 891 832 fuit
903 775 1027 855 petitio,
1043 788 1075 838 et
1090 801 1158 858 vos,

71 871 102 922 ut
128 859 277 918 condecet
302 855 395 917 bonis
429 855 524 931 filiis,
554 857 754 915 voluntatem
778 878 880 915 meam
905 857 1159 942 obtemperantes

72 947 143 1027 ipsas
162 939 251 1001 villas
278 941 332 1002 vel
355 960 407 1000 res
426 959 508 1020 quae
532 939 666 998 fuerunt
688 939 850 1019 genetrice
868 949 982 1016 vestra,
1004 965 1082 1023 quas
1098 967 1158 1026 ego

73 1031 98 1092 oi
117 1023 182 1086 dedi
205 1023 258 1084 vel
280 1022 549 1098 condonaveram,
578 1021 657 1079 mibi
686 1022 725 1080 ud
752 1041 843 1081 usum
874 1021 1025 1084 beneficii
1047 1037 1158 1089 tenere

74 1122 101 1174 et
116 1105 251 1170 excolere
274 1104 395 1186 absque
412 1105 480 1164 ullo
494 1112 599 1164 vestro
619 1104 818 1185 praeiudicio
843 1105 1053 1186 permisistis,
1084 1110 1159 1172 ideo

75 1193 152 1253 nobis
183 1187 380 1270 complacuit
413 1187 489 1246 alias
514 1187 606 1246 villas
631 1195 751 1247 nostras
782 1187 854 1247 illas
884 1209 942 1268 pro
968 1201 1075 1252 vestra
1104 1193 1158 1254 be-

77 1272 237 1337 nevolentia
267 1280 301 1330 et
329 1268 545 1351 suprascripto
577 1291 636 1343 usn
664 1269 703 1330 de
730 1267 822 1330 villas
848 1280 967 1332 vestras
991 1296 1050 1355 per
1074 1273 1158 1336 hane

78 1353 219 1440 epistolam
243 1350 485 1415 obnoxiationis
509 1351 600 1412 vobis
628 1351 836 1422 obnoxiasse5
866 1352 912 1411 ita
941 1363 977 1413 ut
1006 1356 1158 1441 deinceps

77 1452 129 1501 tam
144 1437 368 1520 suprascriptas
383 1435 474 1495 villas
489 1456 585 1515 quam
603 1434 697 1496 etiam
714 1441 746 1495 et
762 1435 833 1494 illas
853 1457 931 1516 quas
946 1459 1041 1519 snpra
1061 1441 1159 1524 scrip·

76 1535 116 1584 tae
138 1520 313 1604 genetricae
341 1527 467 1578 vestrae
490 1538 548 1598 per
567 1539 670 1577 meam
690 1516 856 1598 epistolam
872 1524 1082 1598 contuleram,
1099 1546 1159 1605 per

72 1615 160 1666 restro
181 1602 344 1663 beneficio
370 1599 519 1660 excolere
544 1599 732 1676 debeamus,
756 1608 787 1660 et
809 1600 936 1660 nullum
958 1605 1159 1684 pontificium

73 1689 104 1748 de
128 1685 225 1746 omnia
253 1682 473 1767 suprascripta
502 1704 562 1742 uec
583 1684 725 1744 vendere
754 1703 814 1742 nee
836 1684 977 1744 alienare
1002 1709 1061 1748 nec
1085 1711 1160 1749 con-

71 1771 208 1830 cambiare
230 1790 291 1842 nec
317 1787 378 1848 per
404 1763 547 1846 qualibet
564 1764 695 1846 ingenio
710 1765 855 1826 minuare
874 1766 992 1827 habere
1017 1791 1084 1831 non
1108 1773 1162 1833 de·

69 1855 156 1930 laeam,
176 1860 377 1934 potestatem,
401 1847 461 1908 nisi
484 1856 612 1929 ,tantum
633 1871 743 1924 usum,
774 1849 830 1908 sed
854 1870 912 1930 per
935 1849 1017 1910 hane
1046 1854 1160 1934 episto⁴

72 1939 124 1996 lam
140 1932 378 1994 obnoxiationis
400 1949 489 1992 meae
510 1930 542 1988 in
568 1940 672 1990 vestro
694 1931 759 1991 sint
780 1930 910 1990 arbitrio
933 1942 965 1992 et
993 1945 1159 2015 potestate,

74 2029 101 2078 et
120 2018 374 2098 quandocunque
397 2012 575 2088 uolueritis,
597 2023 629 2073 et
646 2013 735 2074 vobis
753 2013 922 2094 placuerit,
950 2017 1067 2099 absque
1094 2021 1162 2081 ulla

75 2123 132 2160 mea
152 2100 376 2162 contrarietate
399 2104 453 2154 aut
474 2096 665 2176 repetitione
681 2097 788 2156 omnia
807 2099 953 2177 superius
975 2112 1162 2182 praenotata

75 2193 126 2242 tam
149 2183 234 2264 quod
260 2189 407 2242 vestrum
435 2186 529 2238 antea
559 2179 599 2238 de
631 2189 719 2260 parte
751 2180 1066 2259 genetricevestrae
1099 2187 1163 2248 fuit

74 2267 166 2336 alode;
194 2287 290 2346 quam
309 2272 343 2322 et
362 2259 434 2320 illas
456 2260 533 2320 alias
555 2271 777 2342 nuncupantes
797 2261 853 2338 sic,
881 2264 969 2341 quod
993 2267 1082 2327 vobis
1102 2291 1161 2351 pro

74 2350 130 2429 ipso
149 2371 207 2408 usu
239 2348 329 2408 visus
353 2363 423 2404 snm
443 2342 643 2419 obnoxiasse,
665 2344 697 2402 in
721 2353 825 2405 uestra
848 2345 990 2406 debeatis
1008 2369 1160 2414 revocare

74 2431 270 2490 dominatione
292 2425 526 2509 perpetualiter
547 2427 586 2485 ad
607 2425 844 2508 possidendum,
866 2427 919 2486 vel
933 2429 1089 2509 quicquid
1103 2456 1162 2494 ex*

73 2513 135 2572 iude
162 2515 266 2574 facere
294 2507 488 2584 volueritis,
520 2507 653 2568 liberam
679 2509 755 2568 inde
786 2507 928 2570 habeatis
961 2523 1161 2592 potestatem,

71 2596 173 2674 absque
198 2595 261 2654 alia
294 2592 403 2672 aliqua
424 2589 645 2652 intercedente
663 2589 824 2672 precaria,
847 2591 903 2649 sed
923 2614 982 2672 per
1006 2593 1089 2655 lianc
1108 2599 1162 2658 ob-

70 2678 287 2752 noxiationem,
314 2697 349 2733 ac
366 2673 395 2734 si
418 2693 543 2752 semper
562 2693 619 2754 per
635 2671 897 2754 quinquennium
918 2686 1071 2735 renovata
1085 2679 1163 2739 fnis-

70 2771 117 2836 set,
137 2759 295 2842 perpetim
315 2757 420 2816 valcat
441 2755 588 2815 obtinere
602 2755 756 2839 vigorem.
779 2754 992 2837 stipulatione
1014 2759 1159 2822 subnixa.

69 2843 166 2904 Actum
189 2839 381 2922 etreliqua.

86 2972 219 3057 Epistola
239 2995 311 3034 euna
325 2974 366 3044 ,in
389 2971 457 3034 loco
469 2964 621 3056 filiorum
642 2976 769 3054 nepotes
787 2967 991 3034 instituuntur
1012 2969 1049 3036 ab
1071 2998 1138 3039 avo,

141 3088 181 3154 X.
222 3087 427 3149 Dulcissimis
454 3085 624 3168 nepotibus
652 3086 731 3146 meis
762 3087 827 3148 illis
857 3103 916 3170 ego
948 3063 1015 3150 ille.
1058 3094 1160 3170 Quic-

72 3171 140 3252 quid
160 3171 231 3232 liliis
260 3173 316 3231 vel
340 3169 510 3250 nepotibus
534 3169 572 3229 de
595 3170 745 3229 facultate
770 3180 861 3251 pater
881 3172 1085 3252 cognoscitur
1107 3198 1160 3235 or-

73 3255 194 3329 dinasse,
217 3255 419 3316 voluntatem
443 3252 511 3311 eius
527 3251 560 3309 in
584 3253 729 3311 omuibus
750 3254 817 3312 Lex
837 3254 979 3313 Romana
999 3259 1159 3317 constrin-

73 3337 111 3415 git
129 3338 312 3419 adimplere.
355 3335 498 3413 ldeoque
525 3355 584 3414 ego
613 3332 646 3392 in
676 3334 736 3394 Dei
764 3337 894 3394 nomine
920 3336 998 3413 ille,
1028 3339 1104 3398 dum
1129 3350 1161 3400 et

71 3421 200 3499 peccatis
217 3419 297 3478 meis
314 3417 507 3478 facientibus
529 3417 675 3498 genetrix
696 3427 798 3477 vestra
812 3417 878 3476 filia
900 3441 968 3478 mea
988 3420 1054 3496 illa,
1072 3422 1161 3502 quod

72 3522 128 3560 non
151 3511 353 3582 optaveram,
383 3508 525 3582 tempore
557 3508 687 3558 naturae
717 3521 791 3561 suae
825 3501 1006 3582 complente
1035 3503 1073 3562 ab
1101 3503 1161 3566 hae

72 3581 135 3644 lnce
158 3585 311 3661 discessit,
333 3604 392 3664 ego
409 3603 486 3643 vero
507 3601 643 3661 pensans
658 3583 942 3664 consanguinitatis
960 3606 1064 3662 cansa,
1085 3586 1161 3646 dum

73 3675 100 3724 et
125 3689 179 3748 per
204 3667 277 3749 lege
306 3687 380 3726 cum
407 3663 540 3726 caeteris
569 3663 643 3724 filiis
671 3663 751 3725 meis
782 3666 950 3726 avunculis
976 3669 1089 3728 vestris
1125 3668 1160 3728 in

73 3747 153 3809 alode
182 3771 253 3810 meo
282 3749 454 3810 succedere
484 3745 616 3805 minime
643 3749 839 3828 potueratis,
876 3748 951 3809 ideo
982 3768 1041 3831 per
1077 3750 1161 3812 liaaic

73 3831 227 3911 epistolam
248 3854 314 3909 vos,
337 3829 512 3892 dulcissimi
528 3837 659 3911 nepotes
678 3829 752 3906 mei,
775 3831 849 3890 volo
865 3839 901 3889 ut
914 3831 946 3890 in
960 3833 1047 3890 omni
1070 3833 1162 3894 alode

71 3931 133 3972 mea
155 3923 226 3995 post
250 3937 356 3976 meum
375 3913 558 3988 discessum,
585 3911 611 3971 si
639 3911 718 3970 mibi
745 3913 896 3994 suprestis
918 3914 1067 3990 fueritis,
1100 3915 1163 3975 boe

73 4003 123 4070 est,
143 4007 208 4056 tam
228 3998 340 4071 terris,
363 3995 525 4071 domibus,
549 3993 733 4073 accolabus,
754 3995 939 4078 mancipiis,
962 3997 1083 4073 tineis,
1106 3998 1163 4056 sil·
1181 4051 1185 4062 .,

72 4075 127 4153 ris,
146 4080 273 4163 eampis,
307 4079 416 4176 pratis,
443 4077 580 4158 pascuis,
609 4077 712 4158 aquis,
740 4099 934 4159 aquarumve
965 4077 1163 4154 decursibus,

72 4161 232 4224 mobilibus
253 4169 285 4224 et
307 4161 539 4238 immobilibus,
560 4160 724 4244 peculium
749 4160 915 4242 utriusque
943 4181 1038 4222 sexns
1063 4163 1164 4220 maio-

72 4260 103 4304 re
122 4245 172 4308 nel
193 4247 326 4328 minore,
349 4242 499 4325 omnique
521 4243 869 4327 supellectiledomns,
891 4241 923 4303 in
945 4243 1166 4329 quodcunque

888 4354 934 4430 21
