2712 4992
560 303 806 376 srauoanrcae
1168 304 1238 378 385

139 455 322 539 complevit,
350 467 383 518 et
408 477 467 541 ego
493 479 630 540 pensans
658 457 941 540 consanguinitatis
967 480 1077 535 cansa,
1109 463 1184 524 duro
1208 477 1239 527 et

134 561 195 622 per
224 542 328 621 legem
352 560 424 599 cum
448 539 522 601 filiis
552 543 631 602 meis
657 543 823 602 avunculis
849 540 959 604 vestris
990 543 1023 599 in
1046 546 1138 606 alode
1166 571 1237 610 rneo

135 621 176 681 ad
197 621 360 702 integrum
386 622 516 682 minime
540 624 712 684 succedere
734 623 894 705 poteratis,
918 623 990 684 ideo
1015 645 1073 704 per
1094 626 1176 690 hanc
1202 653 1237 692 e·

132 703 284 785 pistolam
310 703 465 766 firmitatis
493 706 565 765 volo
595 714 629 765 ut
654 707 686 764 in
716 705 801 766 omni
827 705 918 765 alode
941 727 1011 765 ineo
1037 719 1106 784 post
1131 734 1237 772 meum

133 786 333 861 discessum,
364 785 390 846 si
416 787 495 846 inihi
526 787 710 869 suprestites
736 786 881 864 fueritis,
917 789 1074 869 quicquid
1099 795 1237 856 moriens

133 867 361 948 dereliquero,
390 869 474 930 sicut
496 871 677 950 supradicta
701 868 846 952 genetrix
878 879 996 946 vestra,
1024 872 1050 931 si
1079 874 1158 935 mihi
1182 901 1236 937 su-

131 948 248 1030 prestis
270 951 394 1028 fuisset,
417 952 459 1011 ita
483 959 516 1011 et
542 973 596 1012 vos
627 965 699 1012 culn
729 951 897 1011 avunculis
927 954 1038 1014 vestris
1063 959 1236 1020 succedere

130 1031 267 1092 faciatis.
315 1034 361 1093 Ea
389 1055 465 1093 vero
494 1034 618 1094 ratione
643 1043 679 1094 ut
699 1033 856 1113 quicquid
879 1043 1021 1115 tempore
1053 1041 1237 1121 nuptiarum

132 1113 166 1174 ei
189 1113 306 1175 tradidi
331 1115 382 1175 vel
407 1115 502 1192 dedi,
524 1113 585 1175 hoc
613 1116 645 1174 in
671 1126 758 1196 parte
787 1125 891 1184 vestra
918 1117 1089 1197 recipiatis.
1140 1122 1182 1182 Et
1211 1125 1237 1182 si

129 1196 268 1274 amplius
293 1196 425 1278 insuper
445 1198 484 1258 de
504 1197 599 1258 rebus
624 1198 738 1258 nostris
760 1197 938 1274 obvenerit,
961 1208 1039 1258 tunc
1066 1210 1143 1264 cum
1162 1205 1237 1268 filiis

129 1278 214 1338 meis
246 1279 352 1340 matris
383 1288 505 1340 vestrae
533 1281 713 1360 portionem
739 1278 914 1358 recipiatis;
949 1280 991 1339 ita
1025 1293 1060 1342 ut
1081 1287 1237 1368 quicquid

130 1360 249 1420 exinde
278 1361 575 1422 facerevolueritis
601 1362 735 1423 liberam
767 1361 909 1422 habeatis
941 1371 1138 1445 potestatem.
1202 1370 1235 1430 si

128 1441 206 1524 quis
232 1441 436 1504 recoluerit.
476 1445 518 1503 Et
542 1445 677 1526 reliqua.

174 1570 318 1656 Epistola
339 1574 474 1654 qualiter
495 1586 647 1636 eatrauea
677 1576 799 1636 bomine
826 1575 978 1636 inlocum
993 1573 1067 1658 filii
1093 1576 1194 1663 adop-

633 1670 723 1721 tetur.

211 1769 335 1833 XXIII.
376 1772 445 1856 Ego
474 1773 560 1833 enim
584 1772 616 1831 in
638 1772 700 1832 Dei
724 1771 852 1832 nomine
879 1771 945 1838 ille.
987 1775 1072 1834 Dum
1096 1780 1234 1857 peccatis

128 1849 210 1914 meis
231 1853 422 1916 facientibus
445 1855 571 1916 orbatus
592 1877 661 1915 sum
689 1851 814 1932 sfiliis,
843 1853 922 1913 mihi
948 1854 1070 1938 placuit
1090 1860 1235 1922 utillum

130 1957 196 1996 una
221 1957 293 1996 cum
316 1959 475 2001 consensu
497 1939 593 2019 patris
615 1937 665 1997 sui
694 1937 726 1994 in
745 1935 874 1997 civitate
901 1937 956 1996 illa
977 1960 1049 1997 cum
1069 1943 1157 2001 curia
1173 1966 1234 2025 pu·

130 2018 217 2078 blica
240 2020 278 2080 de
298 2028 451 2101 potestate
474 2019 570 2103 patris
600 2018 751 2078 naturalis
775 2018 993 2079 discedentem
1016 2030 1049 2081 et
1072 2021 1106 2081 in
1131 2047 1234 2086 meam

130 2108 320 2182 potestatem
349 2103 533 2164 venientem
562 2102 594 2160 in
625 2101 697 2160 loco
722 2099 861 2161 filiorum
890 2103 1107 2183 adoptassem;
1143 2110 1232 2187 quod

131 2184 176 2242 ita
194 2191 227 2241 et
245 2183 318 2244 feci.
359 2186 406 2245 Ea
425 2206 502 2245 vero
525 2191 557 2244 et
576 2183 698 2244 ratione
719 2191 754 2242 ut
773 2181 916 2263 quandiu
938 2184 1101 2262 advixero,
1126 2186 1232 2249 fideli-

130 2274 181 2324 ter
197 2264 276 2324 mihi
297 2276 436 2348 praestet
449 2267 595 2328 solatium
615 2265 665 2325 vel
682 2265 886 2340 adiutorium,
910 2274 942 2325 et
956 2287 1065 2328 omnes
1083 2289 1134 2330 res
1147 2293 1232 2332 meas

132 2345 307 2428 diligenter
330 2349 473 2420 excolat,
505 2358 537 2410 ct
565 2356 633 2430 post
655 2347 777 2406 obitum
800 2368 930 2426 quoque
957 2370 1081 2426 meum,
1109 2351 1232 2413 sicula

130 2447 180 2488 me
207 2429 333 2509 genitus
362 2431 491 2508 fuisset,
523 2431 565 2490 ita
593 2430 625 2489 in
654 2429 740 2488 omni
767 2428 945 2488 hereditate
972 2451 1041 2488 mea
1064 2453 1122 2512 per
1148 2433 1231 2494 hanc

131 2510 297 2590 epistolam
325 2513 505 2594 adoptionis
532 2513 573 2573 sit
596 2533 813 2580 successurum
845 2509 897 2570 vel
923 2511 1079 2592 quicquid
1106 2515 1144 2576 de
1177 2537 1232 2575 su-

129 2593 281 2672 pradietis
302 2594 398 2655 rebus
419 2594 517 2672 meis,
545 2604 832 2675 quantumcunque
849 2592 987 2652 moriens
1013 2595 1229 2677 dereliquero,

128 2675 234 2735 facere
256 2676 417 2754 voluerit,
440 2675 510 2737 iure
530 2675 757 2759 proprietario,
780 2674 900 2754 absque
922 2675 1114 2755 repetitione
1138 2678 1230 2740 bere-

129 2754 206 2816 dum
230 2778 390 2835 meorum,
420 2758 554 2819 liberam
577 2767 608 2818 et
642 2756 849 2818 firmissimam
882 2756 915 2814 in
943 2759 1089 2818 omnibus
1113 2759 1230 2821 habeat

126 2848 324 2918 potestatem.
365 2837 408 2900 Et
428 2840 511 2901 illud
532 2839 611 2900 mihi
634 2839 775 2899 inserere
797 2836 932 2919 placuit,
954 2849 989 2896 ut
1010 2839 1035 2898 si
1058 2841 1158 2901 fuerit
1180 2847 1227 2903 ul·

128 2921 178 2981 lus
204 2943 244 2983 ex
265 2923 438 2984 heredibus
465 2923 582 2998 meis,
600 2921 650 2982 vel
678 2921 831 3001 quislibet
862 2941 997 3002 persona
1027 2923 1084 3003 qni
1114 2935 1225 2984 contra

126 3000 210 3063 hanc
232 3005 397 3087 epistolam
417 3004 597 3088 adoptionis
618 3002 741 3084 aliquid
762 3011 872 3063 contra
890 3009 919 3061 te
941 3012 995 3062 aut
1019 3013 1129 3064 contra
1152 3029 1226 3067 eum

127 3084 181 3144 cui
203 3095 239 3145 tu
263 3088 345 3172 ipsas
372 3109 423 3149 res
448 3085 661 3168 dereliqueris
686 3083 898 3144 calumniator
917 3092 972 3143 aut
994 3087 1149 3168 repetitor
1170 3113 1223 3151 ac-

126 3167 279 3246 cesserit,
302 3170 386 3230 illud
413 3170 501 3252 quod
523 3168 640 3251 repetit
660 3189 724 3226 uon
748 3165 909 3241 vindicet,
938 3174 970 3225 et
995 3167 1126 3250 insuper
1146 3191 1224 3231 con·

126 3257 173 3308 tra
205 3251 257 3310 cui
283 3252 374 3312 litem
403 3251 550 3312 intulerit
575 3249 693 3311 solidos
722 3257 824 3308 tantos
853 3257 1044 3330 componat,
1081 3260 1114 3311 et
1145 3252 1222 3316 baec

125 3330 254 3415 adoptio
280 3333 375 3416 gestis
396 3333 525 3416 alligata
545 3331 635 3392 firma
654 3339 846 3414 permaneat.

344 3462 488 3548 Epistola
509 3461 644 3546 qualiter
662 3460 777 3545 pupilli
797 3460 996 3544 recipiantur.

205 3575 323 3640 XXIV.
362 3581 429 3640 Lex
450 3581 590 3639 R'omana
611 3575 801 3657 constringit
824 3585 859 3636 ut
879 3575 936 3658 qui
959 3585 1077 3638 tutores
1102 3579 1220 3640 nolue-

121 3657 190 3718 rint
212 3680 278 3719 esse
300 3663 523 3740 parvulorum,
551 3661 578 3721 si
606 3661 688 3720 forte
715 3659 845 3718 cesserit
872 3659 1017 3720 luctuosa
1038 3660 1215 3740 hereditas,

121 3761 162 3801 ex
189 3740 257 3822 ipsa
275 3741 454 3804 habeantur
478 3742 631 3805 extranei.
687 3742 859 3821 Propterea
881 3761 940 3822 ego
964 3741 997 3800 in
1025 3741 1086 3802 Dei
1116 3746 1216 3804 nomi-

120 3843 162 3882 ne
184 3823 241 3884 ille
268 3825 370 3886 Iudex
387 3825 575 3908 provinciae
609 3823 720 3898 illius,
750 3823 827 3882 dum
848 3832 880 3884 et
908 3823 1055 3884 omnibus
1079 3823 1216 3886 habetur

119 3905 344 3986 percognitum
372 3908 512 3988 qualiter
544 3915 692 3990 parentes
721 3903 811 3965 istius
840 3907 1015 3986 praesentis
1042 3907 1214 3988 orphanuli

122 3987 249 4048 nomine
276 3989 335 4050 illo
365 3991 404 4050 ab
430 3988 491 4049 hac
517 3989 590 4049 luce
619 3985 847 4063 discesserunt,
880 3996 912 4046 et
941 3991 1214 4052 testamentarium

119 4075 258 4129 tutorem
285 4072 315 4132 ei
342 4059 407 4132 non
434 4071 639 4146 dimiserunt,
662 4079 692 4129 el
712 4068 842 4126 minime
871 4091 941 4129 suas
968 4091 1139 4150 procurare
1158 4095 1213 4154 po‹

120 4159 180 4210 test
211 4154 442 4230 necessitates,
471 4153 544 4213 ideo
573 4174 635 4212 una
665 4173 739 4211 cum
764 4171 923 4211 consensu
952 4151 1137 4233 primatibus
1165 4157 1213 4214 ci-

118 4232 223 4296 vitatis
252 4236 402 4299 convenit
427 4235 518 4318 nobis
548 4244 583 4295 ut
610 4233 698 4295 istius
730 4233 834 4315 patrui
859 4256 935 4310 suo,
964 4255 1027 4294 una
1051 4256 1124 4296 curn
1149 4261 1213 4299 om·

886 4351 932 4420 25
