2786 4980
229 350 367 412 nona.
478 345 616 404 asouu
650 342 900 406 rnancoaun.
1005 341 1065 406 aaa,
1174 329 1222 401 25

114 495 274 564 existatis3
296 502 329 554 et
355 495 532 576 praecepta
548 507 631 570 quae
658 497 733 549 atus
769 496 802 548 et
822 495 916 567 pater
939 495 1047 548 vester·
1070 485 1224 550 Ecclesik

111 578 231 640 ditioni
247 584 373 639 vestrae
387 569 551 636 subiectis
570 571 713 632 fecerunt
730 591 767 630 ao
791 570 1022 646 firmaverunt,
1050 579 1083 632 et
1099 569 1225 630 stabilia

110 665 418 731 conservaverunt,
429 673 578 736 quaeque
596 673 649 713 vos
666 651 881 731 confirmatis,
905 651 1091 716 decaetero
1107 661 1175 714 rata
1190 649 1224 712 in

111 743 265 805 omnibns
286 735 496 802 conservetis.

115 848 174 926 (Ut
186 845 363 928 Episcopus
380 843 513 903 libertas
534 839 642 918 iollegc
663 851 694 898 ct
712 835 860 900 obeundo
876 837 1052 904 ministeria
1073 839 1227 904 conceda·

207 941 278 1000 tur,
302 937 334 986 et
353 923 504 1008 Episcopi
528 941 673 984 concesso
695 922 757 982 sibi
777 921 842 982 otio
863 940 926 981 non
949 924 1137 1005 abutantur.)

199 1025 362 1098 XXVIII.
404 1033 447 1092 Ut
466 1029 551 1112 regia
569 1027 807 1112 magnificentia
838 1027 1022 1092 liberiorem
1043 1030 1225 1094 libertatem

115 1117 287 1202 Episcopis
301 1162 310 1194 ,
332 1115 372 1175 ad
386 1135 478 1176 suum
491 1112 708 1194 peragendum
725 1109 759 1170 in
777 1131 890 1172 eorum
904 1112 1065 1194 parochiis
1078 1113 1225 1176 ministe-

118 1203 216 1278 rium,
233 1221 327 1282 quam
345 1197 498 1258 hactenus
516 1203 647 1288 propter
660 1194 800 1255 diversas
819 1195 1078 1274 perturbationes
1097 1195 1226 1257 habuis·

118 1291 214 1358 sent,
249 1288 382 1340 maxime
403 1278 436 1337 in
467 1274 686 1339 sacratissimis
710 1275 926 1358 temporibus,
956 1277 1226 1362 Quadragesimae

117 1365 243 1429 scilicet
259 1371 290 1424 et
307 1362 474 1423 Adventus
489 1358 634 1433 Domini,
658 1358 792 1429 tribuat;
815 1367 975 1438 quatenns
991 1370 1025 1422 et
1043 1360 1226 1442 perieulum

115 1459 146 1510 et
168 1445 227 1528 ipsi
246 1441 416 1526 Episcopi,
439 1452 473 1504 et
496 1440 588 1522 regia
611 1441 750 1523 dignitas
771 1441 935 1504 salubrius
957 1465 1016 1524 pro
1045 1441 1227 1504 ministerio

111 1531 173 1592 sibi
188 1527 354 1588 commisso
378 1535 413 1586 et
431 1525 600 1606 neglecto,
622 1524 746 1603 possint
767 1523 925 1601 evadere,
948 1534 981 1586 et
1004 1545 1064 1609 pro
1093 1533 1226 1587 strenue

111 1620 250 1674 execato
267 1608 410 1670 divinam
433 1606 689 1668 misericordiam
725 1605 785 1668 sibi
811 1607 986 1668 conciliare
1008 1607 1226 1689 praevaleant.

111 1693 176 1778 lpsi
201 1701 309 1752 autem
325 1690 479 1773 Episcopi
492 1709 679 1752 concessum
699 1689 759 1749 sibi
778 1689 903 1768 otium,
925 1710 989 1751 non
1018 1690 1050 1750 in
1069 1711 1141 1752 suas
1166 1711 1227 1753 vo-

113 1777 278 1858 luptates,
299 1773 404 1834 sedin
427 1773 574 1834 divinum
589 1781 622 1831 et
637 1770 814 1832 officiosum
832 1782 1025 1834 convertant
1042 1772 1225 1856 negotiums

116 1859 279 1940 quatenus
294 1855 455 1916 studentes
473 1853 707 1936 praedicationi
731 1865 827 1936 atque
849 1855 1109 1937 confirmationi,
1137 1855 1227 1938 quod

117 1939 277 2000 hactenus
292 1958 350 2020 per
364 1935 528 2019 parochias
543 1937 607 1996 luit
624 1937 828 2018 neglectum,
851 1937 987 1999 solerter
1005 1948 1037 1999 et
1062 1935 1229 2000 devotissi-

120 2043 171 2082 me
191 2022 231 2082 de
250 2029 374 2080 caetero
392 2019 434 2080 sit
445 2025 627 2080 correctum
644 2029 676 2079 et
694 2021 910 2086 emendatnm.
951 2022 993 2082 Et
1012 2042 1077 2080 non
1096 2030 1229 2104 propter

117 2124 209 2168 suam
229 2101 453 2184 quietudinem
468 2101 621 2184 Episcopi
647 2103 687 2162 ad
707 2102 883 2164 remotiora
902 2104 971 2165 loca
986 2105 1185 2182 secedentes,
1197 2112 1230 2164 et

114 2208 213 2247 suum
229 2183 443 2245 ministerium
464 2184 691 2266 neglegentes,
722 2184 866 2267 proprias
887 2185 1036 2247 deserant
1064 2185 1228 2255 civitates;

113 2269 172 2330 sed
190 2261 494 2347 utparoohiassua's
512 2289 586 2327 oum
614 2265 712 2327 officii
746 2268 898 2328 efficacia
920 2270 1140 2346 circumeant,
1171 2275 1228 2329 aut

115 2372 190 2411 cum
206 2347 364 2430 religione
383 2347 416 2408 in
436 2349 501 2410 suis
517 2348 702 2412 civitatibus
719 2350 874 2412 canonice
894 2373 968 2412 cum
990 2352 1055 2413 suis
1074 2350 1149 2412 filiis
1172 2351 1227 2412 de·

117 2443 205 2515 gant.
246 2431 289 2492 Et
304 2429 521 2513 hospitalitate
541 2431 666 2508 ornati,
689 2453 770 2513 qnae
784 2431 847 2492 iam
863 2456 947 2515 pene
964 2443 1099 2516 propter
1116 2433 1239 2495 diver-·

120 2537 168 2576 sas
191 2515 383 2597 rapacitates
403 2513 566 2574 adnullata
593 2523 658 2591 est,
682 2535 745 2574 non
771 2514 875 2576 solum
910 2517 942 2576 in
970 2516 1073 2577 oeulis
1097 2513 1228 2576 Domini

119 2605 252 2678 propter
278 2583 496 2657 obedientiam
525 2596 663 2656 mandati
691 2597 795 2657 divini
830 2598 1010 2658 reddantur
1037 2597 1229 2676 conspicui,

120 2699 232 2738 verum
257 2685 291 2738 et
304 2679 427 2738 bonnm
451 2677 669 2738 testimoniam
694 2679 873 2739 secundum
890 2688 1036 2738 sanctum
1057 2679 1230 2756 adquirant

122 2760 319 2840 Apostolum.
360 2755 568 2842 Presbyteros
585 2760 680 2820 etiam
700 2761 760 2821 sihi
783 2763 987 2836 commissos,
1012 2770 1045 2820 et
1065 2760 1229 2837 doctrino,

120 2843 262 2902 castitate
281 2850 314 2902 et
334 2842 524 2919 sobrietate,
546 2853 641 2923 atque
663 2843 880 2926 hospitalitate
909 2843 1089 2906 secundnm
1118 2863 1230 2904 eorum

118 2923 359 2996 ministerium,
382 2922 500 3000 (ornari
526 2927 729 3007 compellant,
753 2932 779 3005 c)

282 3031 343 3108 (Ut
356 3031 472 3092 Clerici
493 3053 580 3092 aranu
601 3035 753 3094 militaria
774 3057 837 3096 non
858 3040 1066 3118 contingant.)

202 3125 380 3202 XXXVl‘l.
422 3141 466 3200 Ut
480 3140 667 3222 quicunque
692 3163 732 3202 ex
750 3144 846 3204 Clero
872 3165 939 3205 csse
954 3145 1118 3221 videntur,
1142 3165 1227 3204 arma

118 3243 184 3282 non
204 3230 355 3297 sumant,
378 3243 437 3282 nee
461 3223 571 3283 aimati
594 3224 760 3294 incedant3
783 3228 839 3288 sed
855 3228 1062 3310 professionis
1084 3250 1231 3288 suamvo-

118 3305 271 3366 cahulum
284 3304 444 3386 'religioso
461 3303 576 3365 habitu
592 3307 776 3386 praebeant.
800 3311 897 3385 Quod
919 3310 944 3370 si
966 3312 1230 3391 contempserint,

114 3398 280 3466 tamquam
294 3390 456 3448 sacrorum
478 3389 647 3448 Canonum
670 3391 924 3471 contemptores,
946 3402 978 3452 ct
995 3392 1230 3455 ecclesiastieae

115 3469 293 3531 sanctitatis
325 3469 557 3550 profanatores,
576 3473 698 3553 proprii
714 3473 829 3554 gradus
852 3474 1020 3536 amissione
1038 3477 1230 3551 multentur,

117 3554 192 3634 quia
213 3574 278 3613 non
301 3560 436 3634 possunt
454 3551 547 3612 simul
565 3555 635 3614 Deo
654 3561 687 3615 et
706 3553 817 3616 seculo
832 3556 981 3622 militare.
1052 3583 1063 3598 ’-

154 3659 218 3732 (De
239 3657 445 3744 hospitalibus
459 3657 654 3738 Scottorum,
677 3673 708 3721 et
728 3661 802 3721 aliis
822 3660 867 3722 ad
886 3665 1017 3724 nihilum
1041 3665 1200 3742 redactis)

201 3763 272 3826 XL.
312 3765 524 3827 Admonenda
556 3778 604 3830 est
630 3769 717 3851 regia
736 3767 924 3852 magnitudo
939 3771 993 3832 'de
1017 3769 1231 3852 hospitalibus

115 3868 199 3930 quae
217 3849 661 3930 temporePraedeeessornm
683 3867 815 3913 suorum
838 3861 870 3914 et
882 3852 1032 3914 ordinata
1050 3863 1082 3914 et
1103 3855 1233 3916 exculta
1266 3871 1270 3880 ·

116 3935 274 4004 fuerunt,
296 3939 329 3990 et
350 3931 504 3992 modoad
524 3930 760 3996 nihilumsunt
785 3935 925 3996 redacta.
976 3937 1040 3996 Sed
1065 3945 1096 3995 et
1120 3935 1232 4017 hospi·

113 4012 192 4074 talia
206 4013 405 4086 Scottorum,
428 4033 510 4094 qnae
527 4017 628 4076 saneti
643 4016 791 4079 homines
805 4017 909 4099 gentis
924 4018 1013 4079 illius
1031 4017 1064 4076 in
1081 4017 1143 4079 hoo
1155 4039 1227 4100 reg-

114 4117 159 4156 no
175 4103 440 4174 construxerunt,
464 4098 604 4160 atrebas
626 4116 685 4182 pro
706 4102 873 4164 sanctitate
903 4121 958 4163 sua
975 4099 1144 4182 adquisitis
1165 4123 1230 4166 am-

151 4293 178 4362 o)
199 4293 234 4352 al.
251 4292 464 4352 mabortrntur
480 4307 504 4349 ct
516 4291 691 4364 compellant.
746 4327 748 4330 v
