<?xml version="1.0" encoding="UTF-8"?>
<!DOCTYPE html PUBLIC "-//W3C//DTD XHTML 1.0 Transitional//EN"
    "http://www.w3.org/TR/xhtml1/DTD/xhtml1-transitional.dtd">
<html xmlns="http://www.w3.org/1999/xhtml" xml:lang="en" lang="en">
 <head>
  <title>
</title>
<meta http-equiv="Content-Type" content="text/html;charset=utf-8" />
  <meta name='ocr-system' content='tesseract 3.04.00' />
  <meta name='ocr-capabilities' content='ocr_page ocr_carea ocr_par ocr_line ocrx_word'/>
</head>
<body>
  <div class='ocr_page' id='page_1' title='image "./corpusiurisgerm01visigoog_0183.png"; bbox 0 0 2650 4986; ppageno 0'>
   <div class='ocr_carea' id='block_1_1' title="bbox 155 327 1106 433">
    <p class='ocr_par' dir='ltr' id='par_1_1' title="bbox 155 327 1106 433">
     <span class='ocr_line' id='line_1_1' title="bbox 155 327 1106 433; baseline 0.006 -31"><span class='ocrx_word' id='word_1_1' title='bbox 155 327 226 420; x_wconf 84' lang='lat'><strong>172</strong></span> <span class='ocrx_word' id='word_1_2' title='bbox 402 351 529 407; x_wconf 73' lang='lat' dir='ltr'><strong>scita.</strong></span> <span class='ocrx_word' id='word_1_3' title='bbox 636 329 880 432; x_wconf 68' lang='lat' dir='ltr'><strong>crrrrnaa&#39;ara</strong></span> <span class='ocrx_word' id='word_1_4' title='bbox 981 359 1040 425; x_wconf 62' lang='lat' dir='ltr'><strong>sap,</strong></span> <span class='ocrx_word' id='word_1_5' title='bbox 1096 389 1106 433; x_wconf 84' lang='lat'><strong>·.</strong></span> 
     </span>
    </p>
   </div>
   <div class='ocr_carea' id='block_1_2' title="bbox 152 489 1250 1300">
    <p class='ocr_par' dir='ltr' id='par_1_2' title="bbox 153 489 1246 820">
     <span class='ocr_line' id='line_1_2' title="bbox 155 489 1246 576; baseline 0.005 -28"><span class='ocrx_word' id='word_1_6' title='bbox 155 489 349 550; x_wconf 86' lang='lat' dir='ltr'><strong>immaculati</strong></span> <span class='ocrx_word' id='word_1_7' title='bbox 370 490 402 550; x_wconf 89' lang='lat' dir='ltr'><strong>in</strong></span> <span class='ocrx_word' id='word_1_8' title='bbox 418 501 594 576; x_wconf 87' lang='lat' dir='ltr'><strong>conspectu</strong></span> <span class='ocrx_word' id='word_1_9' title='bbox 611 493 678 552; x_wconf 86' lang='lat' dir='ltr'><strong>eins</strong></span> <span class='ocrx_word' id='word_1_10' title='bbox 697 493 728 550; x_wconf 89' lang='lat' dir='ltr'><strong>ia</strong></span> <span class='ocrx_word' id='word_1_11' title='bbox 746 491 897 567; x_wconf 88' lang='lat' dir='ltr'><strong>caritate,</strong></span> <span class='ocrx_word' id='word_1_12' title='bbox 921 501 952 556; x_wconf 93' lang='lat' dir='ltr'><strong>et</strong></span> <span class='ocrx_word' id='word_1_13' title='bbox 968 492 1066 553; x_wconf 87' lang='lat' dir='ltr'><strong>simus</strong></span> <span class='ocrx_word' id='word_1_14' title='bbox 1087 499 1246 554; x_wconf 76' lang='lat' dir='ltr'><strong>sectatores</strong></span> 
     </span>
     <span class='ocr_line' id='line_1_3' title="bbox 153 569 1242 657; baseline -0.001 -24"><span class='ocrx_word' id='word_1_15' title='bbox 153 573 314 633; x_wconf 85' lang='lat' dir='ltr'><strong>bonorum</strong></span> <span class='ocrx_word' id='word_1_16' title='bbox 335 592 486 654; x_wconf 84' lang='lat' dir='ltr'><strong>operum,</strong></span> <span class='ocrx_word' id='word_1_17' title='bbox 509 574 542 633; x_wconf 88' lang='lat' dir='ltr'><strong>in</strong></span> <span class='ocrx_word' id='word_1_18' title='bbox 567 573 685 656; x_wconf 85' lang='lat' dir='ltr'><strong>quibas</strong></span> <span class='ocrx_word' id='word_1_19' title='bbox 708 597 781 634; x_wconf 87' lang='lat' dir='ltr'><strong>cnm</strong></span> <span class='ocrx_word' id='word_1_20' title='bbox 803 574 866 634; x_wconf 73' lang='lat' dir='ltr'><strong>liele</strong></span> <span class='ocrx_word' id='word_1_21' title='bbox 900 584 987 635; x_wconf 85' lang='lat' dir='ltr'><strong>recta</strong></span> <span class='ocrx_word' id='word_1_22' title='bbox 1016 569 1242 657; x_wconf 77' lang='lat' dir='ltr'><strong>perseverantes</strong></span> 
     </span>
     <span class='ocr_line' id='line_1_4' title="bbox 153 652 1243 739; baseline -0.003 -24"><span class='ocrx_word' id='word_1_23' title='bbox 153 652 381 736; x_wconf 87' lang='lat' dir='ltr'><strong>perveniamus</strong></span> <span class='ocrx_word' id='word_1_24' title='bbox 396 674 530 734; x_wconf 89' lang='lat' dir='ltr'><strong>omnes,</strong></span> <span class='ocrx_word' id='word_1_25' title='bbox 554 655 621 739; x_wconf 88' lang='lat' dir='ltr'><strong>ipso</strong></span> <span class='ocrx_word' id='word_1_26' title='bbox 646 655 898 737; x_wconf 77' lang='lat' dir='ltr'><strong>praeveniente,</strong></span> <span class='ocrx_word' id='word_1_27' title='bbox 921 656 1094 718; x_wconf 88' lang='lat' dir='ltr'><strong>adiuvante</strong></span> <span class='ocrx_word' id='word_1_28' title='bbox 1103 700 1116 733; x_wconf 82' lang='lat'><strong>„</strong></span> <span class='ocrx_word' id='word_1_29' title='bbox 1134 664 1165 717; x_wconf 90' lang='lat' dir='ltr'><strong>et</strong></span> <span class='ocrx_word' id='word_1_30' title='bbox 1178 654 1243 716; x_wconf 88' lang='lat' dir='ltr'><strong>sub·</strong></span> 
     </span>
     <span class='ocr_line' id='line_1_5' title="bbox 155 736 743 820; baseline 0 -22"><span class='ocrx_word' id='word_1_31' title='bbox 155 743 333 819; x_wconf 85' lang='lat' dir='ltr'><strong>sequente,</strong></span> <span class='ocrx_word' id='word_1_32' title='bbox 356 736 397 796; x_wconf 88' lang='lat' dir='ltr'><strong>ad</strong></span> <span class='ocrx_word' id='word_1_33' title='bbox 413 756 551 820; x_wconf 80' lang='lat' dir='ltr'><strong>regnum</strong></span> <span class='ocrx_word' id='word_1_34' title='bbox 567 738 743 798; x_wconf 89' lang='lat' dir='ltr'><strong>coeloram.</strong></span> 
     </span>
    </p>

    <p class='ocr_par' dir='ltr' id='par_1_3' title="bbox 152 816 1250 1300">
     <span class='ocr_line' id='line_1_6' title="bbox 236 816 1247 903; baseline -0.005 -24"><span class='ocrx_word' id='word_1_35' title='bbox 236 816 333 882; x_wconf 91' lang='lat' dir='ltr'><strong>Xlll.</strong></span> <span class='ocrx_word' id='word_1_36' title='bbox 376 817 528 903; x_wconf 85' lang='lat' dir='ltr'><strong>Episcopi</strong></span> <span class='ocrx_word' id='word_1_37' title='bbox 554 820 724 903; x_wconf 79' lang='lat' dir='ltr'><strong>privilegia</strong></span> <span class='ocrx_word' id='word_1_38' title='bbox 761 822 921 883; x_wconf 78' lang='lat' dir='ltr'><strong>Romanae</strong></span> <span class='ocrx_word' id='word_1_39' title='bbox 945 817 1038 882; x_wconf 90' lang='lat' dir='ltr'><strong>Sedis</strong></span> <span class='ocrx_word' id='word_1_40' title='bbox 1071 827 1102 880; x_wconf 87' lang='lat' dir='ltr'><strong>et</strong></span> <span class='ocrx_word' id='word_1_41' title='bbox 1134 817 1247 896; x_wconf 78' lang='lat' dir='ltr'><strong>Regum</strong></span> 
     </span>
     <span class='ocr_line' id='line_1_7' title="bbox 154 897 1248 985; baseline -0.002 -25"><span class='ocrx_word' id='word_1_42' title='bbox 154 909 325 983; x_wconf 88' lang='lat' dir='ltr'><strong>praecepta</strong></span> <span class='ocrx_word' id='word_1_43' title='bbox 345 899 501 963; x_wconf 89' lang='lat' dir='ltr'><strong>Ecclesiis</strong></span> <span class='ocrx_word' id='word_1_44' title='bbox 519 903 585 963; x_wconf 88' lang='lat' dir='ltr'><strong>suis</strong></span> <span class='ocrx_word' id='word_1_45' title='bbox 601 903 784 964; x_wconf 88' lang='lat' dir='ltr'><strong>confirmata</strong></span> <span class='ocrx_word' id='word_1_46' title='bbox 804 903 894 985; x_wconf 77' lang='lat' dir='ltr'><strong>vigili</strong></span> <span class='ocrx_word' id='word_1_47' title='bbox 914 901 1044 964; x_wconf 83' lang='lat' dir='ltr'><strong>solertia</strong></span> <span class='ocrx_word' id='word_1_48' title='bbox 1066 897 1248 974; x_wconf 88' lang='lat' dir='ltr'><strong>custodiant,</strong></span> 
     </span>
     <span class='ocr_line' id='line_1_8' title="bbox 155 981 1248 1054; baseline -0.002 -12"><span class='ocrx_word' id='word_1_49' title='bbox 155 990 191 1043; x_wconf 89' lang='lat' dir='ltr'><strong>ut</strong></span> <span class='ocrx_word' id='word_1_50' title='bbox 209 981 327 1043; x_wconf 87' lang='lat' dir='ltr'><strong>exinde</strong></span> <span class='ocrx_word' id='word_1_51' title='bbox 350 983 538 1045; x_wconf 81' lang='lat' dir='ltr'><strong>auctorabili</strong></span> <span class='ocrx_word' id='word_1_52' title='bbox 553 983 699 1046; x_wconf 83' lang='lat' dir='ltr'><strong>firmitate</strong></span> <span class='ocrx_word' id='word_1_53' title='bbox 715 994 874 1046; x_wconf 88' lang='lat' dir='ltr'><strong>tueantur.</strong></span> <span class='ocrx_word' id='word_1_54' title='bbox 915 986 1022 1047; x_wconf 87' lang='lat' dir='ltr'><strong>Nonas</strong></span> <span class='ocrx_word' id='word_1_55' title='bbox 1049 993 1082 1045; x_wconf 91' lang='lat' dir='ltr'><strong>et</strong></span> <span class='ocrx_word' id='word_1_56' title='bbox 1112 982 1248 1054; x_wconf 89' lang='lat' dir='ltr'><strong>decimas,</strong></span> 
     </span>
     <span class='ocr_line' id='line_1_9' title="bbox 158 1063 1249 1150; baseline -0.005 -25"><span class='ocrx_word' id='word_1_57' title='bbox 158 1064 245 1125; x_wconf 89' lang='lat' dir='ltr'><strong>unde</strong></span> <span class='ocrx_word' id='word_1_58' title='bbox 269 1073 421 1126; x_wconf 89' lang='lat' dir='ltr'><strong>statutum</strong></span> <span class='ocrx_word' id='word_1_59' title='bbox 449 1075 514 1145; x_wconf 90' lang='lat' dir='ltr'><strong>cst,</strong></span> <span class='ocrx_word' id='word_1_60' title='bbox 545 1067 665 1150; x_wconf 85' lang='lat' dir='ltr'><strong>absque</strong></span> <span class='ocrx_word' id='word_1_61' title='bbox 695 1067 830 1132; x_wconf 86' lang='lat' dir='ltr'><strong>alicuius</strong></span> <span class='ocrx_word' id='word_1_62' title='bbox 856 1066 1060 1132; x_wconf 88' lang='lat' dir='ltr'><strong>contradictu</strong></span> <span class='ocrx_word' id='word_1_63' title='bbox 1096 1063 1249 1146; x_wconf 77' lang='lat' dir='ltr'><strong>recipiant.</strong></span> 
     </span>
     <span class='ocr_line' id='line_1_10' title="bbox 152 1145 1250 1228; baseline -0.003 -20"><span class='ocrx_word' id='word_1_64' title='bbox 152 1149 202 1208; x_wconf 90' lang='lat' dir='ltr'><strong>De</strong></span> <span class='ocrx_word' id='word_1_65' title='bbox 223 1145 318 1207; x_wconf 89' lang='lat' dir='ltr'><strong>terris</strong></span> <span class='ocrx_word' id='word_1_66' title='bbox 333 1147 515 1210; x_wconf 86' lang='lat' dir='ltr'><strong>censalibus</strong></span> <span class='ocrx_word' id='word_1_67' title='bbox 541 1157 573 1210; x_wconf 89' lang='lat' dir='ltr'><strong>et</strong></span> <span class='ocrx_word' id='word_1_68' title='bbox 590 1159 741 1228; x_wconf 84' lang='lat' dir='ltr'><strong>potestate</strong></span> <span class='ocrx_word' id='word_1_69' title='bbox 761 1149 926 1212; x_wconf 85' lang='lat' dir='ltr'><strong>Ecclesiae</strong></span> <span class='ocrx_word' id='word_1_70' title='bbox 951 1170 1047 1227; x_wconf 86' lang='lat' dir='ltr'><strong>suae,</strong></span> <span class='ocrx_word' id='word_1_71' title='bbox 1071 1156 1105 1209; x_wconf 88' lang='lat' dir='ltr'><strong>et</strong></span> <span class='ocrx_word' id='word_1_72' title='bbox 1126 1146 1250 1208; x_wconf 85' lang='lat' dir='ltr'><strong>culturis</strong></span> 
     </span>
     <span class='ocr_line' id='line_1_11' title="bbox 156 1228 1250 1300; baseline -0.005 -11"><span class='ocrx_word' id='word_1_73' title='bbox 156 1228 394 1291; x_wconf 86' lang='lat' dir='ltr'><strong>indominicatis</strong></span> <span class='ocrx_word' id='word_1_74' title='bbox 413 1238 446 1291; x_wconf 88' lang='lat' dir='ltr'><strong>et</strong></span> <span class='ocrx_word' id='word_1_75' title='bbox 466 1230 652 1292; x_wconf 84' lang='lat' dir='ltr'><strong>absitatibus</strong></span> <span class='ocrx_word' id='word_1_76' title='bbox 673 1241 706 1292; x_wconf 88' lang='lat' dir='ltr'><strong>et</strong></span> <span class='ocrx_word' id='word_1_77' title='bbox 725 1231 953 1293; x_wconf 82' lang='lat' dir='ltr'><strong>manufirmatis</strong></span> <span class='ocrx_word' id='word_1_78' title='bbox 975 1232 1079 1292; x_wconf 87' lang='lat' dir='ltr'><strong>maior</strong></span> <span class='ocrx_word' id='word_1_79' title='bbox 1095 1230 1250 1300; x_wconf 89' lang='lat' dir='ltr'><strong>Ecclesia,</strong></span> 
     </span>
    </p>
   </div>
   <div class='ocr_carea' id='block_1_3' title="bbox 153 1311 1309 1455">
    <p class='ocr_par' dir='ltr' id='par_1_4' title="bbox 153 1311 1309 1455">
     <span class='ocr_line' id='line_1_12' title="bbox 153 1311 1309 1455; baseline 0.006 -86"><span class='ocrx_word' id='word_1_80' title='bbox 153 1331 237 1455; x_wconf 55' lang='lat' dir='ltr'><strong>puae</strong></span> <span class='ocrx_word' id='word_1_81' title='bbox 261 1321 359 1392; x_wconf 90' lang='lat' dir='ltr'><strong>caput</strong></span> <span class='ocrx_word' id='word_1_82' title='bbox 387 1311 587 1395; x_wconf 88' lang='lat' dir='ltr'><strong>episcopatus</strong></span> <span class='ocrx_word' id='word_1_83' title='bbox 608 1313 854 1388; x_wconf 55' lang='lat' dir='ltr'><strong>est,&gt;decimam</strong></span> <span class='ocrx_word' id='word_1_84' title='bbox 878 1313 1031 1395; x_wconf 88' lang='lat' dir='ltr'><strong>recipiat:</strong></span> <span class='ocrx_word' id='word_1_85' title='bbox 1062 1311 1207 1376; x_wconf 85' lang='lat' dir='ltr'><strong>similiter</strong></span> <span class='ocrx_word' id='word_1_86' title='bbox 1226 1319 1253 1370; x_wconf 87' lang='lat' dir='ltr'><strong>et</strong></span> <span class='ocrx_word' id='word_1_87' title='bbox 1308 1373 1309 1376; x_wconf 74' lang='grc'>,</span> 
     </span>
    </p>
   </div>
   <div class='ocr_carea' id='block_1_4' title="bbox 153 1392 1253 1558">
    <p class='ocr_par' dir='ltr' id='par_1_5' title="bbox 153 1392 1253 1558">
     <span class='ocr_line' id='line_1_13' title="bbox 179 1392 1253 1475; baseline -0.004 -23"><span class='ocrx_word' id='word_1_88' title='bbox 179 1413 343 1454; x_wconf 88' lang='lat' dir='ltr'><strong>ecarruca</strong></span> <span class='ocrx_word' id='word_1_89' title='bbox 363 1392 602 1457; x_wconf 89' lang='lat' dir='ltr'><strong>indominicata.</strong></span> <span class='ocrx_word' id='word_1_90' title='bbox 645 1399 694 1456; x_wconf 91' lang='lat' dir='ltr'><strong>De</strong></span> <span class='ocrx_word' id='word_1_91' title='bbox 717 1397 833 1458; x_wconf 79' lang='lat' dir='ltr'><strong>narnsis</strong></span> <span class='ocrx_word' id='word_1_92' title='bbox 858 1396 1065 1458; x_wconf 87' lang='lat' dir='ltr'><strong>hereditariis</strong></span> <span class='ocrx_word' id='word_1_93' title='bbox 1093 1393 1253 1475; x_wconf 84' lang='lat' dir='ltr'><strong>Presbyter</strong></span> 
     </span>
     <span class='ocr_line' id='line_1_14' title="bbox 153 1473 1253 1558; baseline 0 -26"><span class='ocrx_word' id='word_1_94' title='bbox 153 1473 344 1555; x_wconf 89' lang='lat' dir='ltr'><strong>parochiae,</strong></span> <span class='ocrx_word' id='word_1_95' title='bbox 367 1476 450 1537; x_wconf 89' lang='lat' dir='ltr'><strong>sicut</strong></span> <span class='ocrx_word' id='word_1_96' title='bbox 471 1477 682 1539; x_wconf 90' lang='lat' dir='ltr'><strong>coustitutum</strong></span> <span class='ocrx_word' id='word_1_97' title='bbox 703 1488 767 1555; x_wconf 90' lang='lat' dir='ltr'><strong>est,</strong></span> <span class='ocrx_word' id='word_1_98' title='bbox 789 1479 950 1540; x_wconf 85' lang='lat' dir='ltr'><strong>decimum</strong></span> <span class='ocrx_word' id='word_1_99' title='bbox 964 1486 1190 1558; x_wconf 81' lang='lat' dir='ltr'><strong>consequatur.</strong></span> <span class='ocrx_word' id='word_1_100' title='bbox 1220 1476 1253 1533; x_wconf 86' lang='lat' dir='ltr'><strong>Et</strong></span> 
     </span>
    </p>
   </div>
   <div class='ocr_carea' id='block_1_5' title="bbox 156 1557 1310 1658">
    <p class='ocr_par' dir='ltr' id='par_1_6' title="bbox 156 1557 1310 1658">
     <span class='ocr_line' id='line_1_15' title="bbox 156 1557 1310 1658; baseline 0.006 -42"><span class='ocrx_word' id='word_1_101' title='bbox 156 1577 196 1616; x_wconf 89' lang='lat' dir='ltr'><strong>ne</strong></span> <span class='ocrx_word' id='word_1_102' title='bbox 215 1557 255 1620; x_wconf 87' lang='lat' dir='ltr'><strong>de</strong></span> <span class='ocrx_word' id='word_1_103' title='bbox 277 1559 338 1620; x_wconf 89' lang='lat' dir='ltr'><strong>hoe</strong></span> <span class='ocrx_word' id='word_1_104' title='bbox 357 1559 524 1622; x_wconf 90' lang='lat' dir='ltr'><strong>contentio</strong></span> <span class='ocrx_word' id='word_1_105' title='bbox 542 1559 684 1638; x_wconf 88' lang='lat' dir='ltr'><strong>oriatur,</strong></span> <span class='ocrx_word' id='word_1_106' title='bbox 707 1582 909 1646; x_wconf 86' lang='lat' dir='ltr'><strong>summopere</strong></span> <span class='ocrx_word' id='word_1_107' title='bbox 935 1560 1120 1626; x_wconf 82' lang='lat' dir='ltr'><strong>carendum</strong></span> <span class='ocrx_word' id='word_1_108' title='bbox 1151 1567 1204 1623; x_wconf 86' lang='lat' dir='ltr'><strong>est.</strong></span> <span class='ocrx_word' id='word_1_109' title='bbox 1224 1567 1254 1629; x_wconf 75' lang='lat' dir='ltr'><strong>n]</strong></span> <span class='ocrx_word' id='word_1_110' title='bbox 1309 1641 1310 1658; x_wconf 13' lang='grc' dir='ltr'>χ</span> 
     </span>
    </p>
   </div>
   <div class='ocr_carea' id='block_1_6' title="bbox 237 1688 1256 1902">
    <p class='ocr_par' dir='ltr' id='par_1_7' title="bbox 237 1688 1256 1902">
     <span class='ocr_line' id='line_1_16' title="bbox 442 1688 961 1754; baseline 0.004 -4"><span class='ocrx_word' id='word_1_111' title='bbox 442 1688 662 1754; x_wconf 77' lang='lat' dir='ltr'><strong>Anauurrsrro</strong></span> <span class='ocrx_word' id='word_1_112' title='bbox 696 1691 822 1752; x_wconf 82' lang='lat' dir='ltr'><strong>Kanorr</strong></span> <span class='ocrx_word' id='word_1_113' title='bbox 854 1691 961 1752; x_wconf 71' lang='lat' dir='ltr'><strong>liceis.</strong></span> 
     </span>
     <span class='ocr_line' id='line_1_17' title="bbox 237 1799 1256 1902; baseline -0.002 -38"><span class='ocrx_word' id='word_1_114' title='bbox 237 1799 265 1864; x_wconf 92' lang='lat' dir='ltr'><strong>I.</strong></span> <span class='ocrx_word' id='word_1_115' title='bbox 308 1804 467 1866; x_wconf 83' lang='lat' dir='ltr'><strong>Volumus</strong></span> <span class='ocrx_word' id='word_1_116' title='bbox 484 1827 540 1868; x_wconf 86' lang='lat' dir='ltr'><strong>vos</strong></span> <span class='ocrx_word' id='word_1_117' title='bbox 569 1805 652 1868; x_wconf 88' lang='lat' dir='ltr'><strong>scire</strong></span> <span class='ocrx_word' id='word_1_118' title='bbox 674 1805 757 1902; x_wconf 68' lang='lat' dir='ltr'><strong>spoia</strong></span> <span class='ocrx_word' id='word_1_119' title='bbox 791 1805 1256 1870; x_wconf 84' lang='lat' dir='ltr'><strong>secundumconsuetudinem</strong></span> 
     </span>
    </p>
   </div>
   <div class='ocr_carea' id='block_1_7' title="bbox 155 1883 1311 1972">
    <p class='ocr_par' dir='ltr' id='par_1_8' title="bbox 155 1883 1311 1972">
     <span class='ocr_line' id='line_1_18' title="bbox 155 1883 1311 1972; baseline 0.004 -29"><span class='ocrx_word' id='word_1_120' title='bbox 155 1893 393 1946; x_wconf 83' lang='lat' dir='ltr'><strong>antecessorum</strong></span> <span class='ocrx_word' id='word_1_121' title='bbox 411 1897 594 1948; x_wconf 90' lang='lat' dir='ltr'><strong>nostrorum</strong></span> <span class='ocrx_word' id='word_1_122' title='bbox 612 1888 883 1952; x_wconf 78' lang='lat' dir='ltr'><strong>consideravimus</strong></span> <span class='ocrx_word' id='word_1_123' title='bbox 904 1888 938 1948; x_wconf 86' lang='lat' dir='ltr'><strong>in</strong></span> <span class='ocrx_word' id='word_1_124' title='bbox 955 1888 1017 1950; x_wconf 89' lang='lat' dir='ltr'><strong>hoe</strong></span> <span class='ocrx_word' id='word_1_125' title='bbox 1031 1883 1175 1972; x_wconf 86' lang='lat' dir='ltr'><strong>placito,</strong></span> <span class='ocrx_word' id='word_1_126' title='bbox 1192 1907 1256 1946; x_wconf 88' lang='lat' dir='ltr'><strong>cnm</strong></span> <span class='ocrx_word' id='word_1_127' title='bbox 1310 1927 1311 1948; x_wconf 52' lang='lat' dir='ltr'><strong>t</strong></span> 
     </span>
    </p>
   </div>
   <div class='ocr_carea' id='block_1_8' title="bbox 153 1967 1258 2294">
    <p class='ocr_par' dir='ltr' id='par_1_9' title="bbox 153 1967 1258 2294">
     <span class='ocr_line' id='line_1_19' title="bbox 154 1967 1256 2051; baseline -0.004 -22"><span class='ocrx_word' id='word_1_128' title='bbox 154 1967 323 2051; x_wconf 89' lang='lat' dir='ltr'><strong>Episcopis</strong></span> <span class='ocrx_word' id='word_1_129' title='bbox 345 1975 377 2029; x_wconf 89' lang='lat' dir='ltr'><strong>et</strong></span> <span class='ocrx_word' id='word_1_130' title='bbox 400 1970 534 2030; x_wconf 88' lang='lat' dir='ltr'><strong>cacteris</strong></span> <span class='ocrx_word' id='word_1_131' title='bbox 559 1970 709 2032; x_wconf 80' lang='lat' dir='ltr'><strong>fidelibus</strong></span> <span class='ocrx_word' id='word_1_132' title='bbox 738 1971 876 2050; x_wconf 87' lang='lat' dir='ltr'><strong>nostris,</strong></span> <span class='ocrx_word' id='word_1_133' title='bbox 907 1969 946 2032; x_wconf 92' lang='lat' dir='ltr'><strong>de</strong></span> <span class='ocrx_word' id='word_1_134' title='bbox 977 1971 1104 2032; x_wconf 92' lang='lat' dir='ltr'><strong>honore</strong></span> <span class='ocrx_word' id='word_1_135' title='bbox 1139 1979 1256 2032; x_wconf 88' lang='lat' dir='ltr'><strong>sanctae</strong></span> 
     </span>
     <span class='ocr_line' id='line_1_20' title="bbox 153 2049 1258 2132; baseline 0.002 -22"><span class='ocrx_word' id='word_1_136' title='bbox 153 2049 342 2131; x_wconf 81' lang='lat' dir='ltr'><strong>Ecclesiae,</strong></span> <span class='ocrx_word' id='word_1_137' title='bbox 365 2058 397 2110; x_wconf 92' lang='lat' dir='ltr'><strong>et</strong></span> <span class='ocrx_word' id='word_1_138' title='bbox 419 2051 652 2132; x_wconf 85' lang='lat' dir='ltr'><strong>Episcoporum</strong></span> <span class='ocrx_word' id='word_1_139' title='bbox 675 2049 712 2114; x_wconf 81' lang='lat' dir='ltr'><strong>ric</strong></span> <span class='ocrx_word' id='word_1_140' title='bbox 732 2063 933 2114; x_wconf 85' lang='lat' dir='ltr'><strong>caeterorum</strong></span> <span class='ocrx_word' id='word_1_141' title='bbox 948 2075 1117 2116; x_wconf 78' lang='lat' dir='ltr'><strong>serrorum</strong></span> <span class='ocrx_word' id='word_1_142' title='bbox 1135 2051 1212 2127; x_wconf 88' lang='lat' dir='ltr'><strong>Dei,</strong></span> <span class='ocrx_word' id='word_1_143' title='bbox 1227 2060 1258 2112; x_wconf 83' lang='lat' dir='ltr'><strong>ut</strong></span> 
     </span>
     <span class='ocr_line' id='line_1_21' title="bbox 156 2129 1257 2219; baseline -0.004 -24"><span class='ocrx_word' id='word_1_144' title='bbox 156 2131 300 2195; x_wconf 88' lang='lat' dir='ltr'><strong>debitum</strong></span> <span class='ocrx_word' id='word_1_145' title='bbox 317 2129 475 2193; x_wconf 89' lang='lat' dir='ltr'><strong>honorem</strong></span> <span class='ocrx_word' id='word_1_146' title='bbox 492 2133 652 2213; x_wconf 87' lang='lat' dir='ltr'><strong>babeant,</strong></span> <span class='ocrx_word' id='word_1_147' title='bbox 674 2135 758 2198; x_wconf 90' lang='lat' dir='ltr'><strong>sicut</strong></span> <span class='ocrx_word' id='word_1_148' title='bbox 774 2145 917 2219; x_wconf 89' lang='lat' dir='ltr'><strong>tempore</strong></span> <span class='ocrx_word' id='word_1_149' title='bbox 936 2145 1176 2196; x_wconf 85' lang='lat' dir='ltr'><strong>antecessorum</strong></span> <span class='ocrx_word' id='word_1_150' title='bbox 1192 2154 1257 2192; x_wconf 89' lang='lat' dir='ltr'><strong>nos·</strong></span> 
     </span>
     <span class='ocr_line' id='line_1_22' title="bbox 155 2212 1257 2294; baseline -0.003 -20"><span class='ocrx_word' id='word_1_151' title='bbox 155 2222 280 2275; x_wconf 86' lang='lat' dir='ltr'><strong>trorum</strong></span> <span class='ocrx_word' id='word_1_152' title='bbox 290 2212 483 2276; x_wconf 86' lang='lat' dir='ltr'><strong>habuerunt.</strong></span> <span class='ocrx_word' id='word_1_153' title='bbox 525 2217 567 2278; x_wconf 90' lang='lat' dir='ltr'><strong>Et</strong></span> <span class='ocrx_word' id='word_1_154' title='bbox 584 2217 770 2279; x_wconf 89' lang='lat' dir='ltr'><strong>bominibus</strong></span> <span class='ocrx_word' id='word_1_155' title='bbox 798 2217 947 2280; x_wconf 88' lang='lat' dir='ltr'><strong>fidelibus</strong></span> <span class='ocrx_word' id='word_1_156' title='bbox 973 2218 1116 2294; x_wconf 88' lang='lat' dir='ltr'><strong>uostris,</strong></span> <span class='ocrx_word' id='word_1_157' title='bbox 1138 2214 1257 2276; x_wconf 85' lang='lat' dir='ltr'><strong>unicui-</strong></span> 
     </span>
    </p>
   </div>
   <div class='ocr_carea' id='block_1_9' title="bbox 154 2296 1312 2380">
    <p class='ocr_par' dir='ltr' id='par_1_10' title="bbox 154 2296 1312 2380">
     <span class='ocr_line' id='line_1_23' title="bbox 154 2296 1312 2380; baseline -0.003 -24"><span class='ocrx_word' id='word_1_158' title='bbox 154 2315 219 2380; x_wconf 84' lang='lat' dir='ltr'><strong>que</strong></span> <span class='ocrx_word' id='word_1_159' title='bbox 238 2296 272 2355; x_wconf 92' lang='lat' dir='ltr'><strong>in</strong></span> <span class='ocrx_word' id='word_1_160' title='bbox 291 2317 349 2356; x_wconf 93' lang='lat' dir='ltr'><strong>suo</strong></span> <span class='ocrx_word' id='word_1_161' title='bbox 367 2296 500 2374; x_wconf 89' lang='lat' dir='ltr'><strong>ordine,</strong></span> <span class='ocrx_word' id='word_1_162' title='bbox 521 2298 626 2380; x_wconf 81' lang='lat' dir='ltr'><strong>legem</strong></span> <span class='ocrx_word' id='word_1_163' title='bbox 650 2309 683 2362; x_wconf 88' lang='lat' dir='ltr'><strong>et</strong></span> <span class='ocrx_word' id='word_1_164' title='bbox 707 2300 861 2361; x_wconf 88' lang='lat' dir='ltr'><strong>iustitiam</strong></span> <span class='ocrx_word' id='word_1_165' title='bbox 883 2300 1162 2373; x_wconf 83' lang='lat' dir='ltr'><strong>conservabimus,</strong></span> <span class='ocrx_word' id='word_1_166' title='bbox 1184 2297 1258 2358; x_wconf 89' lang='lat' dir='ltr'><strong>sicut</strong></span> <span class='ocrx_word' id='word_1_167' title='bbox 1311 2309 1312 2330; x_wconf 65' lang='lat'>¹</span> 
     </span>
    </p>
   </div>
   <div class='ocr_carea' id='block_1_10' title="bbox 159 2380 1257 2525">
    <p class='ocr_par' dir='ltr' id='par_1_11' title="bbox 159 2380 1257 2525">
     <span class='ocr_line' id='line_1_24' title="bbox 159 2380 1257 2522; baseline -0.002 -84"><span class='ocrx_word' id='word_1_168' title='bbox 159 2399 271 2522; x_wconf 60' lang='lat' dir='ltr'><strong>Eorum</strong></span> <span class='ocrx_word' id='word_1_169' title='bbox 301 2389 518 2441; x_wconf 87' lang='lat' dir='ltr'><strong>antecessores</strong></span> <span class='ocrx_word' id='word_1_170' title='bbox 553 2391 696 2466; x_wconf 88' lang='lat' dir='ltr'><strong>tempore</strong></span> <span class='ocrx_word' id='word_1_171' title='bbox 733 2392 969 2446; x_wconf 87' lang='lat' dir='ltr'><strong>autecessorum</strong></span> <span class='ocrx_word' id='word_1_172' title='bbox 1001 2393 1185 2443; x_wconf 88' lang='lat' dir='ltr'><strong>nostrorum</strong></span> <span class='ocrx_word' id='word_1_173' title='bbox 1207 2380 1257 2438; x_wconf 88' lang='lat' dir='ltr'><strong>ha-</strong></span> 
     </span>
     <span class='ocr_line' id='line_1_25' title="bbox 183 2467 311 2525; baseline -0.016 -4"><span class='ocrx_word' id='word_1_174' title='bbox 183 2467 311 2525; x_wconf 88' lang='lat' dir='ltr'><strong>uerunt.</strong></span> 
     </span>
    </p>
   </div>
   <div class='ocr_carea' id='block_1_11' title="bbox 240 2542 1313 2630">
    <p class='ocr_par' dir='ltr' id='par_1_12' title="bbox 240 2542 1313 2630">
     <span class='ocr_line' id='line_1_26' title="bbox 240 2542 1313 2630; baseline -0.007 -24"><span class='ocrx_word' id='word_1_175' title='bbox 240 2543 286 2606; x_wconf 91' lang='lat' dir='ltr'><strong>ll.</strong></span> <span class='ocrx_word' id='word_1_176' title='bbox 326 2543 370 2606; x_wconf 90' lang='lat' dir='ltr'><strong>Et</strong></span> <span class='ocrx_word' id='word_1_177' title='bbox 383 2542 532 2606; x_wconf 86' lang='lat' dir='ltr'><strong>volumus</strong></span> <span class='ocrx_word' id='word_1_178' title='bbox 549 2551 644 2630; x_wconf 87' lang='lat' dir='ltr'><strong>atque</strong></span> <span class='ocrx_word' id='word_1_179' title='bbox 658 2547 807 2608; x_wconf 86' lang='lat' dir='ltr'><strong>iuhemus</strong></span> <span class='ocrx_word' id='word_1_180' title='bbox 825 2557 860 2606; x_wconf 92' lang='lat' dir='ltr'><strong>ut</strong></span> <span class='ocrx_word' id='word_1_181' title='bbox 879 2544 1005 2610; x_wconf 81' lang='lat' dir='ltr'><strong>vassalli</strong></span> <span class='ocrx_word' id='word_1_182' title='bbox 1022 2544 1257 2627; x_wconf 87' lang='lat' dir='ltr'><strong>Episcoporum,</strong></span> <span class='ocrx_word' id='word_1_183' title='bbox 1312 2605 1313 2630; x_wconf 81' lang='lat'><strong>,</strong></span> 
     </span>
    </p>
   </div>
   <div class='ocr_carea' id='block_1_12' title="bbox 156 2625 1260 4190">
    <p class='ocr_par' dir='ltr' id='par_1_13' title="bbox 156 2625 1260 3264">
     <span class='ocr_line' id='line_1_27' title="bbox 158 2625 1257 2710; baseline -0.005 -23"><span class='ocrx_word' id='word_1_184' title='bbox 158 2625 338 2703; x_wconf 86' lang='lat' dir='ltr'><strong>Abbatum,</strong></span> <span class='ocrx_word' id='word_1_185' title='bbox 372 2635 405 2688; x_wconf 83' lang='lat' dir='ltr'><strong>et</strong></span> <span class='ocrx_word' id='word_1_186' title='bbox 426 2626 679 2705; x_wconf 86' lang='lat' dir='ltr'><strong>Abbatissarum,</strong></span> <span class='ocrx_word' id='word_1_187' title='bbox 713 2639 808 2710; x_wconf 87' lang='lat' dir='ltr'><strong>atque</strong></span> <span class='ocrx_word' id='word_1_188' title='bbox 835 2629 1018 2704; x_wconf 86' lang='lat' dir='ltr'><strong>Comitum,</strong></span> <span class='ocrx_word' id='word_1_189' title='bbox 1048 2637 1081 2688; x_wconf 90' lang='lat' dir='ltr'><strong>et</strong></span> <span class='ocrx_word' id='word_1_190' title='bbox 1108 2644 1257 2687; x_wconf 83' lang='lat' dir='ltr'><strong>rassorarr.</strong></span> 
     </span>
     <span class='ocr_line' id='line_1_28' title="bbox 158 2705 1256 2792; baseline -0.006 -24"><span class='ocrx_word' id='word_1_191' title='bbox 158 2711 359 2784; x_wconf 83' lang='lat' dir='ltr'><strong>nostrorum,</strong></span> <span class='ocrx_word' id='word_1_192' title='bbox 380 2710 478 2769; x_wconf 86' lang='lat' dir='ltr'><strong>talem</strong></span> <span class='ocrx_word' id='word_1_193' title='bbox 495 2710 601 2792; x_wconf 83' lang='lat' dir='ltr'><strong>legem</strong></span> <span class='ocrx_word' id='word_1_194' title='bbox 619 2719 650 2770; x_wconf 88' lang='lat' dir='ltr'><strong>et</strong></span> <span class='ocrx_word' id='word_1_195' title='bbox 669 2711 821 2773; x_wconf 88' lang='lat' dir='ltr'><strong>iustitiam</strong></span> <span class='ocrx_word' id='word_1_196' title='bbox 846 2711 932 2792; x_wconf 88' lang='lat' dir='ltr'><strong>apud</strong></span> <span class='ocrx_word' id='word_1_197' title='bbox 955 2709 1111 2770; x_wconf 89' lang='lat' dir='ltr'><strong>Seniores</strong></span> <span class='ocrx_word' id='word_1_198' title='bbox 1129 2729 1200 2768; x_wconf 90' lang='lat' dir='ltr'><strong>snos</strong></span> <span class='ocrx_word' id='word_1_199' title='bbox 1212 2705 1256 2762; x_wconf 85' lang='lat' dir='ltr'><strong>lra-</strong></span> 
     </span>
     <span class='ocr_line' id='line_1_29' title="bbox 156 2791 1257 2875; baseline -0.007 -24"><span class='ocrx_word' id='word_1_200' title='bbox 156 2792 254 2853; x_wconf 89' lang='lat' dir='ltr'><strong>beant</strong></span> <span class='ocrx_word' id='word_1_201' title='bbox 267 2792 351 2853; x_wconf 92' lang='lat' dir='ltr'><strong>sieut</strong></span> <span class='ocrx_word' id='word_1_202' title='bbox 364 2812 476 2853; x_wconf 87' lang='lat' dir='ltr'><strong>eorum</strong></span> <span class='ocrx_word' id='word_1_203' title='bbox 484 2804 698 2870; x_wconf 81' lang='lat' dir='ltr'><strong>antecessores</strong></span> <span class='ocrx_word' id='word_1_204' title='bbox 715 2793 799 2875; x_wconf 89' lang='lat' dir='ltr'><strong>apud</strong></span> <span class='ocrx_word' id='word_1_205' title='bbox 817 2792 947 2852; x_wconf 84' lang='lat' dir='ltr'><strong>illorum</strong></span> <span class='ocrx_word' id='word_1_206' title='bbox 958 2791 1109 2854; x_wconf 88' lang='lat' dir='ltr'><strong>Seniorcs</strong></span> <span class='ocrx_word' id='word_1_207' title='bbox 1123 2799 1257 2868; x_wconf 84' lang='lat' dir='ltr'><strong>tempore</strong></span> 
     </span>
     <span class='ocr_line' id='line_1_30' title="bbox 162 2871 1260 2957; baseline -0.01 -23"><span class='ocrx_word' id='word_1_208' title='bbox 162 2884 399 2936; x_wconf 84' lang='lat' dir='ltr'><strong>antecessorum</strong></span> <span class='ocrx_word' id='word_1_209' title='bbox 411 2873 605 2936; x_wconf 88' lang='lat' dir='ltr'><strong>babuerunt.</strong></span> <span class='ocrx_word' id='word_1_210' title='bbox 623 2875 665 2934; x_wconf 92' lang='lat' dir='ltr'><strong>Et</strong></span> <span class='ocrx_word' id='word_1_211' title='bbox 688 2877 714 2936; x_wconf 92' lang='lat' dir='ltr'><strong>si</strong></span> <span class='ocrx_word' id='word_1_212' title='bbox 733 2875 852 2956; x_wconf 87' lang='lat' dir='ltr'><strong>aliquis</strong></span> <span class='ocrx_word' id='word_1_213' title='bbox 869 2874 1058 2957; x_wconf 90' lang='lat' dir='ltr'><strong>Episcopus,</strong></span> <span class='ocrx_word' id='word_1_214' title='bbox 1078 2871 1193 2944; x_wconf 84' lang='lat' dir='ltr'><strong>Abbas,</strong></span> <span class='ocrx_word' id='word_1_215' title='bbox 1214 2877 1260 2925; x_wconf 88' lang='lat' dir='ltr'><strong>aut</strong></span> 
     </span>
     <span class='ocr_line' id='line_1_31' title="bbox 159 2955 1259 3034; baseline -0.008 -17"><span class='ocrx_word' id='word_1_216' title='bbox 159 2956 343 3034; x_wconf 76' lang='lat' dir='ltr'><strong>Abbatissa,</strong></span> <span class='ocrx_word' id='word_1_217' title='bbox 366 2956 417 3018; x_wconf 82' lang='lat' dir='ltr'><strong>vel</strong></span> <span class='ocrx_word' id='word_1_218' title='bbox 435 2958 549 3018; x_wconf 91' lang='lat' dir='ltr'><strong>Comes</strong></span> <span class='ocrx_word' id='word_1_219' title='bbox 572 2981 607 3018; x_wconf 88' lang='lat' dir='ltr'><strong>ac</strong></span> <span class='ocrx_word' id='word_1_220' title='bbox 630 2980 737 3021; x_wconf 85' lang='lat' dir='ltr'><strong>vassus</strong></span> <span class='ocrx_word' id='word_1_221' title='bbox 759 2967 883 3033; x_wconf 85' lang='lat' dir='ltr'><strong>noster,</strong></span> <span class='ocrx_word' id='word_1_222' title='bbox 916 2979 973 3018; x_wconf 89' lang='lat' dir='ltr'><strong>sno</strong></span> <span class='ocrx_word' id='word_1_223' title='bbox 1004 2955 1126 3016; x_wconf 89' lang='lat' dir='ltr'><strong>homini</strong></span> <span class='ocrx_word' id='word_1_224' title='bbox 1159 2960 1259 3012; x_wconf 91' lang='lat' dir='ltr'><strong>contra</strong></span> 
     </span>
     <span class='ocr_line' id='line_1_32' title="bbox 159 3033 1257 3115; baseline -0.009 -14"><span class='ocrx_word' id='word_1_225' title='bbox 159 3048 284 3101; x_wconf 90' lang='lat' dir='ltr'><strong>rectum</strong></span> <span class='ocrx_word' id='word_1_226' title='bbox 302 3049 335 3099; x_wconf 92' lang='lat' dir='ltr'><strong>et</strong></span> <span class='ocrx_word' id='word_1_227' title='bbox 354 3037 509 3098; x_wconf 88' lang='lat' dir='ltr'><strong>iustitiam</strong></span> <span class='ocrx_word' id='word_1_228' title='bbox 529 3039 661 3115; x_wconf 87' lang='lat' dir='ltr'><strong>fecerit,</strong></span> <span class='ocrx_word' id='word_1_229' title='bbox 683 3048 761 3101; x_wconf 90' lang='lat' dir='ltr'><strong>etse</strong></span> <span class='ocrx_word' id='word_1_230' title='bbox 783 3039 859 3104; x_wconf 85' lang='lat' dir='ltr'><strong>inde</strong></span> <span class='ocrx_word' id='word_1_231' title='bbox 884 3039 923 3099; x_wconf 91' lang='lat' dir='ltr'><strong>ad</strong></span> <span class='ocrx_word' id='word_1_232' title='bbox 947 3061 1003 3100; x_wconf 77' lang='lat' dir='ltr'><strong>rios</strong></span> <span class='ocrx_word' id='word_1_233' title='bbox 1024 3033 1257 3104; x_wconf 84' lang='lat' dir='ltr'><strong>reclamaverit,</strong></span> 
     </span>
     <span class='ocr_line' id='line_1_33' title="bbox 161 3118 1257 3204; baseline -0.01 -20"><span class='ocrx_word' id='word_1_234' title='bbox 161 3122 241 3184; x_wconf 83' lang='lat' dir='ltr'><strong>sciat</strong></span> <span class='ocrx_word' id='word_1_235' title='bbox 258 3120 335 3201; x_wconf 86' lang='lat' dir='ltr'><strong>quia</strong></span> <span class='ocrx_word' id='word_1_236' title='bbox 350 3118 435 3180; x_wconf 83' lang='lat' dir='ltr'><strong>sient</strong></span> <span class='ocrx_word' id='word_1_237' title='bbox 447 3123 529 3182; x_wconf 86' lang='lat' dir='ltr'><strong>ratio</strong></span> <span class='ocrx_word' id='word_1_238' title='bbox 553 3131 585 3184; x_wconf 84' lang='lat' dir='ltr'><strong>et</strong></span> <span class='ocrx_word' id='word_1_239' title='bbox 601 3122 654 3184; x_wconf 83' lang='lat' dir='ltr'><strong>lex</strong></span> <span class='ocrx_word' id='word_1_240' title='bbox 671 3131 765 3204; x_wconf 86' lang='lat' dir='ltr'><strong>atque</strong></span> <span class='ocrx_word' id='word_1_241' title='bbox 785 3120 905 3182; x_wconf 86' lang='lat' dir='ltr'><strong>iustitia</strong></span> <span class='ocrx_word' id='word_1_242' title='bbox 928 3131 985 3198; x_wconf 87' lang='lat' dir='ltr'><strong>est,</strong></span> <span class='ocrx_word' id='word_1_243' title='bbox 1009 3121 1070 3181; x_wconf 89' lang='lat' dir='ltr'><strong>hoc</strong></span> <span class='ocrx_word' id='word_1_244' title='bbox 1094 3118 1257 3182; x_wconf 80' lang='lat' dir='ltr'><strong>errrendare</strong></span> 
     </span>
     <span class='ocr_line' id='line_1_34' title="bbox 161 3202 1201 3264; baseline -0.005 0"><span class='ocrx_word' id='word_1_245' title='bbox 161 3202 328 3264; x_wconf 79' lang='lat' dir='ltr'><strong>faciemus.</strong></span> <span class='ocrx_word' id='word_1_246' title='bbox 1199 3219 1201 3222; x_wconf 84' lang='lat'>·</span> 
     </span>
    </p>

    <p class='ocr_par' dir='ltr' id='par_1_14' title="bbox 162 3279 1259 4190">
     <span class='ocr_line' id='line_1_35' title="bbox 252 3279 1259 3366; baseline -0.01 -20"><span class='ocrx_word' id='word_1_247' title='bbox 252 3284 311 3350; x_wconf 90' lang='lat' dir='ltr'><strong>lll.</strong></span> <span class='ocrx_word' id='word_1_248' title='bbox 353 3283 396 3345; x_wconf 90' lang='lat' dir='ltr'><strong>Et</strong></span> <span class='ocrx_word' id='word_1_249' title='bbox 407 3285 554 3346; x_wconf 85' lang='lat' dir='ltr'><strong>volumus</strong></span> <span class='ocrx_word' id='word_1_250' title='bbox 573 3295 667 3366; x_wconf 83' lang='lat' dir='ltr'><strong>atque</strong></span> <span class='ocrx_word' id='word_1_251' title='bbox 691 3285 838 3346; x_wconf 85' lang='lat' dir='ltr'><strong>iubemus</strong></span> <span class='ocrx_word' id='word_1_252' title='bbox 862 3294 897 3344; x_wconf 89' lang='lat' dir='ltr'><strong>ut</strong></span> <span class='ocrx_word' id='word_1_253' title='bbox 916 3284 1068 3366; x_wconf 87' lang='lat' dir='ltr'><strong>Episcopi</strong></span> <span class='ocrx_word' id='word_1_254' title='bbox 1089 3292 1184 3364; x_wconf 88' lang='lat' dir='ltr'><strong>atque</strong></span> <span class='ocrx_word' id='word_1_255' title='bbox 1200 3279 1259 3340; x_wconf 79' lang='lat' dir='ltr'><strong>At-</strong></span> 
     </span>
     <span class='ocr_line' id='line_1_36' title="bbox 162 3365 1259 3444; baseline -0.009 -16"><span class='ocrx_word' id='word_1_256' title='bbox 162 3365 273 3438; x_wconf 86' lang='lat' dir='ltr'><strong>bates‚</strong></span> <span class='ocrx_word' id='word_1_257' title='bbox 295 3367 456 3444; x_wconf 88' lang='lat' dir='ltr'><strong>Comites,</strong></span> <span class='ocrx_word' id='word_1_258' title='bbox 481 3390 517 3428; x_wconf 87' lang='lat' dir='ltr'><strong>ac</strong></span> <span class='ocrx_word' id='word_1_259' title='bbox 538 3368 617 3427; x_wconf 87' lang='lat' dir='ltr'><strong>vassi</strong></span> <span class='ocrx_word' id='word_1_260' title='bbox 640 3367 759 3444; x_wconf 89' lang='lat' dir='ltr'><strong>nostri,</strong></span> <span class='ocrx_word' id='word_1_261' title='bbox 782 3367 934 3430; x_wconf 89' lang='lat' dir='ltr'><strong>concordi</strong></span> <span class='ocrx_word' id='word_1_262' title='bbox 960 3366 1135 3427; x_wconf 89' lang='lat' dir='ltr'><strong>dilectione</strong></span> <span class='ocrx_word' id='word_1_263' title='bbox 1158 3373 1192 3424; x_wconf 85' lang='lat' dir='ltr'><strong>et</strong></span> <span class='ocrx_word' id='word_1_264' title='bbox 1209 3383 1259 3420; x_wconf 91' lang='lat' dir='ltr'><strong>un·</strong></span> 
     </span>
     <span class='ocr_line' id='line_1_37' title="bbox 165 3449 1258 3512; baseline -0.009 0"><span class='ocrx_word' id='word_1_265' title='bbox 165 3449 263 3512; x_wconf 87' lang='lat' dir='ltr'><strong>animi</strong></span> <span class='ocrx_word' id='word_1_266' title='bbox 289 3449 455 3510; x_wconf 89' lang='lat' dir='ltr'><strong>voluntate</strong></span> <span class='ocrx_word' id='word_1_267' title='bbox 473 3450 512 3510; x_wconf 89' lang='lat' dir='ltr'><strong>ad</strong></span> <span class='ocrx_word' id='word_1_268' title='bbox 528 3451 590 3509; x_wconf 91' lang='lat' dir='ltr'><strong>Dei</strong></span> <span class='ocrx_word' id='word_1_269' title='bbox 610 3461 642 3512; x_wconf 92' lang='lat' dir='ltr'><strong>et</strong></span> <span class='ocrx_word' id='word_1_270' title='bbox 660 3459 787 3511; x_wconf 90' lang='lat' dir='ltr'><strong>sanctae</strong></span> <span class='ocrx_word' id='word_1_271' title='bbox 813 3449 977 3510; x_wconf 87' lang='lat' dir='ltr'><strong>Ecclesiae</strong></span> <span class='ocrx_word' id='word_1_272' title='bbox 1003 3471 1038 3510; x_wconf 90' lang='lat' dir='ltr'><strong>ac</strong></span> <span class='ocrx_word' id='word_1_273' title='bbox 1068 3458 1210 3508; x_wconf 87' lang='lat' dir='ltr'><strong>nostrum</strong></span> <span class='ocrx_word' id='word_1_274' title='bbox 1231 3453 1258 3502; x_wconf 89' lang='lat' dir='ltr'><strong>et</strong></span> 
     </span>
     <span class='ocr_line' id='line_1_38' title="bbox 164 3529 1258 3614; baseline -0.013 -20"><span class='ocrx_word' id='word_1_275' title='bbox 164 3533 257 3614; x_wconf 81' lang='lat' dir='ltr'><strong>regni</strong></span> <span class='ocrx_word' id='word_1_276' title='bbox 280 3530 379 3592; x_wconf 87' lang='lat' dir='ltr'><strong>nostri</strong></span> <span class='ocrx_word' id='word_1_277' title='bbox 407 3529 563 3592; x_wconf 85' lang='lat' dir='ltr'><strong>honorem</strong></span> <span class='ocrx_word' id='word_1_278' title='bbox 580 3543 613 3594; x_wconf 90' lang='lat' dir='ltr'><strong>et</strong></span> <span class='ocrx_word' id='word_1_279' title='bbox 632 3541 767 3602; x_wconf 85' lang='lat' dir='ltr'><strong>statum,</strong></span> <span class='ocrx_word' id='word_1_280' title='bbox 788 3541 884 3612; x_wconf 87' lang='lat' dir='ltr'><strong>atque</strong></span> <span class='ocrx_word' id='word_1_281' title='bbox 904 3552 1106 3591; x_wconf 88' lang='lat' dir='ltr'><strong>communem</strong></span> <span class='ocrx_word' id='word_1_282' title='bbox 1132 3538 1258 3588; x_wconf 86' lang='lat' dir='ltr'><strong>nostram</strong></span> 
     </span>
     <span class='ocr_line' id='line_1_39' title="bbox 165 3612 1258 3695; baseline -0.015 -15"><span class='ocrx_word' id='word_1_283' title='bbox 165 3613 397 3688; x_wconf 80' lang='lat' dir='ltr'><strong>salvationem,</strong></span> <span class='ocrx_word' id='word_1_284' title='bbox 421 3613 587 3675; x_wconf 88' lang='lat' dir='ltr'><strong>decertare</strong></span> <span class='ocrx_word' id='word_1_285' title='bbox 606 3623 782 3695; x_wconf 89' lang='lat' dir='ltr'><strong>procurent</strong></span> <span class='ocrx_word' id='word_1_286' title='bbox 800 3623 835 3673; x_wconf 90' lang='lat' dir='ltr'><strong>ut</strong></span> <span class='ocrx_word' id='word_1_287' title='bbox 847 3635 908 3695; x_wconf 88' lang='lat' dir='ltr'><strong>pax</strong></span> <span class='ocrx_word' id='word_1_288' title='bbox 927 3623 959 3673; x_wconf 93' lang='lat' dir='ltr'><strong>et</strong></span> <span class='ocrx_word' id='word_1_289' title='bbox 983 3612 1121 3686; x_wconf 84' lang='lat' dir='ltr'><strong>iustitia,</strong></span> <span class='ocrx_word' id='word_1_290' title='bbox 1143 3621 1174 3672; x_wconf 87' lang='lat' dir='ltr'><strong>et</strong></span> <span class='ocrx_word' id='word_1_291' title='bbox 1192 3627 1258 3670; x_wconf 90' lang='lat' dir='ltr'><strong>vera</strong></span> 
     </span>
     <span class='ocr_line' id='line_1_40' title="bbox 166 3695 1256 3774; baseline -0.008 -15"><span class='ocrx_word' id='word_1_292' title='bbox 166 3720 240 3759; x_wconf 90' lang='lat' dir='ltr'><strong>cum</strong></span> <span class='ocrx_word' id='word_1_293' title='bbox 262 3696 324 3756; x_wconf 88' lang='lat' dir='ltr'><strong>Dei</strong></span> <span class='ocrx_word' id='word_1_294' title='bbox 347 3695 513 3756; x_wconf 81' lang='lat' dir='ltr'><strong>voluntate</strong></span> <span class='ocrx_word' id='word_1_295' title='bbox 532 3697 725 3774; x_wconf 86' lang='lat' dir='ltr'><strong>concordia,</strong></span> <span class='ocrx_word' id='word_1_296' title='bbox 748 3697 836 3756; x_wconf 89' lang='lat' dir='ltr'><strong>inter</strong></span> <span class='ocrx_word' id='word_1_297' title='bbox 851 3717 909 3756; x_wconf 89' lang='lat' dir='ltr'><strong>nos</strong></span> <span class='ocrx_word' id='word_1_298' title='bbox 924 3715 1035 3755; x_wconf 88' lang='lat' dir='ltr'><strong>omnes</strong></span> <span class='ocrx_word' id='word_1_299' title='bbox 1050 3703 1083 3754; x_wconf 92' lang='lat' dir='ltr'><strong>et</strong></span> <span class='ocrx_word' id='word_1_300' title='bbox 1107 3695 1140 3752; x_wconf 89' lang='lat' dir='ltr'><strong>in</strong></span> <span class='ocrx_word' id='word_1_301' title='bbox 1165 3710 1256 3770; x_wconf 78' lang='lat' dir='ltr'><strong>regno</strong></span> 
     </span>
     <span class='ocr_line' id='line_1_41' title="bbox 168 3771 1258 3859; baseline -0.011 -19"><span class='ocrx_word' id='word_1_302' title='bbox 168 3789 277 3840; x_wconf 88' lang='lat' dir='ltr'><strong>nostro</strong></span> <span class='ocrx_word' id='word_1_303' title='bbox 297 3787 442 3854; x_wconf 87' lang='lat' dir='ltr'><strong>maneat,</strong></span> <span class='ocrx_word' id='word_1_304' title='bbox 466 3787 499 3838; x_wconf 88' lang='lat' dir='ltr'><strong>et</strong></span> <span class='ocrx_word' id='word_1_305' title='bbox 517 3800 627 3840; x_wconf 89' lang='lat' dir='ltr'><strong>omncs</strong></span> <span class='ocrx_word' id='word_1_306' title='bbox 645 3779 688 3839; x_wconf 87' lang='lat' dir='ltr'><strong>ita</strong></span> <span class='ocrx_word' id='word_1_307' title='bbox 705 3779 770 3839; x_wconf 90' lang='lat' dir='ltr'><strong>sint</strong></span> <span class='ocrx_word' id='word_1_308' title='bbox 789 3797 915 3859; x_wconf 89' lang='lat' dir='ltr'><strong>semper</strong></span> <span class='ocrx_word' id='word_1_309' title='bbox 931 3776 1052 3856; x_wconf 88' lang='lat' dir='ltr'><strong>parati,</strong></span> <span class='ocrx_word' id='word_1_310' title='bbox 1075 3785 1111 3834; x_wconf 86' lang='lat' dir='ltr'><strong>ut</strong></span> <span class='ocrx_word' id='word_1_311' title='bbox 1131 3773 1155 3834; x_wconf 89' lang='lat' dir='ltr'><strong>si</strong></span> <span class='ocrx_word' id='word_1_312' title='bbox 1177 3771 1258 3832; x_wconf 87' lang='lat' dir='ltr'><strong>nobis</strong></span> 
     </span>
     <span class='ocr_line' id='line_1_42' title="bbox 169 3857 1258 3940; baseline -0.014 -16"><span class='ocrx_word' id='word_1_313' title='bbox 169 3860 339 3924; x_wconf 88' lang='lat' dir='ltr'><strong>necessitas</strong></span> <span class='ocrx_word' id='word_1_314' title='bbox 359 3861 520 3936; x_wconf 74' lang='lat' dir='ltr'><strong>everterit,</strong></span> <span class='ocrx_word' id='word_1_315' title='bbox 543 3861 583 3920; x_wconf 93' lang='lat' dir='ltr'><strong>ad</strong></span> <span class='ocrx_word' id='word_1_316' title='bbox 605 3862 825 3923; x_wconf 85' lang='lat' dir='ltr'><strong>defensionem</strong></span> <span class='ocrx_word' id='word_1_317' title='bbox 851 3859 971 3940; x_wconf 87' lang='lat' dir='ltr'><strong>patriae</strong></span> <span class='ocrx_word' id='word_1_318' title='bbox 995 3867 1104 3918; x_wconf 87' lang='lat' dir='ltr'><strong>contra</strong></span> <span class='ocrx_word' id='word_1_319' title='bbox 1127 3857 1258 3937; x_wconf 79' lang='lat' dir='ltr'><strong>Paganas</strong></span> 
     </span>
     <span class='ocr_line' id='line_1_43' title="bbox 170 3935 1258 4016; baseline -0.01 -11"><span class='ocrx_word' id='word_1_320' title='bbox 170 3954 225 4006; x_wconf 86' lang='lat' dir='ltr'><strong>aut</strong></span> <span class='ocrx_word' id='word_1_321' title='bbox 243 3952 354 4007; x_wconf 91' lang='lat' dir='ltr'><strong>eontra</strong></span> <span class='ocrx_word' id='word_1_322' title='bbox 370 3943 449 4003; x_wconf 86' lang='lat' dir='ltr'><strong>alios</strong></span> <span class='ocrx_word' id='word_1_323' title='bbox 469 3942 529 4002; x_wconf 90' lang='lat' dir='ltr'><strong>Dei</strong></span> <span class='ocrx_word' id='word_1_324' title='bbox 556 3955 588 4003; x_wconf 89' lang='lat' dir='ltr'><strong>at</strong></span> <span class='ocrx_word' id='word_1_325' title='bbox 616 3953 739 4004; x_wconf 89' lang='lat' dir='ltr'><strong>nostros</strong></span> <span class='ocrx_word' id='word_1_326' title='bbox 769 3941 933 4016; x_wconf 88' lang='lat' dir='ltr'><strong>inimicos,</strong></span> <span class='ocrx_word' id='word_1_327' title='bbox 963 3939 1048 4006; x_wconf 83' lang='lat' dir='ltr'><strong>sicut</strong></span> <span class='ocrx_word' id='word_1_328' title='bbox 1072 3935 1258 4014; x_wconf 82' lang='lat' dir='ltr'><strong>consuetudo</strong></span> 
     </span>
     <span class='ocr_line' id='line_1_44' title="bbox 170 4019 1259 4106; baseline -0.009 -19"><span class='ocrx_word' id='word_1_329' title='bbox 170 4028 233 4088; x_wconf 86' lang='lat' dir='ltr'><strong>fuit</strong></span> <span class='ocrx_word' id='word_1_330' title='bbox 250 4037 391 4106; x_wconf 89' lang='lat' dir='ltr'><strong>tempore</strong></span> <span class='ocrx_word' id='word_1_331' title='bbox 411 4036 646 4085; x_wconf 86' lang='lat' dir='ltr'><strong>antecessorum</strong></span> <span class='ocrx_word' id='word_1_332' title='bbox 672 4036 870 4100; x_wconf 87' lang='lat' dir='ltr'><strong>nostrorum,</strong></span> <span class='ocrx_word' id='word_1_333' title='bbox 891 4023 1010 4105; x_wconf 90' lang='lat' dir='ltr'><strong>absque</strong></span> <span class='ocrx_word' id='word_1_334' title='bbox 1040 4043 1143 4100; x_wconf 86' lang='lat' dir='ltr'><strong>mora,</strong></span> <span class='ocrx_word' id='word_1_335' title='bbox 1165 4019 1259 4082; x_wconf 85' lang='lat' dir='ltr'><strong>statim</strong></span> 
     </span>
     <span class='ocr_line' id='line_1_45' title="bbox 171 4107 891 4190; baseline -0.01 -19"><span class='ocrx_word' id='word_1_336' title='bbox 171 4121 207 4171; x_wconf 91' lang='lat' dir='ltr'><strong>ut</strong></span> <span class='ocrx_word' id='word_1_337' title='bbox 227 4109 272 4170; x_wconf 87' lang='lat' dir='ltr'><strong>eis</strong></span> <span class='ocrx_word' id='word_1_338' title='bbox 289 4108 470 4168; x_wconf 89' lang='lat' dir='ltr'><strong>nuntiatum</strong></span> <span class='ocrx_word' id='word_1_339' title='bbox 487 4109 601 4185; x_wconf 83' lang='lat' dir='ltr'><strong>fuerit,</strong></span> <span class='ocrx_word' id='word_1_340' title='bbox 626 4107 746 4190; x_wconf 89' lang='lat' dir='ltr'><strong>possint</strong></span> <span class='ocrx_word' id='word_1_341' title='bbox 771 4108 891 4172; x_wconf 80' lang='lat' dir='ltr'><strong>venire,</strong></span> 
     </span>
    </p>
   </div>
   <div class='ocr_carea' id='block_1_13' title="bbox 203 4308 1007 4382">
    <p class='ocr_par' dir='ltr' id='par_1_15' title="bbox 203 4308 1007 4382">
     <span class='ocr_line' id='line_1_46' title="bbox 203 4308 1007 4382; baseline -0.005 -20"><span class='ocrx_word' id='word_1_342' title='bbox 203 4309 313 4379; x_wconf 77' lang='lat' dir='ltr'><strong>1⁸)an</strong></span> <span class='ocrx_word' id='word_1_343' title='bbox 333 4318 413 4380; x_wconf 75' lang='lat' dir='ltr'><strong>capat</strong></span> <span class='ocrx_word' id='word_1_344' title='bbox 432 4309 459 4361; x_wconf 91' lang='lat' dir='ltr'><strong>in</strong></span> <span class='ocrx_word' id='word_1_345' title='bbox 481 4324 534 4382; x_wconf 68' lang='lat' dir='ltr'><strong>uno</strong></span> <span class='ocrx_word' id='word_1_346' title='bbox 554 4317 658 4361; x_wconf 83' lang='lat' dir='ltr'><strong>tantum</strong></span> <span class='ocrx_word' id='word_1_347' title='bbox 680 4308 779 4362; x_wconf 83' lang='lat' dir='ltr'><strong>Codice</strong></span> <span class='ocrx_word' id='word_1_348' title='bbox 798 4308 937 4359; x_wconf 76' lang='lat' dir='ltr'><strong>inventam</strong></span> <span class='ocrx_word' id='word_1_349' title='bbox 957 4314 1007 4366; x_wconf 82' lang='lat' dir='ltr'><strong>est.</strong></span> 
     </span>
    </p>
   </div>
   <div class='ocr_carea' id='block_1_14' title="bbox 0 0 1345 4986">
    <p class='ocr_par' dir='ltr' id='par_1_16' title="bbox 0 0 1345 4986">
     <span class='ocr_line' id='line_1_47' title="bbox 0 0 1345 4986; baseline 0 0"><span class='ocrx_word' id='word_1_350' title='bbox 0 0 1345 4986; x_wconf 95' lang='lat' dir='ltr'><strong> </strong></span> 
     </span>
    </p>
   </div>
  </div>
 </body>
</html>
