2786 4980
281 355 413 424 ncne.
521 356 883 418 meuuraarcoeou
967 355 1049 424 aaa
1195 337 1241 410 ts

133 507 251 552 mercata
273 507 303 551 et
320 497 423 568 placita
442 516 456 550 a
476 495 644 562 comitibus,
664 499 736 551 sient
754 517 833 570 saepe
853 497 1022 550 admonitum
1041 497 1112 558 suit,
1132 497 1180 550 illo
1199 496 1245 552 tile

129 567 344 639 prohibeantur.
379 569 451 621 trid,
470 587 494 623 c.
514 587 539 636 7.
717 617 722 624 .

128 690 133 697 ,
199 639 243 691 De
262 655 333 710 pace
350 655 414 690 vero
431 639 459 690 in
479 638 620 691 exercitali
653 639 751 693 itinere
776 638 907 692 servanda
935 657 1022 710 usque
1050 636 1085 690 ad
1108 637 1244 692 nrarclrarn

127 709 183 763 laec
201 710 333 765 omnibus
351 719 448 761 notum
462 707 519 760 lieri
536 710 677 772 volumus,
699 709 774 781 quod
793 710 953 782 quicunque
985 718 1126 762 auctorem
1152 708 1245 770 alatrini

126 779 179 832 eibi
198 780 350 850 praeterito
368 795 439 830 auno
456 779 535 830 inlati
553 779 712 832 nominatim
731 781 890 847 cognoscit,
918 790 950 832 nt
974 779 1105 832 iustitiam
1133 778 1168 834 dc
1196 779 1245 832 itto

126 861 246 922 quaerat
266 858 295 902 et
313 850 430 919 accipiat
476 847 546 904 thid.
567 867 590 903 c.
621 847 662 905 rit.

181 922 325 990 Deinceps
343 929 435 972 tamen
453 919 578 972 omnibus
595 918 760 973 denuntiare
778 919 904 970 volumus
923 929 954 973 ut
972 919 1163 991 rrrrusquirque
1182 936 1245 985 cog-

126 1001 229 1044 noscat
245 1006 341 1042 omnes
359 989 409 1060 qui
427 990 456 1040 in
473 1007 523 1041 suo
541 990 673 1060 obsequio
696 990 725 1040 in
753 989 804 1042 tali
831 989 928 1041 itincre
956 999 1094 1062 pergunt,
1119 991 1175 1044 sire
1201 991 1244 1043 sui

130 1062 208 1126 aiut,
228 1063 283 1114 siva
301 1059 403 1124 alieni3
427 1068 458 1111 ut
476 1059 524 1112 ille
543 1061 578 1114 de
597 1075 691 1112 cerum
710 1061 788 1112 iactis
814 1059 946 1111 rationem
973 1079 1001 1113 se
1028 1062 1095 1112 sciat
1120 1061 1244 1112 redditu·

133 1148 215 1192 rem,
236 1139 267 1183 ιιι
282 1129 416 1200 quicquid
434 1129 462 1180 in
480 1147 547 1200 pace
565 1130 695 1182 violanda
710 1130 896 1200 deliquerint,
924 1130 957 1182 ml
976 1132 1060 1202 ipsius
1078 1131 1179 1183 debeat
1197 1151 1244 1203 pe-

131 1201 257 1254 -rieutun
275 1200 420 1270 pertinere.
456 1201 496 1251 Ea
512 1199 618 1254 scilicet
636 1201 814 1261 conditione,
841 1208 873 1252 ut
890 1201 964 1269 pacis
989 1201 1103 1254 violator
1129 1202 1244 1272 primunr

135 1271 216 1326 irrata
233 1271 357 1324 iocinoris
376 1267 556 1340 qualitatem,
576 1271 632 1323 sive
652 1285 741 1322 coram
760 1269 839 1322 nobis
856 1269 912 1322 sive
931 1289 1020 1324 coram
1039 1273 1121 1323 blisso
1140 1281 1241 1332 uestro,

136 1341 230 1408 dignm
245 1357 346 1411 poenas
363 1341 516 1411 persolvat,
541 1351 571 1394 et
595 1341 693 1394 Senior
720 1340 769 1411 qui
794 1357 887 1394 secum
914 1342 999 1393 talem
1027 1341 1139 1394 eluxerit
1160 1359 1244 1411 quem

134 1421 183 1463 aut
202 1411 384 1478 constringere
401 1411 492 1464 uoluit
510 1420 558 1464 aut
576 1428 631 1464 non
647 1411 739 1482 potuit
759 1420 790 1465 ut
808 1423 927 1464 nostram
946 1412 1092 1464 iussionem
1110 1423 1242 1472 servaret,

127 1493 157 1532 er
174 1481 287 1550 insuper
302 1480 332 1532 in
349 1497 433 1546 regno
451 1491 541 1533 nostro
578 1481 673 1535 raedas
691 1481 780 1534 facere
799 1499 854 1533 uon
873 1483 1005 1546 timuerit,
1037 1501 1084 1552 pro
1102 1482 1177 1534 illius
1195 1501 1244 1534 ne·

125 1551 280 1618 glegeutia,
299 1551 321 1601 si
340 1560 404 1603 ante
423 1568 484 1604 eum
503 1551 538 1604 de
556 1500 597 1603 bis
615 1569 672 1604 non
689 1552 870 1614 admonuerit,
888 1562 916 1606 et
933 1564 1078 1623 postquam
1096 1551 1243 1618 neglegen-

126 1621 166 1674 tia
185 1621 381 1690 contemptoris
399 1621 433 1673 ad
452 1622 510 1673 eius
527 1621 652 1674 notitiam
671 1624 834 1692 pervenerit,
855 1641 917 1674 eum
937 1624 1085 1689 corrigere,
1104 1625 1176 1675 sient
1194 1624 1244 1676 de·

127 1702 195 1756 cet,
217 1692 390 1757 neglexerit,
410 1693 512 1744 honore
530 1709 580 1744 suo
617 1692 738 1758 rivetus,
758 1703 791 1747 ut
807 1692 916 1748 scilicet
933 1704 1032 1747 ucutcr
1049 1693 1158 1747 illorum
1184 1696 1243 1749 sine

127 1762 201 1816 insta
219 1761 342 1814 vindicta
359 1771 504 1815 remaneat.
541 1711 615 1814 laid
630 1780 654 1814 c.
677 1763 717 1816 15.

202 1831 322 1885 Comites
339 1848 403 1884 vero
430 1831 557 1885 ministris
582 1833 720 1886 Ecclesiae
751 1833 780 1886 in
812 1849 907 1888 eorum
934 1835 1107 1900 ministeriis,
1133 1845 1165 1888 ut
1190 1833 1243 1887 boc

133 1901 241 1973 plenius
256 1912 284 1956 et
301 1903 337 1955 de
355 1902 454 1955 nostris
472 1911 500 1954 et
518 1901 553 1956 de
571 1920 600 1954 se
618 1913 646 1956 et
665 1903 700 1954 de
718 1903 773 1955 suis
791 1903 947 1959 hominibus
966 1906 1089 1958 obtinere
1115 1906 1240 1977 possint,

136 1972 269 2025 adiutores
283 1972 314 2024 in
333 1971 457 2024 omnibus
475 1973 549 2024 liant
585 1973 621 2025 Et
638 1974 800 2045 quicunque
817 1976 903 2047 prima
921 1985 953 2038 ct¹
972 1976 1094 2031 secunda
1118 1978 1178 2030 vice
1205 1976 1242 2030 de

134 2040 177 2094 his
195 2059 210 2092 a
228 2043 331 2103 Comite
350 2042 504 2094 admonitus
522 2059 579 2094 non
597 2059 626 2096 se
644 2045 966 2108 correxerit,.volumus
992 2054 1024 2098 ut
1047 2064 1098 2117 per
1122 2046 1242 2100 eundern

135 2112 269 2168 Comitem
289 2113 348 2166 eius
366 2111 536 2180 neglegentia
556 2113 590 2164 ad
607 2123 726 2165 nostram
744 2115 870 2168 notitiam
897 2118 1064 2188 perferatur,
1095 2127 1126 2171 ut
1152 2127 1244 2168 nostra

128 2183 294 2305 sucdtmitate
320 2183 397 2255 quod
420 2182 450 2238 ia
476 2192 568 2237 nostre
597 2184 747 2256 Capitulari
793 2188 969 2250 continetur,
1004 2186 1095 2240 subire
1122 2197 1243 2255 cogatur.

125 2254 172 2305 Ibi
220 2270 244 2307 c.
264 2256 307 2308 23.

138 2347 141 2352 Α
202 2315 246 2374 De
265 2339 333 2394 pace
351 2321 528 2374 admonemus
546 2329 578 2375 ut
605 2341 697 2379 omnes
724 2323 774 2398 qui
796 2342 846 2397 per
870 2325 965 2400 aliqua
991 2328 1095 2383 scelera
1123 2327 1243 2382 rebelles

131 2401 215 2454 runt,
236 2393 467 2458 constringantur.
503 2392 556 2446 III.
579 2410 601 2448 ι.

199 2462 241 2515 De
260 2479 327 2534 pace
344 2472 374 2516 et
391 2461 496 2516 iustitia
513 2462 582 2514 inira
626 2467 740 2528 atriaur,
768 2465 840 2520 sicut
866 2485 947 2538 saepe
980 2485 1029 2540 per
1046 2468 1100 2522 alia
1119 2470 1242 2540 capitula

129 2529 279 2596 iussimus,
299 2533 476 2604 adimpletum
496 2532 552 2585 fiat.
589 2483 658 2589 rita,
679 2555 704 2592 c.
723 2540 766 2590 62.

199 2602 228 2653 st
246 2604 308 2672 quia
323 2603 434 2657 domum
451 2602 567 2654 alienam
584 2605 732 2658 cuiuslibet
749 2606 900 2673 infregerit,
921 2607 1056 2679 quicquid
1075 2609 1177 2662 exinde
1197 2628 1243 2680 por

128 2668 184 2721 vim
201 2671 346 2726 abstulerit
360 2683 408 2726 aut
421 2673 539 2741 rapuerit
558 2673 601 2726 vel
615 2675 759 2738 furaverit,
779 2677 931 2729 secundnm
946 2678 1034 2743 legem
1058 2697 1117 2732 eam
1135 2681 1178 2730 illi
1193 2697 1242 2731 cu-

130 2737 174 2791 iue
192 2740 288 2794 domus
309 2743 391 2796 fuerit
408 2743 524 2795 intractu
538 2751 567 2796 et
590 2747 706 2813 spoliata
723 2747 752 2798 in
771 2748 883 2815 triplum
903 2759 1068 2817 componat,
1089 2760 1117 2802 et
1131 2751 1242 2818 insuper

129 2807 254 2862 bannum
267 2812 437 2866 ‘dominicum
455 2812 551 2866 solvat.
588 2815 619 2868 Si
636 2833 727 2868 servus
739 2815 792 2870 hoc
807 2818 920 2881 lecerit,
940 2820 1104 2872 sententiam
1119 2821 1242 2889 superio-

127 2897 186 2932 rem
210 2882 346 2952 accipiat,
366 2892 395 2936 et
409 2885 519 2953 insuper
537 2886 690 2938 secundum
705 2905 780 2940 sunm
798 2889 885 2954 legem
903 2891 1125 2958 compositionem
1146 2891 1238 2944 l'aciut.

129 2949 160 3002 Si
175 2951 310 3020 quislibet
327 2952 408 3006 homo
423 2952 536 3023 aliquod
554 2955 611 3006 tale
632 2955 761 3008 damnum
778 2958 861 3010 alieni
879 2959 977 3012 fecerit
992 2979 1039 3030 pro
1059 2979 1115 3032 quo
1132 2962 1241 3031 plenam

127 3021 354 3091 compositionem
372 3024 462 3076 iacere
480 3041 535 3074 non
549 3025 648 3086 valeat,
665 3028 838 3096 semetipsum
857 3029 884 3079 in
900 3031 1000 3082 vuadio
1017 3050 1064 3100 pro
1081 3051 1157 3084 servo
1174 3031 1238 3084 dare

126 3091 240 3144 studeat
260 3109 345 3164 usque
363 3093 428 3144 dnm
446 3092 554 3163 plenam
569 3098 794 3166 compositionem
811 3100 967 3170 adimpleat.
994 3101 1064 3155 lbr'd.
1080 3122 1103 3155 e.
1122 3107 1166 3157 65.

198 3162 227 3212 Si
246 3162 306 3233 quis
324 3181 424 3215 ntesses
443 3173 489 3216 aut
507 3181 627 3216 annonas
653 3168 682 3218 in
709 3167 788 3220 hoste
812 3186 894 3240 super
919 3173 1039 3222 bannum
1069 3173 1238 3226 dominicum

125 3232 265 3300 rapuerit,
285 3233 330 3284 vel
348 3234 466 3304 paverit,
486 3243 535 3286 aut
553 3235 696 3296 furaverit,
716 3247 765 3290 aut
782 3255 845 3291 cum
865 3240 977 3294 caballis
997 3246 1156 3306 vastaverit,
1179 3265 1236 3296 nes·

88 3361 91 3368 ι
127 3303 229 3356 timeto
247 3303 348 3353 clarano
364 3304 516 3356 seeundum
535 3304 621 3367 legem
640 3307 669 3358 in
687 3309 798 3378 triplum
817 3322 969 3378 componat.
1007 3315 1041 3365 ti
1057 3316 1078 3366 si
1097 3316 1172 3366 liber
1189 3316 1238 3366 lro-

127 3387 172 3424 mo
193 3370 246 3422 boc
265 3372 378 3438 lecerit,
398 3372 518 3424 bannum
537 3374 704 3428 dominicum
727 3397 774 3447 pro
799 3379 850 3430 hae
876 3397 904 3432 re
934 3397 1095 3452 componere
1118 3396 1237 3450 togatae

130 3441 233 3493 Servus
251 3443 484 3495 vero·secundum
502 3446 590 3509 legem
609 3447 689 3516 tripla
707 3450 901 3518 compositione
921 3450 1048 3503 damnum
1068 3456 1096 3506 in
1115 3455 1177 3506 loeo
1196 3475 1237 3508 re-

127 3514 242 3574 stituat,
263 3519 292 3563 et
309 3530 357 3583 pro
375 3513 472 3564 damno
492 3514 656 3584 disciplinae
673 3519 806 3589 corporali
824 3520 972 3572 subiaceat.
1009 3522 1080 3578 thid.
1099 3543 1120 3576 e.
1140 3529 1182 3577 tto.

198 3582 227 3633 Si
246 3582 308 3652 quis
327 3583 356 3633 in
376 3584 497 3636 exercitu
517 3584 587 3636 infra
605 3603 717 3653 regnum
735 3591 793 3640 sine
811 3590 929 3640 iussione
947 3591 1083 3644 dominica
1109 3613 1157 3662 per
1182 3595 1235 3646 virn
1291 3639 1299 3650 ,

126 3651 254 3703 hostilem
272 3651 378 3723 aliquid
396 3655 524 3723 praedare
543 3655 676 3720 voluerit,
699 3668 748 3710 ant
766 3659 876 3710 socnam
895 3661 1008 3724 tollere,
1035 3673 1083 3715 aut
1101 3681 1212 3726 uranum
1226 3673 1250 3723 ,⁸

124 3721 181 3772 sive
199 3737 299 3790 pecora
315 3723 415 3774 maiora
432 3724 475 3774 vel
494 3725 615 3790 minora,
642 3728 792 3798 domosque
820 3729 972 3793 infrangere
996 3733 1039 3784 vel
1066 3734 1232 3792 incendere,

125 3791 194 3844 ltuec
213 3809 248 3844 ne
267 3793 348 3852 liant,
369 3795 477 3846 orrrnino
496 3796 678 3862 prohibemus.
715 3798 798 3868 Quod
816 3801 837 3851 si
855 3799 889 3850 alr
908 3801 1001 3870 aliquo
1020 3805 1233 3872 praesumptioso

124 3861 229 3913 facturn
249 3861 348 3924 suerit,
368 3865 508 3929 sexaginta
525 3866 635 3927 solidis,
654 3868 676 3918 si
693 3868 766 3921 liber
786 3880 842 3932 est,
861 3870 896 3922 sit
914 3871 1073 3941 culpabilis,
1096 3883 1122 3924 et
1142 3876 1232 3925 omnia
1311 3917 1313 3922 ,

125 3931 223 3984 similia
242 3931 387 3995 restituat,
407 3943 536 3986 autenm
555 3935 699 3988 duedecim
719 3937 835 3991 testibus
855 3957 882 3992 se
901 3951 1006 4009 purget.
1045 3943 1072 3993 Si
1101 3962 1164 3995 vero
1183 3963 1239 3994 ser-

126 4017 173 4053 vus
194 4003 247 4054 lroc
267 4001 381 4066 fecerit,
401 4003 512 4072 capitali
532 4006 635 4058 crimini
654 4007 817 4070 subiaceat,
839 4020 867 4061 et
885 4011 1010 4062 (lominus
1030 4013 1119 4063 omnia
1138 4015 1236 4065 similia

124 4074 263 4130 restituat,
283 4073 349 4142 quia
367 4091 472 4125 servum
490 4093 570 4126 suum
588 4095 643 4127 non
662 4081 789 4140 correxit,
809 4097 860 4132 nec
879 4082 1012 4133 custodiv'
1046 4083 1160 4134 attalia
1182 4103 1238 4136 nen

124 4151 313 4211 perpetraret:
333 4145 462 4214 quoniam
481 4145 502 4196 si
519 4164 568 4198 nes
587 4147 660 4215 ipsos
680 4150 865 4213 comedimus,
887 4152 941 4203 cito
961 4089 1128 4204 destrues.
1148 4154 1238 4206 Unus-

123 4215 241 4284 quisque
260 4222 353 4268 tamen
372 4216 507 4267 custodiat
526 4219 678 4271 exercitum
695 4239 775 4272 sumn
815 4239 850 4274 ne
869 4221 962 4294 aliqua
988 4221 1165 4292 depraedatio
1193 4227 1235 4277 in·

125 4299 297 4350 saregnum
319 4285 373 4334 liat.
412 4285 524 4350 [341.-

196 4355 225 4412 si
247 4354 311 4430 quis
330 4354 401 4411 iul'ra
420 4371 533 4428 regnum
549 4358 670 4434 rapinam
688 4357 803 4427 feccrit,
823 4368 871 4414 aut
890 4360 1018 4434 cuiquam
1042 4372 1133 4420 nostro
1161 4364 1237 4421 lltlcli
