2712 4992
512 306 693 360 utacum
795 327 798 336 ·
1097 288 1170 361 359

47 464 108 506 neo
130 441 356 505 dismanuare
377 465 442 506 non
465 445 682 530 praesumatis,
705 465 766 505 nee
786 445 891 504 facere
913 442 1092 518 dimittatis;
1113 449 1172 512 sed

46 527 144 587 liceat
178 524 214 586 ei
241 547 326 586 cum
345 528 406 587 Dei
429 538 462 590 ct
489 538 596 590 nostra
621 527 719 610 gratia
748 525 858 607 quieto
887 526 1000 586 ordine
1026 527 1066 589 ad
1093 551 1170 615 pro·

44 609 115 689 pria
139 606 269 669 vivere
292 607 347 672 vel
367 609 488 676 sedere.
527 612 570 674 Et
597 621 633 670 ut
661 607 778 670 certius
801 606 951 682 credatis,
973 628 1072 669 manu
1095 632 1170 674 nos-

46 699 94 752 tra
113 688 240 752 subter
275 689 524 772 adfirmavimus,
548 701 581 754 et
599 693 697 754 anulo
717 700 825 752 nostro
851 688 1071 772 sigillavimus.

426 824 551 888 Notitio
583 822 624 885 de
656 819 816 886 colonitio.

128 936 287 1002 XXXII.
327 939 446 1002 Notitia
477 937 617 1022 qualiter
639 937 692 1001 vel
714 935 831 1019 quibus
862 935 1083 1016 praesentibus
1109 957 1168 1000 ve..

48 1021 140 1080 niens
174 1019 290 1083 homo
316 1022 432 1105 aliquis
454 1024 584 1084 nomine
607 1021 667 1082 illo
691 1019 724 1080 in
750 1040 830 1100 pago
850 1018 920 1096 illo,
942 1018 976 1078 in
997 1020 1095 1080 mallo
1112 1042 1170 1102 pu·

48 1100 154 1178 blico,
179 1113 266 1164 ante
297 1103 368 1165 viro
392 1105 450 1166 illo
473 1105 597 1167 Comite
622 1104 675 1165 vel
702 1100 837 1182 reliquis
856 1101 1053 1183 quampluris
1077 1101 1171 1165 bonis

49 1183 246 1246 hominibus
275 1187 336 1267 qui
362 1187 472 1250 subter
490 1187 719 1261 firmaverunt,
748 1181 878 1242 homine
904 1183 1014 1263 aliquo
1038 1183 1169 1244 nomine

52 1266 107 1327 illo
128 1265 267 1327 ibidem
284 1267 521 1351 interpellabat,
542 1267 707 1350 repetebat
725 1265 757 1327 ei
778 1285 816 1326 eo
837 1264 924 1346 quod
946 1264 1073 1346 genitor
1096 1287 1171 1326 suus

53 1358 103 1408 aut
117 1349 285 1430 genetrix
307 1372 363 1410 sua
380 1351 437 1411 illa
451 1350 560 1413 coloni
578 1349 789 1423 enituissent,
808 1355 839 1407 et
857 1347 925 1428 ipse
938 1348 995 1407 ille
1016 1369 1092 1409 suus
1113 1369 1170 1408 co-

52 1431 143 1491 lonus
167 1450 244 1491 esse
271 1431 421 1511 debebat,
440 1443 473 1494 et
484 1435 568 1494 malo
588 1431 701 1492 ordine
716 1429 756 1490 de
772 1429 839 1510 ipso
857 1427 1036 1490 colonatico
1064 1451 1097 1490 se
1119 1431 1171 1488 ab·

52 1511 216 1573 strahebat
241 1522 280 1573 et
294 1516 468 1598 neglegens
488 1524 563 1580 erat.
587 1509 839 1593 interrogatum
863 1511 926 1570 fuit
948 1511 986 1570 ab
1001 1510 1078 1594 ipsis
1094 1512 1171 1572 viris

53 1595 163 1676 ipsius,
187 1594 218 1654 si
242 1595 318 1677 ipse
336 1597 392 1658 ille
408 1598 541 1659 colonus
559 1595 658 1679 ipsius
675 1594 723 1662 lui
740 1614 808 1654 esse
834 1592 957 1669 debeat,
977 1613 1017 1653 an
1038 1614 1116 1672 non,
1135 1594 1168 1652 in

53 1685 226 1756 praesente
252 1677 289 1737 ei
305 1676 413 1740 dicere
428 1679 569 1740 deberet.
592 1673 636 1740 Et
649 1676 716 1758 ipse
730 1675 787 1737 ille
807 1674 992 1736 nullatenus
1005 1677 1111 1757 potuit
1127 1675 1173 1736 di-

54 1780 135 1836 cere,
152 1779 221 1818 nec
243 1758 423 1840 adponere,
434 1783 494 1822 uec
507 1761 628 1821 nullam
646 1756 769 1819 ratione
788 1758 912 1818 tradere
932 1777 991 1839 per
1007 1756 1085 1837 quid
1103 1759 1170 1839 ipse

58 1841 93 1900 de
107 1841 179 1922 ipso
196 1841 388 1904 colonatico
400 1866 433 1905 se
446 1843 627 1906 abstrahere
641 1839 812 1923 potuisset;
835 1848 868 1900 et
885 1838 918 1897 in
933 1847 1099 1920 praesente
1113 1860 1174 1920 pru

59 1922 173 1982 colono
198 1923 308 2004 ipsius
330 1927 385 1988 lue
405 1947 439 1986 se
460 1924 636 1987 recredidit
655 1922 707 1984 vel
725 1919 918 2002 recognovit.
960 1920 1014 1980 Sic
1037 1921 1075 1980 ah
1094 1921 1170 2002 ipsis
1261 1917 1266 1928 ’

58 2003 131 2065 viris
158 2005 228 2066 fuit
256 2005 454 2086 iudicatum,
485 2016 522 2066 ut
551 2007 619 2088 ipse
642 2005 700 2064 ille
730 2004 798 2085 ipso
824 2024 883 2084 pro
911 2003 1027 2062 colono
1051 2003 1169 2062 habere

61 2086 181 2180 debeat.
225 2088 275 2148 Et
295 2091 341 2152 sic
364 2092 426 2151 iam
449 2090 551 2150 dictus
573 2089 685 2149 Comes
707 2085 775 2170 ipso
795 2086 853 2144 illo
879 2105 938 2166 per
963 2105 1075 2150 manus
1101 2105 1170 2172 par-¹

61 2169 140 2230 tibus
163 2169 224 2232 lue
253 2169 341 2236 visus
365 2181 413 2236 est
432 2170 619 2236 reddidisse.
660 2168 717 2229 His
740 2166 969 2250 praesentibus.

422 2301 546 2364 Notitio
566 2295 811 2361 sacramentalis.

141 2417 317 2488 XXXIII.
358 2415 477 2478 Notitia
495 2412 633 2496 qualiter
661 2418 692 2470 et
723 2407 839 2490 quibus
864 2385 1085 2489 praiesentibns
1111 2429 1167 2470 ve·¹
1272 2412 1273 2418 ’

67 2503 154 2564 niens
166 2502 272 2563 homo
286 2498 402 2581 aliquis
413 2497 544 2557 nomine
559 2495 615 2554 ille
628 2494 661 2552 in
676 2513 755 2572 pago
770 2490 849 2565 illo,
866 2494 898 2549 in
913 2491 1042 2550 basilica
1059 2499 1171 2550 sancto

67 2586 131 2662 illo,
146 2585 203 2643 nbi
232 2582 374 2666 plurima
387 2587 582 2642 sacramenta
594 2593 781 2657 percurrere
799 2571 970 2648 videntur,
993 2581 1066 2632 ante
1096 2571 1166 2630 viro

68 2668 235 2747 magnifico
255 2665 313 2724 illo
329 2664 380 2724 vel
403 2661 538 2741 reliquis
560 2654 758 2740 quampluris
779 2653 874 2716 bonis
903 2653 1086 2712 hominibus
1110 2651 1167 2732 qui

68 2749 420 2822 subterfirmaverunt,
442 2743 544 2825 posita
564 2761 660 2799 rnauu
680 2758 734 2797 sua
754 2757 849 2816 super
862 2744 1061 2796 sacrosancto
1083 2735 1165 2793 alta-

69 2831 114 2890 rio
132 2839 248 2892 sancto
269 2829 348 2905 illo,
375 2827 420 2888 sic
445 2829 565 2885 iuratus
593 2821 689 2884 dixitt
711 2818 770 2878 Hic
792 2817 864 2878 iuro
891 2839 949 2900 per
977 2816 1065 2876 hunc
1093 2817 1166 2878 loco

71 2923 175 2972 sancto
195 2923 228 2975 et
246 2915 316 2972 Deo
331 2909 482 2970 altissimo
497 2917 531 2967 et
548 2903 675 2967 virtutis
697 2909 805 2962 sancto
832 2898 906 2976 illo,
929 2899 1015 2958 unde
1036 2919 1086 2958 me
1108 2897 1165 2964 ille
1211 2932 1213 2937 s

70 2993 161 3054 honio
182 2995 218 3054 in
241 2993 340 3053 mallo
357 2991 485 3074 publico
504 2986 669 3062 mallabat,
690 2982 777 3063 quod
803 3002 861 3062 ego
875 2990 960 3041 terra
974 3003 1030 3039 sua
1046 2988 1101 3041 aut
1125 2981 1164 3038 ad

73 3078 205 3158 coniuge
223 3097 281 3137 sua
297 3075 371 3151 illa,
393 3073 426 3132 in
449 3092 529 3154 pago
548 3070 623 3145 illo,
646 3067 679 3126 in
704 3066 776 3128 loco
795 3063 882 3144 quod
901 3063 1020 3122 dicitur
1036 3062 1109 3139 ille,
1126 3061 1165 3124 de

73 3179 180 3218 eorum
203 3165 361 3242 potestate
382 3176 441 3238 per
457 3153 552 3213 fortia
581 3169 745 3230 nunquam
774 3145 912 3226 proprisi
939 3155 994 3212 aut
1018 3145 1163 3226 pervasi,

75 3240 126 3298 sed
150 3241 190 3301 de
209 3243 272 3302 ista
287 3249 376 3319 parte
400 3237 530 3318 triginta
553 3242 585 3294 et
602 3253 668 3292 uno
689 3249 773 3290 anno
788 3228 855 3286 fere
878 3226 1013 3308 amplius
1034 3269 1164 3292 .....

74 3342 193 3404 semper
212 3321 331 3383 exinde
347 3318 394 3383 fui
415 3319 557 3392 restitus,
580 3321 695 3395 etpost
718 3330 767 3369 me
792 3307 906 3386 dirisi,
929 3323 960 3369 et
979 3330 1037 3389 per
1059 3309 1164 3390 legem

77 3411 105 3460 et
127 3404 282 3465 iustitiam
296 3402 369 3484 plus
389 3400 531 3465 obtineat
544 3419 593 3458 me
610 3395 768 3456 adhabere
782 3412 877 3472 quam
904 3391 1002 3474 ipsius
1027 3391 1081 3450 lue
1109 3400 1164 3448 aut

76 3485 207 3569 coniuge
228 3507 285 3546 sua
300 3484 456 3560 reddere,
479 3491 511 3542 et
537 3481 577 3540 ad
600 3477 687 3562 qnod
714 3470 793 3532 mihi
822 3472 997 3532 iudicatum
1030 3472 1092 3536 fnit
1127 3472 1161 3528 in

76 3568 161 3627 nullo
180 3591 245 3629 non
270 3565 428 3641 redebeo,
450 3564 512 3624 uisi
532 3562 592 3624 isto
613 3570 646 3622 et
660 3558 756 3617 unico
770 3564 984 3629 sacramento,
1006 3574 1064 3636 per
1074 3552 1161 3612 hunc

77 3645 267 3711 locosancto
287 3650 402 3708 etDeo
423 3645 574 3706 altissimo
604 3653 636 3704 et
665 3637 793 3701 virtutis
815 3645 922 3696 sancto
950 3635 1017 3696 illo.
1068 3633 1160 3694 luse-

76 3742 208 3807 quenter
222 3751 296 3794 vero
316 3739 387 3811 post
405 3728 473 3808 ipso
487 3737 551 3787 tres
566 3722 676 3786 aloarii
698 3729 730 3781 et
743 3718 913 3780 duodecim
932 3715 1161 3778 conlaudantes

57 3808 276 3954 plicaverunt,
298 3821 330 3874 et
346 3811 386 3875 de
405 3811 530 3894 linguas
552 3810 663 3870 eoruni
685 3801 808 3884 legibus
829 3801 991 3870 dixerunt.
1022 3800 1058 3860 ld
1076 3809 1160 3864 sunt.

105 3897 262 3980 treliqna.
916 3913 921 3928 ·

366 4017 487 4080 Notitio
508 4015 546 4076 cie
567 4015 677 4076 herbas
697 4011 865 4096 maleficos.

152 4129 310 4201 XXXIV.
352 4133 471 4194 Notitia
488 4130 625 4214 qualiter
652 4129 704 4191 vel
728 4127 844 4210 quihus
864 4125 1082 4209 praesentibus
1102 4144 1160 4184 ve-

82 4214 165 4280 niens
190 4213 307 4284 femina
325 4215 431 4301 aliqua
451 4215 579 4276 nomine
597 4212 652 4273 illa
666 4211 698 4271 in
717 4231 796 4298 pago
811 4209 888 4285 illo,
918 4209 952 4272 io
980 4210 1074 4270 inallo
1097 4229 1158 4290 pu·
1223 4269 1226 4282 Χ

1298 4174 1307 4205 l
