2786 4980
255 317 286 375 a
305 315 379 371 cna.
460 312 610 423 ¹rer-:sun
629 313 848 370 saracenum
953 315 1014 373 sss.
1146 299 1194 373 05

124 468 293 524 caeterorum
313 455 455 518 fidelium
470 477 602 517 suorum
621 477 799 522 consensu.
826 454 923 518 habet
944 466 1054 519 noster
1075 457 1193 523 Senior

123 543 301 605 constitutum
316 541 422 600 locum
438 539 639 601 Vermeriam
651 539 804 622 palatium
821 585 829 614 ,
853 550 886 600 et
899 549 1024 622 tempus
1046 561 1082 601 ac
1106 543 1192 606 diem

121 626 304 686 rmddeud.
322 621 470 704 Angusti;
493 632 526 682 et
543 621 639 683 habet
655 644 695 682 ex
718 623 849 684 nomine
871 621 1047 704 descriptos
1079 623 1192 689 fideles

86 700 89 704 ’
118 729 189 781 suos,
202 729 255 790 per
266 727 401 789 quorum
415 712 585 764 tractatum
607 705 667 766 ista
681 725 774 765 eausa
789 707 859 766 Deo
877 707 1052 768 adiuvante
1065 707 1106 770 ad
1119 730 1193 792 per·

117 790 267 850 sectionem
287 787 463 870 perseniae
487 797 520 848 et
540 786 639 848 habet
653 809 713 848 vn.
732 788 897 848 Kalendas
917 789 1054 870 Augusti
1076 789 1117 851 ad
1140 793 1192 874 ip-

117 893 176 934 sum
192 871 331 954 palatium
343 869 543 933 Vermeriam
557 871 753 951 generaliter
770 891 880 932 omues
900 871 1011 934 fideles
1027 893 1101 934 suos
1117 895 1195 935 eon-

117 963 244 1033 voeatos,
263 964 294 1014 ut
307 953 455 1014 omnibus
479 975 569 1012 suam
590 954 792 1014 voluntatem
817 963 850 1014 et
872 955 1140 1036 perdonationem
1161 968 1195 1020 et

118 1045 248 1113 nostram,
264 1036 313 1118 qui
331 1036 446 1097 fideles
464 1035 554 1096 illius
576 1057 696 1106 sumus,
720 1036 924 1096 devotionem
941 1039 1139 1120 accognitet3
1157 1051 1195 1100 ut

123 1119 176 1178 ista
197 1118 422 1196 convenientia,
442 1139 539 1200 quam
566 1127 648 1180 teste
673 1120 743 1180 Deo
775 1119 1053 1198 confirmabimus,
1082 1123 1193 1184 inante

124 1199 220 1262 diebus
237 1203 307 1266 vitae
321 1209 452 1262 nostrae
471 1211 700 1278 conservetur,
722 1209 755 1262 et
778 1202 845 1284 ipse
872 1203 938 1264 suis
957 1204 1196 1266 successoribus

125 1292 217 1343 contra
231 1305 420 1346 successores
445 1294 591 1357 nostros,
614 1295 646 1344 et
661 1305 719 1344 nos
734 1285 851 1346 nostris
868 1286 1105 1347 successoribus
1130 1287 1195 1349 suis

122 1367 322 1428 successoribus
336 1369 594 1428 conservandam
615 1368 647 1426 in
670 1366 732 1427 Dei
747 1368 877 1428 nomine
895 1368 1128 1452 relinquamus.

185 1447 253 1510 ΧΗ.
289 1451 330 1512 Et
352 1449 458 1512 sciatis
476 1450 553 1532 quia
572 1450 645 1511 vult
664 1449 783 1510 Senior
802 1458 922 1527 noster,
946 1462 978 1512 et
995 1474 1052 1512 nos
1071 1474 1107 1512 ac
1121 1473 1198 1513 cae·

117 1530 167 1595 teri
184 1531 283 1594 fideles
304 1531 415 1608 illius,
437 1542 474 1592 ut
488 1534 515 1593 si
533 1554 611 1609 vos,
634 1532 690 1614 qui
713 1533 801 1594 illins
826 1533 937 1595 fideles
966 1544 998 1596 et
1019 1535 1199 1596 consiliarii

115 1615 316 1690 associaberis,
345 1614 527 1692 uolueritis,
550 1617 634 1677 sicut
648 1615 738 1677 vobis
752 1615 910 1691 diximus,
933 1617 973 1677 ad
993 1617 1082 1677 illius
1102 1639 1200 1700 prue-

115 1697 228 1759 sentiam
242 1706 273 1758 et
287 1698 481 1760 fidelitatem
501 1709 598 1782 atque
620 1698 790 1760 servitium
811 1700 945 1774 venire,
968 1710 999 1761 et
1030 1701 1199 1761 nobiseum

115 1780 144 1838 in
165 1779 215 1840 ista
229 1781 382 1842 societate
399 1801 466 1842 esse
478 1827 488 1858 ,
511 1783 587 1863 quia
612 1781 732 1864 etipse
762 1791 794 1841 et
821 1803 878 1842 nos
899 1803 982 1862 quae
1013 1783 1199 1844 voluntarie

116 1859 258 1942 volemus,
279 1875 316 1926 ut
336 1885 413 1924 cum
438 1865 611 1928 nobishoc
638 1876 671 1924 et
701 1864 860 1946 quaeratis
886 1874 919 1924 et
945 1865 1137 1940 inveniatis,
1167 1875 1201 1926 et

120 1944 234 2007 statuetis
249 1955 280 2008 et
300 1945 502 2008 confirmetis
517 1949 624 2030 atque'
640 1948 862 2024 conservetis,
886 1956 916 2008 et
944 1970 1001 2009 nos
1021 1971 1095 2008 cum
1110 1948 1201 2010 vobis

118 2025 254 2088 similiter.-
276 2040 309 2092 et
332 2029 423 2090 vobis
442 2029 514 2090 aliis
528 2031 692 2106 omnibus,
715 2031 800 2090 sicut
818 2039 851 2088 et
868 2029 970 2108 uobis,
993 2032 1134 2091 debitam
1152 2032 1203 2092 le-

116 2129 175 2190 gem
200 2119 366 2176 ctrectam
383 2112 542 2174 rationem
569 2115 688 2176 dehine
712 2113 843 2188 inante,
867 2112 950 2173 sicut
978 2123 1103 2176 rectum
1135 2123 1202 2188 est,

114 2190 394 2270 vultconservare,
418 2195 502 2255 sicut
520 2197 572 2258 sui
602 2207 835 2269 antecessores,
857 2197 915 2276 qui
946 2195 1007 2258 hoc
1032 2197 1149 2257 melius
1170 2205 1203 2257 et

112 2273 313 2340 rationabilius
337 2277 503 2354 fecerunt,
535 2280 652 2341 nostris
686 2287 719 2340 et
745 2278 859 2339 vestris
883 2280 1137 2341 antecessoribus
1167 2279 1204 2338 in

113 2358 187 2430 omni
207 2359 318 2422 ordine
335 2371 623 2422 conservaverunt.

179 2437 271 2504 Xlll.
314 2443 362 2504 Et
379 2443 610 2506 mandatvobis
627 2454 735 2506 noster
749 2443 867 2504 Senior
885 2443 961 2524 quia
979 2443 1004 2504 si
1023 2444 1142 2526 aliquis
1163 2444 1203 2505 dc
1297 2450 1302 2458 '

112 2523 189 2585 vobis
204 2525 273 2587 talis
294 2534 346 2587 est
362 2527 416 2588 cui
431 2547 508 2586 suus
524 2529 703 2589 senioratus
719 2548 784 2588 non
805 2528 931 2607 placet,
954 2534 987 2585 et
1008 2526 1057 2585 illi
1075 2528 1207 2587 simulat

111 2614 142 2665 ut
162 2607 198 2667 ad
215 2608 313 2668 alium
336 2607 505 2670 Seniorem
523 2610 640 2671 melius
662 2631 760 2692 quam
786 2609 826 2668 ad
845 2608 938 2668 illum
965 2619 1111 2693 acaptare
1130 2630 1206 2690 pos-

109 2688 157 2762 sit,
176 2691 282 2752 veniat
304 2692 346 2751 ad
369 2693 478 2768 illum,
501 2703 535 2753 et
551 2693 618 2775 ipse
634 2691 814 2774 tranquillo
833 2701 865 2751 et
880 2690 1014 2772 pacifico
1029 2692 1138 2751 altimo
1152 2691 1207 2751 do·

111 2779 156 2829 nat
171 2771 470 2846 illi'eommeatum;
492 2784 617 2835 tanturn
632 2785 668 2835 ut
696 2775 757 2856 ipsi
774 2783 806 2833 et
823 2774 855 2832 in
874 2795 933 2834 suo
953 2795 1056 2855 regno
1071 2774 1123 2834 vel
1138 2773 1206 2835 suis

110 2851 242 2916 fidelibus
258 2857 396 2939 aliquod
417 2858 569 2917 damnum
583 2868 637 2918 aut
656 2859 798 2940 aliquam
827 2855 1049 2917 marritionem
1071 2877 1135 2916 uon
1156 2858 1208 2916 fa-

110 2937 181 3006 ciat;
198 2947 234 2998 ‘et
249 2941 344 3022 quod
363 2941 450 3000 Deus
473 2941 522 2999 illi
538 2941 694 3022 cupierit,
715 2950 747 3002 et
763 2940 803 2999 ad
817 2940 916 3000 atium
930 2939 1207 3022 Senioremacap-

109 3027 166 3080 tare
181 3021 343 3104 potuerit,
365 3022 497 3102 pacifice
520 3022 645 3084 babeat.
1033 3047 1039 3062 ¹

179 3103 272 3167 XtV.
317 3105 359 3164 Et
380 3104 404 3164 si
434 3105 552 3185 aliquis
577 3106 678 3166 fuerit
700 3105 738 3164 de
764 3105 855 3166 vobis
883 3105 940 3187 qui
966 3105 1076 3166 voleat
1096 3107 1206 3169 dicere

110 3182 262 3265 quianon
289 3185 394 3250 credit
412 3188 557 3249 Senioris
585 3188 685 3250 nostri
712 3188 823 3264 iidem,
847 3199 879 3249 et
910 3198 1077 3270 suspectus
1101 3190 1142 3250 sit
1166 3190 1207 3249 de

109 3282 162 3325 sua
170 3269 374 3352 perditione,
397 3279 429 3330 et
447 3281 581 3352 propter
598 3271 661 3332 hoc
683 3293 748 3330 non
773 3271 889 3331 audeat
907 3272 1071 3332 ambulare
1097 3273 1138 3333 ad
1164 3273 1207 3331 il-

109 3348 186 3427 lum,
208 3375 268 3414 nos
289 3353 378 3413 vobis
393 3352 505 3414 damus
519 3355 581 3414 Dei
597 3363 628 3413 et
648 3354 748 3414 nostri
775 3353 919 3412 Senioris
945 3353 1057 3413 Karoli
1094 3355 1208 3428 fidem,

110 3440 136 3490 et
149 3431 186 3493 de
200 3435 267 3495 suis
277 3435 447 3517 Episcopis
462 3445 494 3498 et
511 3435 816 3513 fidelihulelericis
828 3441 869 3510 nel
886 3435 992 3508 fidem,
1015 3435 1090 3514 quia
1103 3457 1210 3517 quan--

111 3521 169 3571 tum
185 3519 275 3578 Deus
291 3539 356 3579 nos·¹
372 3519 560 3594 salvaverit,
583 3529 614 3579 et
628 3541 684 3581 vos
700 3540 756 3580 vos
780 3518 864 3598 ipsos
888 3518 1108 3592 salvaveritis,
1137 3518 1207 3576 sani

110 3596 290 3675 ambuletis,
313 3609 347 3662 et
362 3599 432 3659 sani
449 3623 523 3661 cum
537 3601 593 3661 illo
615 3603 703 3671 sitis;
728 3610 759 3661 et
775 3598 863 3673 sarni,
886 3599 912 3658 si
931 3599 1022 3658 vobis
1039 3621 1112 3658 cum
1131 3598 1208 3676 illo,

110 3678 315 3757 sicutdebet,
338 3704 405 3742 nou
424 3684 629 3759 convenerit,
652 3682 839 3751 retornetis3
862 3690 988 3739 tantum
1014 3689 1049 3738 ut
1075 3680 1209 3762 psicifiee

112 3761 218 3824 etsiue
241 3764 401 3824 seditione
419 3765 608 3842 ambuletis,
632 3777 664 3828 et
682 3789 755 3827 snos
776 3763 889 3824 fideles
912 3783 976 3820 sion
998 3762 1188 3823 sollicitetis.

177 3845 260 3912 XV.
300 3844 345 3908 Et·
363 3849 389 3908 si
405 3847 511 3910 adhuc
534 3849 711 3922 dubitatis,
735 3857 767 3909 et
784 3847 879 3906 aliam
899 3844 1083 3904 firmitatem
1107 3867 1209 3926 quae-

112 3925 182 4007 ritis,
196 3939 324 3991 tautum
337 3940 502 3992 utcontra
519 3933 682 3993 rationem
705 3953 771 3990 non
792 3927 965 4014 quaeratis,
981 3925 1008 3987 si
1033 3927 1074 3986 ad
1097 3927 1209 4001 illum,

111 4009 187 4074 sicut
201 4013 352 4090 diximus,
372 4011 535 4074 ambulare
559 4015 666 4093 vultis,
685 4015 780 4076 etiam
794 4015 827 4072 et
842 4011 881 4070 ad
896 4009 958 4070 boc
979 4009 1081 4092 parati
1100 4031 1211 4069 sumus
1255 4061 1259 4068 .

112 4103 145 4154 ut
156 4095 319 4168 faciamus3
343 4096 421 4180 quia
436 4096 517 4159 certi
537 4120 645 4160 sumus
662 4099 738 4181 quia
759 4095 866 4156 omnia
888 4114 963 4154 cum
977 4091 1151 4154 securitate
1168 4093 1212 4152 fa·

112 4195 178 4239 cere
195 4199 371 4260 possumus.
577 4195 581 4204 “

115 4263 399 4282 *mua-u·-

144 4285 181 4353 m)
199 4289 232 4339 ul.
244 4307 291 4345 ms.
310 4286 416 4348 dumus.

897 4365 920 4435 5
