2746 4992
279 323 309 374 6.
335 318 414 373 cua.
529 319 652 376 escun
670 321 886 381 rmncoaon
990 331 1051 396 (ῃ,
1172 305 1245 378 213

138 467 194 548 plo
217 469 388 542 componat
412 458 495 520 sicut
521 459 579 520 ille
601 461 658 541 qui
683 463 717 522 in
747 467 847 523 truste
875 461 1037 525 dominico
1065 464 1245 527 committit.

138 546 180 610 Et
206 544 263 626 qui
285 543 319 604 iu
340 541 433 603 villas
453 541 696 626 Episcoporum,
718 543 888 621 Abbatum,
912 547 964 606 rel
989 545 1123 609 aliorum
1146 547 1246 608 Fide·

139 630 223 691 lium
246 635 431 686 nostrorum
454 623 719 705 depraedationes
741 627 904 704 fecerint,
937 629 1022 689 sieut
1051 629 1084 690 iu
1115 628 1248 712 Capitu-

138 711 261 773 laribus
296 716 534 770 antecessorum
568 717 752 770 nostrorum
786 719 818 771 et
848 708 880 769 in
920 711 1247 774 nostrozcontinetur

137 791 324 856 emendent.
1233 829 1237 838 -

150 907 153 914 ,
221 861 318 936 XXI.
358 873 516 932 Utnemo
540 871 694 954 despiciat
715 872 837 934 litteras
857 883 962 934 nostra
987 876 1174 938 auctoritate
1192 885 1249 936 aut

136 957 198 1017 lilii
209 953 311 1017 nostri
328 954 458 1015 nomine
471 954 618 1036 signatas,
638 956 692 1015 vel
705 976 817 1016 eorum
832 975 913 1036 quos
928 956 961 1016 in
976 955 1038 1018 hoc
1060 978 1162 1040 regno
1174 973 1249 1019 cum

137 1042 198 1100 illo
219 1036 419 1112 dimittimus,
437 1057 544 1118 neque
561 1035 752 1099 inobediens
770 1037 812 1099 sit
829 1057 910 1118 quae
927 1038 988 1100 sibi
1012 1041 1159 1101 mandata
1180 1040 1250 1100 fue·

136 1123 218 1184 rint.
259 1119 356 1197 Quod
379 1119 406 1179 si
424 1118 689 1200 praesumpserit,
712 1119 755 1180 ita
774 1120 929 1181 multetur
948 1122 1033 1182 sicut
1055 1121 1090 1181 in
1114 1121 1249 1206 Capitu-

115 1205 117 1214 ’
140 1206 211 1266 lare
227 1202 286 1263 Avi
309 1210 342 1262 ct
362 1201 481 1261 Domni
507 1223 543 1264 ac
567 1201 732 1264 Genitoris
753 1201 854 1264 nostri
876 1204 1069 1265 continetur.
1119 1205 1123 1210 ’

173 1345 182 1362 ,
225 1283 334 1347 ΧΧ11.
376 1283 576 1362 Mouendum
602 1303 734 1367 quoque
763 1294 795 1346 et
821 1283 1015 1347 hortandum
1042 1293 1078 1345 ut
1104 1281 1250 1346 fidelium

143 1377 335 1443 nostrorum,
357 1366 414 1446 qui
436 1387 510 1428 cum
528 1366 594 1428 filio
616 1377 726 1429 nostro
749 1368 972 1445 remanserint,
994 1368 1104 1428 nullus
1123 1366 1156 1425 in
1176 1385 1252 1426 con-

141 1451 217 1513 silio
239 1448 348 1512 tardus
367 1456 530 1530 appareat;
551 1448 609 1510 sed
627 1449 850 1533 uuusquisque
871 1458 909 1509 ut
928 1450 988 1514 sibi
1007 1449 1124 1512 melius
1146 1449 1251 1510 slsum

141 1533 245 1594 fuerit
272 1531 442 1612 loquatur,
464 1539 497 1592 et
522 1539 595 1614 post
619 1531 762 1593 omnium
790 1532 988 1610 locutiones,
1018 1531 1106 1614 quod
1135 1531 1252 1591 melius

139 1615 248 1678 visum
265 1614 367 1673 fuerit
394 1613 525 1696 eligant.

224 1694 356 1761 XXIII.
398 1695 547 1773 Qualiter
570 1715 705 1778 regnum
727 1696 815 1778 qnod
843 1693 1028 1758 necessitate
1049 1694 1251 1758 Brittonihut

139 1778 308 1862 quondam
328 1777 509 1839 iuramento
531 1778 752 1840 confirmatum
774 1781 890 1856 fuerat,
915 1777 991 1860 quia
1020 1776 1060 1837 (16
1088 1777 1153 1839 11116
1182 1778 1253 1859 qui-

139 1864 203 1924 bus
230 1861 392 1921 [innatum
421 1870 469 1921 est
499 1862 608 1922 nullus
640 1871 799 1944 superstes
828 1871 885 1940 est,
916 1883 934 1920 a
961 1857 1110 1921 fidelibus
1135 1860 1252 1924 nostris

145 1944 331 2027 recipiatur.

228 2025 344 2088 XXIV.
384 2025 434 2086 De
457 2045 558 2107 regno
580 2023 783 2108 Aquitanico.

228 2105 331 2168 XXV.
373 2109 414 2166 Ut
436 2117 592 2190 postnos,
620 2128 692 2168 oum
717 2107 870 2191 hisquae
896 2109 992 2171 nohis
1013 2109 1148 2172 serenda
1178 2116 1253 2169 sunt

145 2199 268 2278 pergat,
289 2189 428 2272 primum
445 2189 656 2251 Willebertus
676 2189 866 2272 Episcopus,
884 2193 1000 2254 deinde
1023 2191 1187 2254 Arnoldus
1205 2189 1253 2249 E-

137 2277 309 2359 piscopus,
330 2280 361 2332 et
381 2270 500 2333 deinde
525 2271 619 2332 Wala
637 2271 824 2354 Episcopus.
866 2273 908 2334 Et
922 2284 958 2335 ut
980 2273 1066 2336 iilius
1086 2281 1199 2334 noster
1218 2279 1258 2349 et

147 2356 207 2417 alii
230 2353 331 2415 nostri
363 2353 475 2414 fideles
503 2353 625 2414 adhoc
655 2354 803 2416 studeant
827 2364 864 2414 nt
891 2356 974 2416 uilril
997 2356 1071 2418 novi
1096 2363 1152 2416 aut
1174 2353 1253 2413 mali

147 2439 186 2498 in
213 2435 276 2498 hoc
302 2456 401 2518 regno
430 2445 539 2518 surgat
570 2436 658 2518 quod
688 2445 744 2496 aut
770 2458 830 2519 per
855 2439 979 2519 equites
1007 2447 1060 2498 aut
1091 2458 1151 2520 per
1181 2455 1253 2498 cur·

148 2541 237 2583 sores
261 2517 385 2602 pedites
417 2539 482 2578 non
508 2519 660 2591 sciamus;
681 2517 757 2602 quia
779 2519 820 2580 de
848 2529 952 2581 restra
976 2518 1186 2602 prosperitate
1211 2516 1252 2576 si·

63 2651 67 2658 .
146 2612 206 2664 cut
226 2602 265 2662 de
290 2609 398 2662 nostra
415 2621 540 2683 semper
558 2601 689 2662 solliciti
705 2601 832 2662 erimus.
872 2601 916 2662 Et
941 2601 967 2663 si
983 2623 1023 2662 ne
1049 2611 1114 2662 otes
1138 2598 1251 2674 nostri,

147 2678 211 2745 lilii
238 2683 345 2744 fratris
375 2682 497 2762 nostri,
524 2683 574 2746 sui
596 2683 695 2766 patris
719 2681 880 2746 imitantes
908 2623 1074 2765 exempli,
1099 2689 1172 2764 post
1193 2699 1253 2740 nos

143 2787 282 2853 pergere
307 2774 338 2826 et
365 2773 477 2826 contra
498 2785 555 2828 nos
581 2765 747 2848 insurgere
770 2765 946 2842 voluerint,
977 2786 1043 2825 nou
1065 2771 1255 2846 expectetur

146 2859 186 2910 ut
203 2847 461 2910 commendemus
487 2848 635 2910 fidelihus
660 2845 775 2908 nostris
799 2856 835 2907 ut
860 2847 951 2908 nobis
975 2853 1165 2914 occurraut;
1194 2842 1255 2904 sed

143 2942 245 3016 prout
258 2931 389 3013 plenius
410 2931 585 3011 potuerint,
603 2929 708 2992 statim
727 2939 764 2988 ut
783 2928 847 2990 hoc
869 2950 1065 3012 cognoscere
1086 2926 1254 3010 potuerint

144 3013 242 3076 nobis
263 3014 297 3073 in
320 3011 533 3089 adiutorium,
555 3022 650 3096 prout
670 3011 763 3073 citius
783 3013 959 3094 potuerint,
985 3011 1126 3088 veniant,
1151 3017 1182 3070 et
1213 3007 1254 3069 ad

145 3097 212 3158 hoc
234 3115 345 3157 omnes
364 3116 490 3175 semper
509 3095 635 3157 warniti
655 3093 729 3156 sint.

144 3221 149 3228 -
231 3177 350 3242 XXVI.
391 3181 434 3239 Ut
452 3179 618 3238 castellum
637 3177 676 3238 de
699 3176 946 3258 Compendio,a
975 3175 1067 3237 nobis
1091 3183 1253 3256 coeptum,
1322 3170 1325 3176 ’

147 3282 209 3346 pro
234 3269 344 3320 nostro
370 3280 475 3320 amore
500 3267 532 3320 et
561 3271 665 3322 vestro
695 3255 824 3318 honore.
845 3259 1030 3340 perficiatur
1051 3259 1085 3317 in
1108 3258 1253 3326 testimo·

148 3344 241 3405 nium
267 3341 451 3404 dilectionis
473 3353 596 3403 vestrae
621 3363 695 3424 erga
723 3350 861 3402 nostram
881 3341 1122 3422 benignitatem,

231 3422 370 3488 XXVII.
410 3427 458 3485 De
480 3424 608 3485 civitate
631 3422 782 3498 Peridus,
805 3422 894 3484 etde
913 3422 1051 3483 castellis
1075 3443 1172 3504 super
1193 3423 1253 3482 Se·

149 3529 290 3590 quanam
315 3516 348 3566 et
367 3527 472 3588 super
497 3507 637 3590 Ligerim
659 3527 699 3567 ex
728 3515 863 3585 utraque
888 3514 1001 3587 parte,
1029 3504 1256 3588 qualitereta

148 3589 268 3670 quibus
295 3589 542 3668 instaurentur,
580 3585 762 3672 specialiter
796 3587 891 3649 etiam
926 3587 966 3648 de
998 3583 1133 3647 castello
1153 3587 1255 3647 sancti

147 3673 235 3734 Dion
259 3670 310 3731 sii.

266 3753 390 3819 XVIII..
425 3755 474 3814 De
494 3753 675 3816 Wlframno
691 3762 724 3814 et
739 3755 918 3814 Garamam
938 3759 970 3812 et
992 3749 1174 3814 Hadeberto
1196 3773 1254 3814 au-

147 3836 252 3914 rifice,
274 3835 369 3896 sicuti
391 3837 569 3913 statuimus,
590 3836 634 3897 itu
659 3831 878 3920 permaneant.
1188 3849 1190 3854 ’

231 3915 360 3984 XXIX.
400 3919 449 3979 De
471 3918 615 3979 monetis.
1270 3943 1272 3948 ·

232 3999 340 4062 XXX.
381 4000 530 4077 Qualiter
555 4001 618 4061 hoo
640 4001 826 4083 perficiatur
853 3999 945 4061 etad
966 3999 1114 4062 effectum
1139 4019 1255 4083 perve—
1288 3995 1290 3999 ’

148 4083 220 4143 niat
240 4081 329 4164 quod
350 4082 556 4143 Nortmannis
578 4084 645 4143 dari
666 4084 761 4146 debet
783 4083 823 4145 de
849 4083 1007 4148 coniecto.

232 4162 348 4229 XXXI.
390 4167 438 4226 De
460 4163 636 4226 honoribus
655 4167 800 4241 Bosonis,
822 4166 1000 4242 Bernardi,
1030 4174 1062 4224 et
1094 4163 1256 4242 Widonis,

150 4257 182 4309 et
207 4247 343 4309 aliorum
366 4247 496 4309 illarum
517 4248 667 4331 partium.
708 4251 749 4312 Et
777 4248 816 4310 de
842 4249 948 4331 cappis
970 4257 1002 4310 et
1017 4245 1088 4308 aliis
1111 4248 1257 4330 negotia-
