<?xml version="1.0" encoding="UTF-8"?>
<!DOCTYPE html PUBLIC "-//W3C//DTD XHTML 1.0 Transitional//EN"
    "http://www.w3.org/TR/xhtml1/DTD/xhtml1-transitional.dtd">
<html xmlns="http://www.w3.org/1999/xhtml" xml:lang="en" lang="en">
 <head>
  <title>
</title>
<meta http-equiv="Content-Type" content="text/html;charset=utf-8" />
  <meta name='ocr-system' content='tesseract 3.04.00' />
  <meta name='ocr-capabilities' content='ocr_page ocr_carea ocr_par ocr_line ocrx_word'/>
</head>
<body>
  <div class='ocr_page' id='page_1' title='image "./corpusiurisgerm01visigoog_0347.png"; bbox 0 0 2752 4994; ppageno 0'>
   <div class='ocr_carea' id='block_1_1' title="bbox 197 275 973 346">
    <p class='ocr_par' dir='ltr' id='par_1_1' title="bbox 197 275 973 346">
     <span class='ocr_line' id='line_1_1' title="bbox 197 275 973 346; baseline -0.001 -2"><span class='ocrx_word' id='word_1_1' title='bbox 197 275 268 346; x_wconf 81' lang='grc'><strong>336</strong></span> <span class='ocrx_word' id='word_1_2' title='bbox 518 287 701 344; x_wconf 79' lang='lat' dir='ltr'><strong>uancuarr</strong></span> <span class='ocrx_word' id='word_1_3' title='bbox 730 289 973 344; x_wconf 79' lang='lat' dir='ltr'><strong>ronuuaauuu</strong></span> 
     </span>
    </p>
   </div>
   <div class='ocr_carea' id='block_1_2' title="bbox 189 429 1287 1340">
    <p class='ocr_par' dir='ltr' id='par_1_2' title="bbox 189 429 1287 1340">
     <span class='ocr_line' id='line_1_2' title="bbox 195 429 1287 512; baseline -0.001 -17"><span class='ocrx_word' id='word_1_4' title='bbox 195 434 243 512; x_wconf 90' lang='lat' dir='ltr'><strong>hi,</strong></span> <span class='ocrx_word' id='word_1_5' title='bbox 264 434 351 494; x_wconf 90' lang='lat' dir='ltr'><strong>bone</strong></span> <span class='ocrx_word' id='word_1_6' title='bbox 380 431 560 506; x_wconf 78' lang='lat' dir='ltr'><strong>Defensor,</strong></span> <span class='ocrx_word' id='word_1_7' title='bbox 589 438 625 489; x_wconf 90' lang='lat' dir='ltr'><strong>ut</strong></span> <span class='ocrx_word' id='word_1_8' title='bbox 646 429 779 491; x_wconf 89' lang='lat' dir='ltr'><strong>donatio</strong></span> <span class='ocrx_word' id='word_1_9' title='bbox 812 451 894 512; x_wconf 88' lang='lat' dir='ltr'><strong>quae</strong></span> <span class='ocrx_word' id='word_1_10' title='bbox 923 430 1057 492; x_wconf 87' lang='lat' dir='ltr'><strong>recitata</strong></span> <span class='ocrx_word' id='word_1_11' title='bbox 1081 441 1144 507; x_wconf 87' lang='lat' dir='ltr'><strong>est,</strong></span> <span class='ocrx_word' id='word_1_12' title='bbox 1169 433 1194 492; x_wconf 90' lang='lat' dir='ltr'><strong>si</strong></span> <span class='ocrx_word' id='word_1_13' title='bbox 1220 434 1287 494; x_wconf 84' lang='lat' dir='ltr'><strong>mihi</strong></span> 
     </span>
     <span class='ocr_line' id='line_1_3' title="bbox 195 512 1286 600; baseline -0.004 -22"><span class='ocrx_word' id='word_1_14' title='bbox 195 526 282 600; x_wconf 80' lang='lat' dir='ltr'><strong>gesta</strong></span> <span class='ocrx_word' id='word_1_15' title='bbox 304 515 431 576; x_wconf 75' lang='lat' dir='ltr'><strong>tradere</strong></span> <span class='ocrx_word' id='word_1_16' title='bbox 454 513 601 578; x_wconf 87' lang='lat' dir='ltr'><strong>iubeatis.</strong></span> <span class='ocrx_word' id='word_1_17' title='bbox 647 513 706 572; x_wconf 89' lang='lat' dir='ltr'><strong>llle</strong></span> <span class='ocrx_word' id='word_1_18' title='bbox 727 512 888 573; x_wconf 83' lang='lat' dir='ltr'><strong>Defensor</strong></span> <span class='ocrx_word' id='word_1_19' title='bbox 916 513 1015 573; x_wconf 74' lang='lat' dir='ltr'><strong>dixit:</strong></span> <span class='ocrx_word' id='word_1_20' title='bbox 1046 514 1090 573; x_wconf 90' lang='lat' dir='ltr'><strong>Et</strong></span> <span class='ocrx_word' id='word_1_21' title='bbox 1111 515 1185 594; x_wconf 88' lang='lat' dir='ltr'><strong>quia</strong></span> <span class='ocrx_word' id='word_1_22' title='bbox 1214 518 1286 595; x_wconf 78' lang='lat' dir='ltr'><strong>epis-</strong></span> 
     </span>
     <span class='ocr_line' id='line_1_4' title="bbox 192 595 1287 662; baseline -0.003 -2"><span class='ocrx_word' id='word_1_23' title='bbox 192 601 261 662; x_wconf 89' lang='lat' dir='ltr'><strong>tola</strong></span> <span class='ocrx_word' id='word_1_24' title='bbox 293 595 475 660; x_wconf 87' lang='lat' dir='ltr'><strong>donationis</strong></span> <span class='ocrx_word' id='word_1_25' title='bbox 509 605 564 654; x_wconf 90' lang='lat' dir='ltr'><strong>aut</strong></span> <span class='ocrx_word' id='word_1_26' title='bbox 592 595 744 656; x_wconf 80' lang='lat' dir='ltr'><strong>cessionis</strong></span> <span class='ocrx_word' id='word_1_27' title='bbox 774 615 831 656; x_wconf 83' lang='lat' dir='ltr'><strong>scu</strong></span> <span class='ocrx_word' id='word_1_28' title='bbox 855 595 1037 656; x_wconf 81' lang='lat' dir='ltr'><strong>testamenti</strong></span> <span class='ocrx_word' id='word_1_29' title='bbox 1066 605 1099 654; x_wconf 90' lang='lat' dir='ltr'><strong>et</strong></span> <span class='ocrx_word' id='word_1_30' title='bbox 1120 600 1287 658; x_wconf 86' lang='lat' dir='ltr'><strong>mandatum</strong></span> 
     </span>
     <span class='ocr_line' id='line_1_5' title="bbox 195 677 1287 759; baseline -0.005 -15"><span class='ocrx_word' id='word_1_31' title='bbox 195 685 281 744; x_wconf 87' lang='lat' dir='ltr'><strong>inte</strong></span> <span class='ocrx_word' id='word_1_32' title='bbox 303 678 519 759; x_wconf 89' lang='lat' dir='ltr'><strong>conscriptum</strong></span> <span class='ocrx_word' id='word_1_33' title='bbox 541 699 598 759; x_wconf 89' lang='lat' dir='ltr'><strong>per</strong></span> <span class='ocrx_word' id='word_1_34' title='bbox 622 677 768 738; x_wconf 84' lang='lat' dir='ltr'><strong>ordinem</strong></span> <span class='ocrx_word' id='word_1_35' title='bbox 790 678 920 738; x_wconf 90' lang='lat' dir='ltr'><strong>condita</strong></span> <span class='ocrx_word' id='word_1_36' title='bbox 948 688 980 738; x_wconf 90' lang='lat' dir='ltr'><strong>et</strong></span> <span class='ocrx_word' id='word_1_37' title='bbox 1004 679 1166 738; x_wconf 87' lang='lat' dir='ltr'><strong>bonorum</strong></span> <span class='ocrx_word' id='word_1_38' title='bbox 1197 681 1287 738; x_wconf 86' lang='lat' dir='ltr'><strong>homi-</strong></span> 
     </span>
     <span class='ocr_line' id='line_1_6' title="bbox 194 758 1287 840; baseline -0.004 -15"><span class='ocrx_word' id='word_1_39' title='bbox 194 789 273 825; x_wconf 89' lang='lat' dir='ltr'><strong>nurn</strong></span> <span class='ocrx_word' id='word_1_40' title='bbox 300 762 446 823; x_wconf 87' lang='lat' dir='ltr'><strong>manibus</strong></span> <span class='ocrx_word' id='word_1_41' title='bbox 473 761 632 836; x_wconf 88' lang='lat' dir='ltr'><strong>roborata,</strong></span> <span class='ocrx_word' id='word_1_42' title='bbox 655 771 750 840; x_wconf 88' lang='lat' dir='ltr'><strong>atque</strong></span> <span class='ocrx_word' id='word_1_43' title='bbox 775 758 916 840; x_wconf 77' lang='lat' dir='ltr'><strong>signata,</strong></span> <span class='ocrx_word' id='word_1_44' title='bbox 947 761 1118 820; x_wconf 82' lang='lat' dir='ltr'><strong>manifesta</strong></span> <span class='ocrx_word' id='word_1_45' title='bbox 1138 784 1202 823; x_wconf 88' lang='lat' dir='ltr'><strong>esse</strong></span> <span class='ocrx_word' id='word_1_46' title='bbox 1224 785 1287 838; x_wconf 64' lang='lat' dir='ltr'><strong>coa·-</strong></span> 
     </span>
     <span class='ocr_line' id='line_1_7' title="bbox 195 841 1287 925; baseline -0.006 -17"><span class='ocrx_word' id='word_1_47' title='bbox 195 848 351 915; x_wconf 83' lang='lat' dir='ltr'><strong>novimus,</strong></span> <span class='ocrx_word' id='word_1_48' title='bbox 375 845 507 925; x_wconf 80' lang='lat' dir='ltr'><strong>dignum</strong></span> <span class='ocrx_word' id='word_1_49' title='bbox 536 853 582 902; x_wconf 88' lang='lat' dir='ltr'><strong>est</strong></span> <span class='ocrx_word' id='word_1_50' title='bbox 605 853 640 902; x_wconf 93' lang='lat' dir='ltr'><strong>ut</strong></span> <span class='ocrx_word' id='word_1_51' title='bbox 658 852 742 923; x_wconf 83' lang='lat' dir='ltr'><strong>gesta</strong></span> <span class='ocrx_word' id='word_1_52' title='bbox 764 864 803 902; x_wconf 79' lang='lat' dir='ltr'><strong>ex</strong></span> <span class='ocrx_word' id='word_1_53' title='bbox 832 841 893 903; x_wconf 89' lang='lat' dir='ltr'><strong>hoc</strong></span> <span class='ocrx_word' id='word_1_54' title='bbox 909 845 1096 924; x_wconf 84' lang='lat' dir='ltr'><strong>conscripta</strong></span> <span class='ocrx_word' id='word_1_55' title='bbox 1112 853 1204 924; x_wconf 88' lang='lat' dir='ltr'><strong>atque</strong></span> <span class='ocrx_word' id='word_1_56' title='bbox 1224 847 1287 904; x_wconf 84' lang='lat' dir='ltr'><strong>suh-</strong></span> 
     </span>
     <span class='ocr_line' id='line_1_8' title="bbox 194 925 1287 1012; baseline -0.004 -22"><span class='ocrx_word' id='word_1_57' title='bbox 194 931 313 1012; x_wconf 89' lang='lat' dir='ltr'><strong>scripta</strong></span> <span class='ocrx_word' id='word_1_58' title='bbox 344 929 404 986; x_wconf 90' lang='lat' dir='ltr'><strong>tibi</strong></span> <span class='ocrx_word' id='word_1_59' title='bbox 434 925 600 1002; x_wconf 89' lang='lat' dir='ltr'><strong>tradatur,</strong></span> <span class='ocrx_word' id='word_1_60' title='bbox 630 936 662 985; x_wconf 87' lang='lat' dir='ltr'><strong>et</strong></span> <span class='ocrx_word' id='word_1_61' title='bbox 687 934 722 984; x_wconf 91' lang='lat' dir='ltr'><strong>ut</strong></span> <span class='ocrx_word' id='word_1_62' title='bbox 751 925 785 982; x_wconf 92' lang='lat' dir='ltr'><strong>iu</strong></span> <span class='ocrx_word' id='word_1_63' title='bbox 815 926 977 1007; x_wconf 80' lang='lat' dir='ltr'><strong>arcipibus</strong></span> <span class='ocrx_word' id='word_1_64' title='bbox 1009 925 1153 1006; x_wconf 90' lang='lat' dir='ltr'><strong>publicis</strong></span> <span class='ocrx_word' id='word_1_65' title='bbox 1182 949 1287 986; x_wconf 88' lang='lat' dir='ltr'><strong>memo-</strong></span> 
     </span>
     <span class='ocr_line' id='line_1_9' title="bbox 190 1007 1284 1090; baseline -0.007 -16"><span class='ocrx_word' id='word_1_66' title='bbox 190 1013 290 1074; x_wconf 91' lang='lat' dir='ltr'><strong>randa</strong></span> <span class='ocrx_word' id='word_1_67' title='bbox 312 1019 468 1072; x_wconf 88' lang='lat' dir='ltr'><strong>servetur.</strong></span> <span class='ocrx_word' id='word_1_68' title='bbox 510 1009 633 1068; x_wconf 89' lang='lat' dir='ltr'><strong>Edatur</strong></span> <span class='ocrx_word' id='word_1_69' title='bbox 648 1027 745 1090; x_wconf 87' lang='lat' dir='ltr'><strong>snper</strong></span> <span class='ocrx_word' id='word_1_70' title='bbox 768 1007 880 1069; x_wconf 83' lang='lat' dir='ltr'><strong>ordine</strong></span> <span class='ocrx_word' id='word_1_71' title='bbox 905 1019 937 1069; x_wconf 92' lang='lat' dir='ltr'><strong>et</strong></span> <span class='ocrx_word' id='word_1_72' title='bbox 962 1009 1136 1068; x_wconf 87' lang='lat' dir='ltr'><strong>mandatus</strong></span> <span class='ocrx_word' id='word_1_73' title='bbox 1164 1031 1233 1068; x_wconf 90' lang='lat' dir='ltr'><strong>suus</strong></span> <span class='ocrx_word' id='word_1_74' title='bbox 1259 1011 1284 1067; x_wconf 89' lang='lat' dir='ltr'><strong>in</strong></span> 
     </span>
     <span class='ocr_line' id='line_1_10' title="bbox 191 1090 1285 1174; baseline -0.007 -17"><span class='ocrx_word' id='word_1_75' title='bbox 191 1096 276 1174; x_wconf 90' lang='lat' dir='ltr'><strong>loco,</strong></span> <span class='ocrx_word' id='word_1_76' title='bbox 299 1103 332 1154; x_wconf 90' lang='lat' dir='ltr'><strong>et</strong></span> <span class='ocrx_word' id='word_1_77' title='bbox 355 1102 456 1154; x_wconf 91' lang='lat' dir='ltr'><strong>totum</strong></span> <span class='ocrx_word' id='word_1_78' title='bbox 477 1099 626 1168; x_wconf 82' lang='lat' dir='ltr'><strong>textum,</strong></span> <span class='ocrx_word' id='word_1_79' title='bbox 656 1098 687 1151; x_wconf 85' lang='lat' dir='ltr'><strong>et</strong></span> <span class='ocrx_word' id='word_1_80' title='bbox 714 1091 950 1152; x_wconf 79' lang='lat' dir='ltr'><strong>manumissoris</strong></span> <span class='ocrx_word' id='word_1_81' title='bbox 978 1091 1138 1174; x_wconf 87' lang='lat' dir='ltr'><strong>epistolae</strong></span> <span class='ocrx_word' id='word_1_82' title='bbox 1160 1090 1285 1150; x_wconf 89' lang='lat' dir='ltr'><strong>scriban-</strong></span> 
     </span>
     <span class='ocr_line' id='line_1_11' title="bbox 189 1173 1284 1260; baseline -0.005 -22"><span class='ocrx_word' id='word_1_83' title='bbox 189 1188 264 1250; x_wconf 90' lang='lat' dir='ltr'><strong>tur;</strong></span> <span class='ocrx_word' id='word_1_84' title='bbox 299 1185 331 1238; x_wconf 88' lang='lat' dir='ltr'><strong>et</strong></span> <span class='ocrx_word' id='word_1_85' title='bbox 351 1184 461 1260; x_wconf 91' lang='lat' dir='ltr'><strong>postea</strong></span> <span class='ocrx_word' id='word_1_86' title='bbox 482 1175 642 1234; x_wconf 79' lang='lat' dir='ltr'><strong>Defensor</strong></span> <span class='ocrx_word' id='word_1_87' title='bbox 662 1184 694 1234; x_wconf 90' lang='lat' dir='ltr'><strong>et</strong></span> <span class='ocrx_word' id='word_1_88' title='bbox 722 1173 867 1235; x_wconf 88' lang='lat' dir='ltr'><strong>Curiales</strong></span> <span class='ocrx_word' id='word_1_89' title='bbox 888 1174 1010 1235; x_wconf 88' lang='lat' dir='ltr'><strong>civium</strong></span> <span class='ocrx_word' id='word_1_90' title='bbox 1036 1183 1071 1234; x_wconf 87' lang='lat' dir='ltr'><strong>et</strong></span> <span class='ocrx_word' id='word_1_91' title='bbox 1095 1173 1211 1254; x_wconf 87' lang='lat' dir='ltr'><strong>reliqui</strong></span> <span class='ocrx_word' id='word_1_92' title='bbox 1228 1196 1284 1234; x_wconf 87' lang='lat' dir='ltr'><strong>eam</strong></span> 
     </span>
     <span class='ocr_line' id='line_1_12' title="bbox 190 1257 753 1340; baseline -0.016 -16"><span class='ocrx_word' id='word_1_93' title='bbox 190 1260 433 1324; x_wconf 84' lang='lat' dir='ltr'><strong>subscribantur</strong></span> <span class='ocrx_word' id='word_1_94' title='bbox 455 1265 551 1337; x_wconf 88' lang='lat' dir='ltr'><strong>atque</strong></span> <span class='ocrx_word' id='word_1_95' title='bbox 575 1257 753 1340; x_wconf 80' lang='lat' dir='ltr'><strong>signentur.</strong></span> 
     </span>
    </p>
   </div>
   <div class='ocr_carea' id='block_1_3' title="bbox 245 1384 1238 1556">
    <p class='ocr_par' dir='ltr' id='par_1_3' title="bbox 245 1384 1238 1556">
     <span class='ocr_line' id='line_1_13' title="bbox 245 1384 1238 1476; baseline -0.004 -22"><span class='ocrx_word' id='word_1_96' title='bbox 245 1388 391 1476; x_wconf 85' lang='lat' dir='ltr'><strong>Epistola</strong></span> <span class='ocrx_word' id='word_1_97' title='bbox 413 1388 442 1447; x_wconf 89' lang='lat' dir='ltr'><strong>si</strong></span> <span class='ocrx_word' id='word_1_98' title='bbox 466 1387 566 1471; x_wconf 83' lang='lat' dir='ltr'><strong>aliqui</strong></span> <span class='ocrx_word' id='word_1_99' title='bbox 586 1407 650 1448; x_wconf 90' lang='lat' dir='ltr'><strong>rem</strong></span> <span class='ocrx_word' id='word_1_100' title='bbox 676 1384 836 1447; x_wconf 80' lang='lat' dir='ltr'><strong>Ecclesiae</strong></span> <span class='ocrx_word' id='word_1_101' title='bbox 860 1385 905 1446; x_wconf 88' lang='lat' dir='ltr'><strong>ad</strong></span> <span class='ocrx_word' id='word_1_102' title='bbox 925 1409 1017 1447; x_wconf 83' lang='lat' dir='ltr'><strong>usum</strong></span> <span class='ocrx_word' id='word_1_103' title='bbox 1046 1388 1193 1462; x_wconf 77' lang='lat' dir='ltr'><strong>habeant,</strong></span> <span class='ocrx_word' id='word_1_104' title='bbox 1213 1401 1238 1450; x_wconf 86' lang='lat' dir='ltr'><strong>et</strong></span> 
     </span>
     <span class='ocr_line' id='line_1_14' title="bbox 412 1469 1081 1556; baseline 0 -26"><span class='ocrx_word' id='word_1_105' title='bbox 412 1491 519 1532; x_wconf 87' lang='lat' dir='ltr'><strong>eorum</strong></span> <span class='ocrx_word' id='word_1_106' title='bbox 538 1469 762 1556; x_wconf 83' lang='lat' dir='ltr'><strong>proprietatem</strong></span> <span class='ocrx_word' id='word_1_107' title='bbox 777 1489 838 1551; x_wconf 83' lang='lat' dir='ltr'><strong>pro</strong></span> <span class='ocrx_word' id='word_1_108' title='bbox 864 1472 922 1531; x_wconf 84' lang='lat' dir='ltr'><strong>hoe</strong></span> <span class='ocrx_word' id='word_1_109' title='bbox 947 1471 1081 1532; x_wconf 85' lang='lat' dir='ltr'><strong>donent.</strong></span> 
     </span>
    </p>
   </div>
   <div class='ocr_carea' id='block_1_4' title="bbox 186 1581 1278 2744">
    <p class='ocr_par' dir='ltr' id='par_1_4' title="bbox 186 1581 1278 2744">
     <span class='ocr_line' id='line_1_15' title="bbox 273 1581 1274 1666; baseline 0.001 -17"><span class='ocrx_word' id='word_1_110' title='bbox 273 1583 428 1650; x_wconf 76' lang='lat' dir='ltr'><strong>XXXIX.</strong></span> <span class='ocrx_word' id='word_1_111' title='bbox 468 1581 608 1644; x_wconf 90' lang='lat' dir='ltr'><strong>Domino</strong></span> <span class='ocrx_word' id='word_1_112' title='bbox 632 1591 741 1644; x_wconf 89' lang='lat' dir='ltr'><strong>sancto</strong></span> <span class='ocrx_word' id='word_1_113' title='bbox 765 1591 797 1644; x_wconf 88' lang='lat' dir='ltr'><strong>et</strong></span> <span class='ocrx_word' id='word_1_114' title='bbox 826 1584 1013 1666; x_wconf 87' lang='lat' dir='ltr'><strong>apostolico.</strong></span> <span class='ocrx_word' id='word_1_115' title='bbox 1065 1589 1274 1650; x_wconf 87' lang='lat' dir='ltr'><strong>Domnoetin</strong></span> 
     </span>
     <span class='ocr_line' id='line_1_16' title="bbox 191 1665 1274 1750; baseline -0.002 -16"><span class='ocrx_word' id='word_1_116' title='bbox 191 1670 320 1734; x_wconf 85' lang='lat' dir='ltr'><strong>Christo</strong></span> <span class='ocrx_word' id='word_1_117' title='bbox 347 1667 429 1750; x_wconf 89' lang='lat' dir='ltr'><strong>patri</strong></span> <span class='ocrx_word' id='word_1_118' title='bbox 455 1665 505 1726; x_wconf 93' lang='lat' dir='ltr'><strong>illi</strong></span> <span class='ocrx_word' id='word_1_119' title='bbox 526 1667 687 1748; x_wconf 86' lang='lat' dir='ltr'><strong>Episcopo</strong></span> <span class='ocrx_word' id='word_1_120' title='bbox 716 1665 772 1724; x_wconf 90' lang='lat' dir='ltr'><strong>ille</strong></span> <span class='ocrx_word' id='word_1_121' title='bbox 797 1678 830 1726; x_wconf 90' lang='lat' dir='ltr'><strong>et</strong></span> <span class='ocrx_word' id='word_1_122' title='bbox 854 1667 973 1728; x_wconf 86' lang='lat' dir='ltr'><strong>coniux</strong></span> <span class='ocrx_word' id='word_1_123' title='bbox 1001 1691 1076 1730; x_wconf 90' lang='lat' dir='ltr'><strong>mea</strong></span> <span class='ocrx_word' id='word_1_124' title='bbox 1104 1671 1170 1730; x_wconf 85' lang='lat' dir='ltr'><strong>illa.</strong></span> <span class='ocrx_word' id='word_1_125' title='bbox 1215 1674 1274 1750; x_wconf 85' lang='lat' dir='ltr'><strong>Qua·</strong></span> 
     </span>
     <span class='ocr_line' id='line_1_17' title="bbox 189 1748 1272 1834; baseline -0.001 -19"><span class='ocrx_word' id='word_1_126' title='bbox 189 1765 283 1815; x_wconf 88' lang='lat' dir='ltr'><strong>tenus</strong></span> <span class='ocrx_word' id='word_1_127' title='bbox 305 1751 345 1812; x_wconf 93' lang='lat' dir='ltr'><strong>ad</strong></span> <span class='ocrx_word' id='word_1_128' title='bbox 367 1759 506 1810; x_wconf 89' lang='lat' dir='ltr'><strong>nostram</strong></span> <span class='ocrx_word' id='word_1_129' title='bbox 532 1748 722 1830; x_wconf 87' lang='lat' dir='ltr'><strong>petitionem</strong></span> <span class='ocrx_word' id='word_1_130' title='bbox 748 1759 851 1809; x_wconf 87' lang='lat' dir='ltr'><strong>vestra</strong></span> <span class='ocrx_word' id='word_1_131' title='bbox 880 1749 993 1810; x_wconf 89' lang='lat' dir='ltr'><strong>habuit</strong></span> <span class='ocrx_word' id='word_1_132' title='bbox 1017 1753 1122 1834; x_wconf 90' lang='lat' dir='ltr'><strong>pietas</strong></span> <span class='ocrx_word' id='word_1_133' title='bbox 1144 1764 1177 1814; x_wconf 89' lang='lat' dir='ltr'><strong>et</strong></span> <span class='ocrx_word' id='word_1_134' title='bbox 1199 1753 1272 1814; x_wconf 79' lang='lat' dir='ltr'><strong>herie-</strong></span> 
     </span>
     <span class='ocr_line' id='line_1_18' title="bbox 188 1829 1272 1917; baseline -0.004 -19"><span class='ocrx_word' id='word_1_135' title='bbox 188 1834 331 1898; x_wconf 83' lang='lat' dir='ltr'><strong>volentia</strong></span> <span class='ocrx_word' id='word_1_136' title='bbox 354 1844 389 1893; x_wconf 89' lang='lat' dir='ltr'><strong>ut</strong></span> <span class='ocrx_word' id='word_1_137' title='bbox 408 1832 527 1892; x_wconf 85' lang='lat' dir='ltr'><strong>locello</strong></span> <span class='ocrx_word' id='word_1_138' title='bbox 545 1831 654 1914; x_wconf 90' lang='lat' dir='ltr'><strong>aliquo</strong></span> <span class='ocrx_word' id='word_1_139' title='bbox 678 1829 841 1891; x_wconf 81' lang='lat' dir='ltr'><strong>Ecclesiae</strong></span> <span class='ocrx_word' id='word_1_140' title='bbox 865 1842 999 1910; x_wconf 85' lang='lat' dir='ltr'><strong>vestrae,</strong></span> <span class='ocrx_word' id='word_1_141' title='bbox 1023 1845 1226 1917; x_wconf 88' lang='lat' dir='ltr'><strong>nuncupante</strong></span> <span class='ocrx_word' id='word_1_142' title='bbox 1243 1837 1272 1894; x_wconf 91' lang='lat' dir='ltr'><strong>il-</strong></span> 
     </span>
     <span class='ocr_line' id='line_1_19' title="bbox 188 1912 1276 1996; baseline -0.005 -16"><span class='ocrx_word' id='word_1_143' title='bbox 188 1920 233 1994; x_wconf 93' lang='lat' dir='ltr'><strong>lo,</strong></span> <span class='ocrx_word' id='word_1_144' title='bbox 255 1919 352 1979; x_wconf 91' lang='lat' dir='ltr'><strong>situm</strong></span> <span class='ocrx_word' id='word_1_145' title='bbox 378 1916 409 1974; x_wconf 92' lang='lat' dir='ltr'><strong>in</strong></span> <span class='ocrx_word' id='word_1_146' title='bbox 432 1936 512 1996; x_wconf 81' lang='lat' dir='ltr'><strong>pago</strong></span> <span class='ocrx_word' id='word_1_147' title='bbox 534 1912 602 1990; x_wconf 90' lang='lat' dir='ltr'><strong>illo,</strong></span> <span class='ocrx_word' id='word_1_148' title='bbox 625 1935 721 1995; x_wconf 88' lang='lat' dir='ltr'><strong>quam</strong></span> <span class='ocrx_word' id='word_1_149' title='bbox 746 1913 802 1974; x_wconf 89' lang='lat' dir='ltr'><strong>ille</strong></span> <span class='ocrx_word' id='word_1_150' title='bbox 826 1936 882 1996; x_wconf 91' lang='lat' dir='ltr'><strong>pro</strong></span> <span class='ocrx_word' id='word_1_151' title='bbox 910 1918 1035 1976; x_wconf 89' lang='lat' dir='ltr'><strong>animae</strong></span> <span class='ocrx_word' id='word_1_152' title='bbox 1067 1941 1145 1979; x_wconf 85' lang='lat' dir='ltr'><strong>suae</strong></span> <span class='ocrx_word' id='word_1_153' title='bbox 1169 1919 1276 1980; x_wconf 89' lang='lat' dir='ltr'><strong>remedi-</strong></span> 
     </span>
     <span class='ocr_line' id='line_1_20' title="bbox 190 1994 1277 2083; baseline -0.005 -22"><span class='ocrx_word' id='word_1_154' title='bbox 190 2024 243 2062; x_wconf 89' lang='lat' dir='ltr'><strong>um</strong></span> <span class='ocrx_word' id='word_1_155' title='bbox 262 2001 301 2060; x_wconf 86' lang='lat' dir='ltr'><strong>ad</strong></span> <span class='ocrx_word' id='word_1_156' title='bbox 317 1999 462 2060; x_wconf 87' lang='lat' dir='ltr'><strong>Ecclesia</strong></span> <span class='ocrx_word' id='word_1_157' title='bbox 479 2006 582 2056; x_wconf 84' lang='lat' dir='ltr'><strong>vestra</strong></span> <span class='ocrx_word' id='word_1_158' title='bbox 603 1997 659 2055; x_wconf 90' lang='lat' dir='ltr'><strong>illa</strong></span> <span class='ocrx_word' id='word_1_159' title='bbox 684 1998 717 2056; x_wconf 92' lang='lat' dir='ltr'><strong>in</strong></span> <span class='ocrx_word' id='word_1_160' title='bbox 739 1994 862 2057; x_wconf 87' lang='lat' dir='ltr'><strong>honore</strong></span> <span class='ocrx_word' id='word_1_161' title='bbox 881 1998 988 2057; x_wconf 87' lang='lat' dir='ltr'><strong>Sancti</strong></span> <span class='ocrx_word' id='word_1_162' title='bbox 1006 2000 1098 2061; x_wconf 92' lang='lat' dir='ltr'><strong>illius</strong></span> <span class='ocrx_word' id='word_1_163' title='bbox 1120 2001 1277 2083; x_wconf 80' lang='lat' dir='ltr'><strong>delegavit,</strong></span> 
     </span>
     <span class='ocr_line' id='line_1_21' title="bbox 191 2078 1278 2164; baseline -0.005 -21"><span class='ocrx_word' id='word_1_164' title='bbox 191 2082 283 2144; x_wconf 91' lang='lat' dir='ltr'><strong>nobis</strong></span> <span class='ocrx_word' id='word_1_165' title='bbox 308 2081 345 2140; x_wconf 92' lang='lat' dir='ltr'><strong>ad</strong></span> <span class='ocrx_word' id='word_1_166' title='bbox 367 2078 572 2154; x_wconf 82' lang='lat' dir='ltr'><strong>heneficium,</strong></span> <span class='ocrx_word' id='word_1_167' title='bbox 592 2079 669 2138; x_wconf 90' lang='lat' dir='ltr'><strong>dum</strong></span> <span class='ocrx_word' id='word_1_168' title='bbox 689 2079 808 2162; x_wconf 88' lang='lat' dir='ltr'><strong>pariter</strong></span> <span class='ocrx_word' id='word_1_169' title='bbox 824 2080 1015 2158; x_wconf 78' lang='lat' dir='ltr'><strong>advivimuS,</strong></span> <span class='ocrx_word' id='word_1_170' title='bbox 1040 2093 1097 2143; x_wconf 90' lang='lat' dir='ltr'><strong>aut</strong></span> <span class='ocrx_word' id='word_1_171' title='bbox 1114 2084 1170 2164; x_wconf 90' lang='lat' dir='ltr'><strong>qui</strong></span> <span class='ocrx_word' id='word_1_172' title='bbox 1186 2105 1221 2143; x_wconf 78' lang='lat' dir='ltr'><strong>er</strong></span> <span class='ocrx_word' id='word_1_173' title='bbox 1236 2104 1278 2139; x_wconf 91' lang='lat' dir='ltr'><strong>no·</strong></span> 
     </span>
     <span class='ocr_line' id='line_1_22' title="bbox 187 2161 1277 2246; baseline -0.004 -20"><span class='ocrx_word' id='word_1_174' title='bbox 187 2167 237 2226; x_wconf 85' lang='lat' dir='ltr'><strong>bis</strong></span> <span class='ocrx_word' id='word_1_175' title='bbox 255 2185 330 2245; x_wconf 88' lang='lat' dir='ltr'><strong>pare</strong></span> <span class='ocrx_word' id='word_1_176' title='bbox 353 2185 411 2225; x_wconf 91' lang='lat' dir='ltr'><strong>suo</strong></span> <span class='ocrx_word' id='word_1_177' title='bbox 431 2161 582 2243; x_wconf 86' lang='lat' dir='ltr'><strong>suprestis</strong></span> <span class='ocrx_word' id='word_1_178' title='bbox 603 2161 712 2238; x_wconf 88' lang='lat' dir='ltr'><strong>fuerit,</strong></span> <span class='ocrx_word' id='word_1_179' title='bbox 735 2161 811 2222; x_wconf 90' lang='lat' dir='ltr'><strong>dum</strong></span> <span class='ocrx_word' id='word_1_180' title='bbox 836 2163 1014 2240; x_wconf 74' lang='lat' dir='ltr'><strong>advixerit,</strong></span> <span class='ocrx_word' id='word_1_181' title='bbox 1049 2167 1195 2226; x_wconf 71' lang='lat' dir='ltr'><strong>excolere</strong></span> <span class='ocrx_word' id='word_1_182' title='bbox 1216 2185 1277 2246; x_wconf 89' lang='lat' dir='ltr'><strong>per·</strong></span> 
     </span>
     <span class='ocr_line' id='line_1_23' title="bbox 189 2243 1276 2326; baseline -0.004 -20"><span class='ocrx_word' id='word_1_183' title='bbox 189 2248 326 2308; x_wconf 88' lang='lat' dir='ltr'><strong>misistis.</strong></span> <span class='ocrx_word' id='word_1_184' title='bbox 379 2247 422 2306; x_wconf 88' lang='lat' dir='ltr'><strong>Et</strong></span> <span class='ocrx_word' id='word_1_185' title='bbox 456 2266 513 2304; x_wconf 91' lang='lat' dir='ltr'><strong>nos</strong></span> <span class='ocrx_word' id='word_1_186' title='bbox 542 2243 679 2326; x_wconf 89' lang='lat' dir='ltr'><strong>pariter,</strong></span> <span class='ocrx_word' id='word_1_187' title='bbox 709 2243 798 2303; x_wconf 79' lang='lat' dir='ltr'><strong>iuxta</strong></span> <span class='ocrx_word' id='word_1_188' title='bbox 825 2245 913 2326; x_wconf 87' lang='lat' dir='ltr'><strong>quod</strong></span> <span class='ocrx_word' id='word_1_189' title='bbox 940 2249 1122 2324; x_wconf 79' lang='lat' dir='ltr'><strong>convenit,</strong></span> <span class='ocrx_word' id='word_1_190' title='bbox 1154 2257 1211 2306; x_wconf 90' lang='lat' dir='ltr'><strong>tam</strong></span> <span class='ocrx_word' id='word_1_191' title='bbox 1232 2267 1276 2326; x_wconf 91' lang='lat' dir='ltr'><strong>pro</strong></span> 
     </span>
     <span class='ocr_line' id='line_1_24' title="bbox 188 2327 1277 2412; baseline -0.006 -22"><span class='ocrx_word' id='word_1_192' title='bbox 188 2330 256 2412; x_wconf 90' lang='lat' dir='ltr'><strong>ipso</strong></span> <span class='ocrx_word' id='word_1_193' title='bbox 282 2351 341 2390; x_wconf 91' lang='lat' dir='ltr'><strong>usu</strong></span> <span class='ocrx_word' id='word_1_194' title='bbox 364 2349 460 2410; x_wconf 92' lang='lat' dir='ltr'><strong>quam</strong></span> <span class='ocrx_word' id='word_1_195' title='bbox 481 2348 539 2408; x_wconf 90' lang='lat' dir='ltr'><strong>pro</strong></span> <span class='ocrx_word' id='word_1_196' title='bbox 566 2327 689 2387; x_wconf 87' lang='lat' dir='ltr'><strong>animae</strong></span> <span class='ocrx_word' id='word_1_197' title='bbox 717 2327 907 2402; x_wconf 89' lang='lat' dir='ltr'><strong>remedium,</strong></span> <span class='ocrx_word' id='word_1_198' title='bbox 939 2329 1002 2387; x_wconf 89' lang='lat' dir='ltr'><strong>alio</strong></span> <span class='ocrx_word' id='word_1_199' title='bbox 1027 2331 1149 2390; x_wconf 89' lang='lat' dir='ltr'><strong>locello</strong></span> <span class='ocrx_word' id='word_1_200' title='bbox 1169 2350 1277 2387; x_wconf 89' lang='lat' dir='ltr'><strong>nuncu·</strong></span> 
     </span>
     <span class='ocr_line' id='line_1_25' title="bbox 188 2408 1277 2494; baseline -0.004 -23"><span class='ocrx_word' id='word_1_201' title='bbox 188 2421 285 2494; x_wconf 89' lang='lat' dir='ltr'><strong>pante</strong></span> <span class='ocrx_word' id='word_1_202' title='bbox 313 2412 369 2488; x_wconf 92' lang='lat' dir='ltr'><strong>sic,</strong></span> <span class='ocrx_word' id='word_1_203' title='bbox 399 2410 496 2471; x_wconf 88' lang='lat' dir='ltr'><strong>situm</strong></span> <span class='ocrx_word' id='word_1_204' title='bbox 522 2408 577 2484; x_wconf 90' lang='lat' dir='ltr'><strong>ihi,</strong></span> <span class='ocrx_word' id='word_1_205' title='bbox 603 2418 675 2491; x_wconf 91' lang='lat' dir='ltr'><strong>post</strong></span> <span class='ocrx_word' id='word_1_206' title='bbox 693 2418 837 2469; x_wconf 86' lang='lat' dir='ltr'><strong>nostrum</strong></span> <span class='ocrx_word' id='word_1_207' title='bbox 863 2409 1014 2471; x_wconf 81' lang='lat' dir='ltr'><strong>anabobus</strong></span> <span class='ocrx_word' id='word_1_208' title='bbox 1037 2414 1216 2487; x_wconf 78' lang='lat' dir='ltr'><strong>discessum,</strong></span> <span class='ocrx_word' id='word_1_209' title='bbox 1235 2431 1277 2468; x_wconf 87' lang='lat' dir='ltr'><strong>vo·</strong></span> 
     </span>
     <span class='ocr_line' id='line_1_26' title="bbox 187 2491 1275 2558; baseline -0.007 -2"><span class='ocrx_word' id='word_1_210' title='bbox 187 2497 238 2558; x_wconf 92' lang='lat' dir='ltr'><strong>bis</strong></span> <span class='ocrx_word' id='word_1_211' title='bbox 264 2495 318 2557; x_wconf 86' lang='lat' dir='ltr'><strong>vel</strong></span> <span class='ocrx_word' id='word_1_212' title='bbox 337 2491 573 2555; x_wconf 87' lang='lat' dir='ltr'><strong>successoribus</strong></span> <span class='ocrx_word' id='word_1_213' title='bbox 596 2491 709 2553; x_wconf 90' lang='lat' dir='ltr'><strong>vestris</strong></span> <span class='ocrx_word' id='word_1_214' title='bbox 734 2492 773 2550; x_wconf 91' lang='lat' dir='ltr'><strong>ad</strong></span> <span class='ocrx_word' id='word_1_215' title='bbox 792 2501 962 2552; x_wconf 86' lang='lat' dir='ltr'><strong>memorata</strong></span> <span class='ocrx_word' id='word_1_216' title='bbox 984 2495 1133 2556; x_wconf 88' lang='lat' dir='ltr'><strong>Ecclesia</strong></span> <span class='ocrx_word' id='word_1_217' title='bbox 1154 2493 1208 2553; x_wconf 86' lang='lat' dir='ltr'><strong>visi</strong></span> <span class='ocrx_word' id='word_1_218' title='bbox 1227 2492 1275 2550; x_wconf 87' lang='lat' dir='ltr'><strong>fui·</strong></span> 
     </span>
     <span class='ocr_line' id='line_1_27' title="bbox 190 2573 1274 2651; baseline -0.006 -13"><span class='ocrx_word' id='word_1_219' title='bbox 190 2601 261 2640; x_wconf 91' lang='lat' dir='ltr'><strong>mus</strong></span> <span class='ocrx_word' id='word_1_220' title='bbox 286 2577 495 2651; x_wconf 82' lang='lat' dir='ltr'><strong>condonasse,</strong></span> <span class='ocrx_word' id='word_1_221' title='bbox 518 2596 555 2636; x_wconf 89' lang='lat' dir='ltr'><strong>ea</strong></span> <span class='ocrx_word' id='word_1_222' title='bbox 583 2581 690 2634; x_wconf 88' lang='lat' dir='ltr'><strong>tamen</strong></span> <span class='ocrx_word' id='word_1_223' title='bbox 720 2573 906 2634; x_wconf 89' lang='lat' dir='ltr'><strong>conditione</strong></span> <span class='ocrx_word' id='word_1_224' title='bbox 933 2583 970 2634; x_wconf 93' lang='lat' dir='ltr'><strong>ut</strong></span> <span class='ocrx_word' id='word_1_225' title='bbox 993 2577 1073 2636; x_wconf 91' lang='lat' dir='ltr'><strong>dum</strong></span> <span class='ocrx_word' id='word_1_226' title='bbox 1096 2576 1274 2647; x_wconf 85' lang='lat' dir='ltr'><strong>advivimus,</strong></span> 
     </span>
     <span class='ocr_line' id='line_1_28' title="bbox 186 2655 1275 2744; baseline -0.009 -21"><span class='ocrx_word' id='word_1_227' title='bbox 186 2660 399 2744; x_wconf 88' lang='lat' dir='ltr'><strong>suprascripta</strong></span> <span class='ocrx_word' id='word_1_228' title='bbox 419 2657 500 2736; x_wconf 89' lang='lat' dir='ltr'><strong>loca,</strong></span> <span class='ocrx_word' id='word_1_229' title='bbox 524 2665 588 2716; x_wconf 88' lang='lat' dir='ltr'><strong>tam</strong></span> <span class='ocrx_word' id='word_1_230' title='bbox 612 2657 780 2736; x_wconf 88' lang='lat' dir='ltr'><strong>illaquam</strong></span> <span class='ocrx_word' id='word_1_231' title='bbox 801 2655 892 2715; x_wconf 92' lang='lat' dir='ltr'><strong>nobis</strong></span> <span class='ocrx_word' id='word_1_232' title='bbox 913 2660 1125 2736; x_wconf 83' lang='lat' dir='ltr'><strong>praestitistis,</strong></span> <span class='ocrx_word' id='word_1_233' title='bbox 1144 2679 1230 2740; x_wconf 88' lang='lat' dir='ltr'><strong>quam</strong></span> <span class='ocrx_word' id='word_1_234' title='bbox 1249 2664 1275 2715; x_wconf 89' lang='lat' dir='ltr'><strong>et</strong></span> 
     </span>
    </p>
   </div>
   <div class='ocr_carea' id='block_1_5' title="bbox 189 2739 1329 2826">
    <p class='ocr_par' dir='ltr' id='par_1_5' title="bbox 189 2739 1329 2826">
     <span class='ocr_line' id='line_1_29' title="bbox 189 2739 1329 2826; baseline -0.01 -19"><span class='ocrx_word' id='word_1_235' title='bbox 189 2767 225 2807; x_wconf 89' lang='lat' dir='ltr'><strong>ea</strong></span> <span class='ocrx_word' id='word_1_236' title='bbox 245 2744 333 2826; x_wconf 87' lang='lat' dir='ltr'><strong>quod</strong></span> <span class='ocrx_word' id='word_1_237' title='bbox 355 2765 412 2803; x_wconf 92' lang='lat' dir='ltr'><strong>nos</strong></span> <span class='ocrx_word' id='word_1_238' title='bbox 431 2761 490 2821; x_wconf 93' lang='lat' dir='ltr'><strong>pro</strong></span> <span class='ocrx_word' id='word_1_239' title='bbox 511 2740 633 2798; x_wconf 91' lang='lat' dir='ltr'><strong>animae</strong></span> <span class='ocrx_word' id='word_1_240' title='bbox 657 2749 781 2799; x_wconf 86' lang='lat' dir='ltr'><strong>nostrae</strong></span> <span class='ocrx_word' id='word_1_241' title='bbox 802 2739 980 2798; x_wconf 88' lang='lat' dir='ltr'><strong>remedium</strong></span> <span class='ocrx_word' id='word_1_242' title='bbox 1003 2743 1045 2803; x_wconf 92' lang='lat' dir='ltr'><strong>ad</strong></span> <span class='ocrx_word' id='word_1_243' title='bbox 1068 2741 1165 2824; x_wconf 86' lang='lat' dir='ltr'><strong>ipsam</strong></span> <span class='ocrx_word' id='word_1_244' title='bbox 1178 2740 1274 2800; x_wconf 87' lang='lat' dir='ltr'><strong>Eccle-</strong></span> <span class='ocrx_word' id='word_1_245' title='bbox 1328 2763 1329 2776; x_wconf 54' lang='lat'>¹</span> 
     </span>
    </p>
   </div>
   <div class='ocr_carea' id='block_1_6' title="bbox 186 2821 1275 3817">
    <p class='ocr_par' dir='ltr' id='par_1_6' title="bbox 186 2821 1275 3817">
     <span class='ocr_line' id='line_1_30' title="bbox 189 2821 1275 2907; baseline -0.007 -20"><span class='ocrx_word' id='word_1_246' title='bbox 189 2829 267 2888; x_wconf 92' lang='lat' dir='ltr'><strong>siam</strong></span> <span class='ocrx_word' id='word_1_247' title='bbox 296 2825 534 2907; x_wconf 83' lang='lat' dir='ltr'><strong>delegavimus,</strong></span> <span class='ocrx_word' id='word_1_248' title='bbox 567 2821 684 2902; x_wconf 91' lang='lat' dir='ltr'><strong>absque</strong></span> <span class='ocrx_word' id='word_1_249' title='bbox 712 2821 781 2880; x_wconf 91' lang='lat' dir='ltr'><strong>ullo</strong></span> <span class='ocrx_word' id='word_1_250' title='bbox 808 2821 1008 2902; x_wconf 91' lang='lat' dir='ltr'><strong>praeiudicio</strong></span> <span class='ocrx_word' id='word_1_251' title='bbox 1033 2824 1195 2885; x_wconf 89' lang='lat' dir='ltr'><strong>Ecclesiae</strong></span> <span class='ocrx_word' id='word_1_252' title='bbox 1217 2843 1275 2880; x_wconf 82' lang='lat' dir='ltr'><strong>ves-</strong></span> 
     </span>
     <span class='ocr_line' id='line_1_31' title="bbox 187 2901 1275 2984; baseline -0.01 -13"><span class='ocrx_word' id='word_1_253' title='bbox 187 2922 255 2972; x_wconf 87' lang='lat' dir='ltr'><strong>trae</strong></span> <span class='ocrx_word' id='word_1_254' title='bbox 279 2909 348 2969; x_wconf 89' lang='lat' dir='ltr'><strong>sine</strong></span> <span class='ocrx_word' id='word_1_255' title='bbox 374 2908 440 2966; x_wconf 90' lang='lat' dir='ltr'><strong>ulla</strong></span> <span class='ocrx_word' id='word_1_256' title='bbox 463 2903 678 2966; x_wconf 90' lang='lat' dir='ltr'><strong>diminutione</strong></span> <span class='ocrx_word' id='word_1_257' title='bbox 695 2901 734 2964; x_wconf 91' lang='lat' dir='ltr'><strong>de</strong></span> <span class='ocrx_word' id='word_1_258' title='bbox 756 2901 899 2984; x_wconf 86' lang='lat' dir='ltr'><strong>qualibet</strong></span> <span class='ocrx_word' id='word_1_259' title='bbox 921 2925 956 2965; x_wconf 90' lang='lat' dir='ltr'><strong>re</strong></span> <span class='ocrx_word' id='word_1_260' title='bbox 978 2905 1210 2968; x_wconf 88' lang='lat' dir='ltr'><strong>usufructuario</strong></span> <span class='ocrx_word' id='word_1_261' title='bbox 1234 2923 1275 2961; x_wconf 90' lang='lat' dir='ltr'><strong>or·</strong></span> 
     </span>
     <span class='ocr_line' id='line_1_32' title="bbox 189 2987 1275 3070; baseline -0.01 -18"><span class='ocrx_word' id='word_1_262' title='bbox 189 2992 265 3052; x_wconf 87' lang='lat' dir='ltr'><strong>diue</strong></span> <span class='ocrx_word' id='word_1_263' title='bbox 294 2989 457 3070; x_wconf 90' lang='lat' dir='ltr'><strong>possidere</strong></span> <span class='ocrx_word' id='word_1_264' title='bbox 494 2987 683 3059; x_wconf 88' lang='lat' dir='ltr'><strong>debeamus,</strong></span> <span class='ocrx_word' id='word_1_265' title='bbox 714 2995 747 3046; x_wconf 88' lang='lat' dir='ltr'><strong>et</strong></span> <span class='ocrx_word' id='word_1_266' title='bbox 778 2995 849 3067; x_wconf 89' lang='lat' dir='ltr'><strong>post</strong></span> <span class='ocrx_word' id='word_1_267' title='bbox 875 2996 1041 3067; x_wconf 90' lang='lat' dir='ltr'><strong>nostrum,</strong></span> <span class='ocrx_word' id='word_1_268' title='bbox 1074 3000 1111 3049; x_wconf 92' lang='lat' dir='ltr'><strong>ut</strong></span> <span class='ocrx_word' id='word_1_269' title='bbox 1139 2987 1275 3056; x_wconf 80' lang='lat' dir='ltr'><strong>diximus,</strong></span> 
     </span>
     <span class='ocr_line' id='line_1_33' title="bbox 189 3068 1272 3152; baseline -0.009 -20"><span class='ocrx_word' id='word_1_270' title='bbox 189 3072 341 3132; x_wconf 89' lang='lat' dir='ltr'><strong>ambobus</strong></span> <span class='ocrx_word' id='word_1_271' title='bbox 363 3070 554 3146; x_wconf 89' lang='lat' dir='ltr'><strong>discessum,</strong></span> <span class='ocrx_word' id='word_1_272' title='bbox 584 3069 725 3152; x_wconf 85' lang='lat' dir='ltr'><strong>praefata</strong></span> <span class='ocrx_word' id='word_1_273' title='bbox 744 3069 813 3128; x_wconf 90' lang='lat' dir='ltr'><strong>loca</strong></span> <span class='ocrx_word' id='word_1_274' title='bbox 838 3068 957 3149; x_wconf 87' lang='lat' dir='ltr'><strong>absque</strong></span> <span class='ocrx_word' id='word_1_275' title='bbox 981 3072 1049 3131; x_wconf 91' lang='lat' dir='ltr'><strong>ulla</strong></span> <span class='ocrx_word' id='word_1_276' title='bbox 1073 3072 1135 3130; x_wconf 89' lang='lat' dir='ltr'><strong>alia</strong></span> <span class='ocrx_word' id='word_1_277' title='bbox 1157 3088 1272 3130; x_wconf 86' lang='lat' dir='ltr'><strong>renova-</strong></span> 
     </span>
     <span class='ocr_line' id='line_1_34' title="bbox 188 3149 1271 3237; baseline -0.009 -22"><span class='ocrx_word' id='word_1_278' title='bbox 188 3165 231 3232; x_wconf 91' lang='lat' dir='ltr'><strong>ta,</strong></span> <span class='ocrx_word' id='word_1_279' title='bbox 254 3165 290 3214; x_wconf 87' lang='lat' dir='ltr'><strong>ut</strong></span> <span class='ocrx_word' id='word_1_280' title='bbox 312 3175 378 3213; x_wconf 90' lang='lat' dir='ltr'><strong>mos</strong></span> <span class='ocrx_word' id='word_1_281' title='bbox 399 3153 500 3213; x_wconf 87' lang='lat' dir='ltr'><strong>estin</strong></span> <span class='ocrx_word' id='word_1_282' title='bbox 523 3150 668 3226; x_wconf 89' lang='lat' dir='ltr'><strong>caeteris,</strong></span> <span class='ocrx_word' id='word_1_283' title='bbox 689 3150 833 3232; x_wconf 89' lang='lat' dir='ltr'><strong>precaria</strong></span> <span class='ocrx_word' id='word_1_284' title='bbox 854 3172 913 3232; x_wconf 89' lang='lat' dir='ltr'><strong>per</strong></span> <span class='ocrx_word' id='word_1_285' title='bbox 934 3151 1017 3216; x_wconf 87' lang='lat' dir='ltr'><strong>haue</strong></span> <span class='ocrx_word' id='word_1_286' title='bbox 1041 3153 1202 3237; x_wconf 89' lang='lat' dir='ltr'><strong>epistolam</strong></span> <span class='ocrx_word' id='word_1_287' title='bbox 1218 3149 1271 3208; x_wconf 88' lang='lat' dir='ltr'><strong>abs·</strong></span> 
     </span>
     <span class='ocr_line' id='line_1_35' title="bbox 188 3231 1269 3320; baseline -0.009 -24"><span class='ocrx_word' id='word_1_288' title='bbox 188 3260 251 3320; x_wconf 90' lang='lat' dir='ltr'><strong>que</strong></span> <span class='ocrx_word' id='word_1_289' title='bbox 280 3235 380 3298; x_wconf 88' lang='lat' dir='ltr'><strong>ullius</strong></span> <span class='ocrx_word' id='word_1_290' title='bbox 405 3235 561 3295; x_wconf 88' lang='lat' dir='ltr'><strong>heredum</strong></span> <span class='ocrx_word' id='word_1_291' title='bbox 587 3243 769 3292; x_wconf 87' lang='lat' dir='ltr'><strong>nostrorum</strong></span> <span class='ocrx_word' id='word_1_292' title='bbox 796 3243 850 3293; x_wconf 91' lang='lat' dir='ltr'><strong>aut</strong></span> <span class='ocrx_word' id='word_1_293' title='bbox 875 3233 1098 3319; x_wconf 89' lang='lat' dir='ltr'><strong>cuiuscunque</strong></span> <span class='ocrx_word' id='word_1_294' title='bbox 1119 3231 1269 3296; x_wconf 89' lang='lat' dir='ltr'><strong>contrarie-</strong></span> 
     </span>
     <span class='ocr_line' id='line_1_36' title="bbox 188 3311 1266 3400; baseline -0.006 -20"><span class='ocrx_word' id='word_1_295' title='bbox 188 3330 251 3380; x_wconf 86' lang='lat' dir='ltr'><strong>tate</strong></span> <span class='ocrx_word' id='word_1_296' title='bbox 276 3318 329 3380; x_wconf 83' lang='lat' dir='ltr'><strong>vel</strong></span> <span class='ocrx_word' id='word_1_297' title='bbox 357 3327 521 3400; x_wconf 73' lang='lat' dir='ltr'><strong>expectata</strong></span> <span class='ocrx_word' id='word_1_298' title='bbox 547 3315 718 3376; x_wconf 89' lang='lat' dir='ltr'><strong>traditione</strong></span> <span class='ocrx_word' id='word_1_299' title='bbox 742 3336 798 3376; x_wconf 83' lang='lat' dir='ltr'><strong>vos</strong></span> <span class='ocrx_word' id='word_1_300' title='bbox 821 3311 873 3376; x_wconf 83' lang='lat' dir='ltr'><strong>vel</strong></span> <span class='ocrx_word' id='word_1_301' title='bbox 892 3339 1090 3380; x_wconf 89' lang='lat' dir='ltr'><strong>successores</strong></span> <span class='ocrx_word' id='word_1_302' title='bbox 1110 3316 1203 3380; x_wconf 85' lang='lat' dir='ltr'><strong>vestri</strong></span> <span class='ocrx_word' id='word_1_303' title='bbox 1223 3318 1266 3370; x_wconf 81' lang='lat' dir='ltr'><strong>aut</strong></span> 
     </span>
     <span class='ocr_line' id='line_1_37' title="bbox 188 3396 1266 3482; baseline -0.012 -21"><span class='ocrx_word' id='word_1_304' title='bbox 188 3413 318 3482; x_wconf 74' lang='lat' dir='ltr'><strong>agentes</strong></span> <span class='ocrx_word' id='word_1_305' title='bbox 349 3401 512 3462; x_wconf 87' lang='lat' dir='ltr'><strong>Ecclesiae</strong></span> <span class='ocrx_word' id='word_1_306' title='bbox 538 3400 571 3458; x_wconf 91' lang='lat' dir='ltr'><strong>in</strong></span> <span class='ocrx_word' id='word_1_307' title='bbox 602 3406 706 3460; x_wconf 84' lang='lat' dir='ltr'><strong>vestra</strong></span> <span class='ocrx_word' id='word_1_308' title='bbox 735 3398 856 3459; x_wconf 87' lang='lat' dir='ltr'><strong>faciatis</strong></span> <span class='ocrx_word' id='word_1_309' title='bbox 890 3421 1040 3462; x_wconf 84' lang='lat' dir='ltr'><strong>revocare</strong></span> <span class='ocrx_word' id='word_1_310' title='bbox 1073 3396 1266 3462; x_wconf 91' lang='lat' dir='ltr'><strong>dominatione</strong></span> 
     </span>
     <span class='ocr_line' id='line_1_38' title="bbox 186 3481 1267 3568; baseline -0.01 -23"><span class='ocrx_word' id='word_1_311' title='bbox 186 3485 417 3568; x_wconf 83' lang='lat' dir='ltr'><strong>perpetualiter</strong></span> <span class='ocrx_word' id='word_1_312' title='bbox 436 3481 675 3555; x_wconf 88' lang='lat' dir='ltr'><strong>dominandum,</strong></span> <span class='ocrx_word' id='word_1_313' title='bbox 698 3490 728 3540; x_wconf 88' lang='lat' dir='ltr'><strong>et</strong></span> <span class='ocrx_word' id='word_1_314' title='bbox 744 3491 850 3540; x_wconf 88' lang='lat' dir='ltr'><strong>nostra</strong></span> <span class='ocrx_word' id='word_1_315' title='bbox 870 3484 1024 3562; x_wconf 88' lang='lat' dir='ltr'><strong>possessio</strong></span> <span class='ocrx_word' id='word_1_316' title='bbox 1040 3484 1130 3544; x_wconf 89' lang='lat' dir='ltr'><strong>nullo</strong></span> <span class='ocrx_word' id='word_1_317' title='bbox 1148 3495 1267 3560; x_wconf 86' lang='lat' dir='ltr'><strong>unquam</strong></span> 
     </span>
     <span class='ocr_line' id='line_1_39' title="bbox 187 3563 1264 3650; baseline -0.006 -22"><span class='ocrx_word' id='word_1_318' title='bbox 187 3578 330 3650; x_wconf 88' lang='lat' dir='ltr'><strong>tempore</strong></span> <span class='ocrx_word' id='word_1_319' title='bbox 358 3565 485 3625; x_wconf 92' lang='lat' dir='ltr'><strong>nullum</strong></span> <span class='ocrx_word' id='word_1_320' title='bbox 516 3564 752 3646; x_wconf 86' lang='lat' dir='ltr'><strong>praeiudicium</strong></span> <span class='ocrx_word' id='word_1_321' title='bbox 778 3563 868 3624; x_wconf 87' lang='lat' dir='ltr'><strong>vobis</strong></span> <span class='ocrx_word' id='word_1_322' title='bbox 897 3585 937 3624; x_wconf 82' lang='lat' dir='ltr'><strong>ex</strong></span> <span class='ocrx_word' id='word_1_323' title='bbox 963 3566 1025 3626; x_wconf 92' lang='lat' dir='ltr'><strong>hoc</strong></span> <span class='ocrx_word' id='word_1_324' title='bbox 1049 3584 1194 3648; x_wconf 86' lang='lat' dir='ltr'><strong>generare</strong></span> <span class='ocrx_word' id='word_1_325' title='bbox 1214 3576 1264 3616; x_wconf 77' lang='lat' dir='ltr'><strong>non</strong></span> 
     </span>
     <span class='ocr_line' id='line_1_40' title="bbox 188 3644 1264 3730; baseline -0.015 -18"><span class='ocrx_word' id='word_1_326' title='bbox 188 3652 311 3712; x_wconf 87' lang='lat' dir='ltr'><strong>debeat.</strong></span> <span class='ocrx_word' id='word_1_327' title='bbox 352 3649 387 3710; x_wconf 90' lang='lat' dir='ltr'><strong>si</strong></span> <span class='ocrx_word' id='word_1_328' title='bbox 413 3648 485 3730; x_wconf 89' lang='lat' dir='ltr'><strong>quis</strong></span> <span class='ocrx_word' id='word_1_329' title='bbox 517 3668 611 3722; x_wconf 84' lang='lat' dir='ltr'><strong>vero,</strong></span> <span class='ocrx_word' id='word_1_330' title='bbox 643 3647 731 3728; x_wconf 88' lang='lat' dir='ltr'><strong>quod</strong></span> <span class='ocrx_word' id='word_1_331' title='bbox 758 3647 903 3706; x_wconf 86' lang='lat' dir='ltr'><strong>futurum</strong></span> <span class='ocrx_word' id='word_1_332' title='bbox 923 3669 989 3709; x_wconf 91' lang='lat' dir='ltr'><strong>esse</strong></span> <span class='ocrx_word' id='word_1_333' title='bbox 1021 3671 1083 3709; x_wconf 91' lang='lat' dir='ltr'><strong>non</strong></span> <span class='ocrx_word' id='word_1_334' title='bbox 1110 3644 1264 3712; x_wconf 86' lang='lat' dir='ltr'><strong>eredimus,</strong></span> 
     </span>
     <span class='ocr_line' id='line_1_41' title="bbox 190 3728 1266 3817; baseline -0.009 -23"><span class='ocrx_word' id='word_1_335' title='bbox 190 3755 247 3797; x_wconf 91' lang='lat' dir='ltr'><strong>uos</strong></span> <span class='ocrx_word' id='word_1_336' title='bbox 269 3731 346 3817; x_wconf 91' lang='lat' dir='ltr'><strong>ipsi,</strong></span> <span class='ocrx_word' id='word_1_337' title='bbox 369 3740 423 3791; x_wconf 90' lang='lat' dir='ltr'><strong>aut</strong></span> <span class='ocrx_word' id='word_1_338' title='bbox 445 3729 562 3810; x_wconf 88' lang='lat' dir='ltr'><strong>aliquis</strong></span> <span class='ocrx_word' id='word_1_339' title='bbox 583 3729 621 3788; x_wconf 89' lang='lat' dir='ltr'><strong>de</strong></span> <span class='ocrx_word' id='word_1_340' title='bbox 638 3728 811 3790; x_wconf 87' lang='lat' dir='ltr'><strong>heredibus</strong></span> <span class='ocrx_word' id='word_1_341' title='bbox 835 3729 962 3806; x_wconf 87' lang='lat' dir='ltr'><strong>nostris,</strong></span> <span class='ocrx_word' id='word_1_342' title='bbox 984 3732 1035 3790; x_wconf 85' lang='lat' dir='ltr'><strong>vel</strong></span> <span class='ocrx_word' id='word_1_343' title='bbox 1059 3729 1193 3813; x_wconf 89' lang='lat' dir='ltr'><strong>qnalibet</strong></span> <span class='ocrx_word' id='word_1_344' title='bbox 1209 3740 1266 3805; x_wconf 83' lang='lat' dir='ltr'><strong>per·</strong></span> 
     </span>
    </p>
   </div>
   <div class='ocr_carea' id='block_1_7' title="bbox 187 3804 1326 4315">
    <p class='ocr_par' dir='ltr' id='par_1_7' title="bbox 187 3804 1326 4315">
     <span class='ocr_line' id='line_1_42' title="bbox 189 3804 1264 3896; baseline -0.01 -18"><span class='ocrx_word' id='word_1_345' title='bbox 189 3838 265 3878; x_wconf 89' lang='lat' dir='ltr'><strong>sona</strong></span> <span class='ocrx_word' id='word_1_346' title='bbox 291 3825 402 3878; x_wconf 92' lang='lat' dir='ltr'><strong>contra</strong></span> <span class='ocrx_word' id='word_1_347' title='bbox 426 3813 509 3874; x_wconf 93' lang='lat' dir='ltr'><strong>hanc</strong></span> <span class='ocrx_word' id='word_1_348' title='bbox 529 3811 696 3893; x_wconf 90' lang='lat' dir='ltr'><strong>epistolam</strong></span> <span class='ocrx_word' id='word_1_349' title='bbox 720 3812 833 3872; x_wconf 79' lang='lat' dir='ltr'><strong>venire</strong></span> <span class='ocrx_word' id='word_1_350' title='bbox 858 3821 912 3870; x_wconf 87' lang='lat' dir='ltr'><strong>aut</strong></span> <span class='ocrx_word' id='word_1_351' title='bbox 937 3811 1062 3893; x_wconf 90' lang='lat' dir='ltr'><strong>aliquid</strong></span> <span class='ocrx_word' id='word_1_352' title='bbox 1089 3813 1126 3874; x_wconf 90' lang='lat' dir='ltr'><strong>de</strong></span> <span class='ocrx_word' id='word_1_353' title='bbox 1151 3811 1209 3890; x_wconf 87' lang='lat' dir='ltr'><strong>ipsa</strong></span> <span class='ocrx_word' id='word_1_354' title='bbox 1229 3804 1264 3896; x_wconf 79' lang='lat' dir='ltr'><strong>l⁰&#39;</strong></span> 
     </span>
     <span class='ocr_line' id='line_1_43' title="bbox 189 3893 1262 3975; baseline -0.014 -15"><span class='ocrx_word' id='word_1_355' title='bbox 189 3901 271 3960; x_wconf 91' lang='lat' dir='ltr'><strong>cella</strong></span> <span class='ocrx_word' id='word_1_356' title='bbox 291 3899 381 3961; x_wconf 83' lang='lat' dir='ltr'><strong>robis</strong></span> <span class='ocrx_word' id='word_1_357' title='bbox 405 3893 543 3956; x_wconf 89' lang='lat' dir='ltr'><strong>minuari</strong></span> <span class='ocrx_word' id='word_1_358' title='bbox 574 3903 629 3953; x_wconf 88' lang='lat' dir='ltr'><strong>aut</strong></span> <span class='ocrx_word' id='word_1_359' title='bbox 658 3894 785 3954; x_wconf 84' lang='lat' dir='ltr'><strong>auferre</strong></span> <span class='ocrx_word' id='word_1_360' title='bbox 807 3894 966 3972; x_wconf 85' lang='lat' dir='ltr'><strong>voluerit,</strong></span> <span class='ocrx_word' id='word_1_361' title='bbox 998 3917 1070 3956; x_wconf 90' lang='lat' dir='ltr'><strong>cum</strong></span> <span class='ocrx_word' id='word_1_362' title='bbox 1095 3905 1262 3975; x_wconf 72' lang='lat' dir='ltr'><strong>suprascrip</strong></span> 
     </span>
     <span class='ocr_line' id='line_1_44' title="bbox 189 3972 1262 4045; baseline -0.013 -1"><span class='ocrx_word' id='word_1_363' title='bbox 189 3992 222 4044; x_wconf 91' lang='lat' dir='ltr'><strong>to</strong></span> <span class='ocrx_word' id='word_1_364' title='bbox 246 3985 373 4044; x_wconf 91' lang='lat' dir='ltr'><strong>Domno</strong></span> <span class='ocrx_word' id='word_1_365' title='bbox 404 3981 462 4040; x_wconf 91' lang='lat' dir='ltr'><strong>illo</strong></span> <span class='ocrx_word' id='word_1_366' title='bbox 484 3988 556 4038; x_wconf 88' lang='lat' dir='ltr'><strong>ante</strong></span> <span class='ocrx_word' id='word_1_367' title='bbox 593 3976 735 4037; x_wconf 90' lang='lat' dir='ltr'><strong>tribunal</strong></span> <span class='ocrx_word' id='word_1_368' title='bbox 764 3975 883 4036; x_wconf 89' lang='lat' dir='ltr'><strong>Christi</strong></span> <span class='ocrx_word' id='word_1_369' title='bbox 905 3976 1043 4038; x_wconf 89' lang='lat' dir='ltr'><strong>deducat</strong></span> <span class='ocrx_word' id='word_1_370' title='bbox 1071 3978 1217 4045; x_wconf 85' lang='lat' dir='ltr'><strong>rationes,</strong></span> <span class='ocrx_word' id='word_1_371' title='bbox 1238 3972 1262 4022; x_wconf 73' lang='lat' dir='ltr'><strong>et</strong></span> 
     </span>
     <span class='ocr_line' id='line_1_45' title="bbox 188 4043 1326 4147; baseline -0.019 -23"><span class='ocrx_word' id='word_1_372' title='bbox 188 4064 321 4147; x_wconf 89' lang='lat' dir='ltr'><strong>insuper</strong></span> <span class='ocrx_word' id='word_1_373' title='bbox 340 4065 457 4126; x_wconf 90' lang='lat' dir='ltr'><strong>inferat</strong></span> <span class='ocrx_word' id='word_1_374' title='bbox 483 4061 625 4146; x_wconf 91' lang='lat' dir='ltr'><strong>partibus</strong></span> <span class='ocrx_word' id='word_1_375' title='bbox 646 4059 813 4121; x_wconf 82' lang='lat' dir='ltr'><strong>Ecclesiae</strong></span> <span class='ocrx_word' id='word_1_376' title='bbox 839 4066 963 4119; x_wconf 85' lang='lat' dir='ltr'><strong>restrae</strong></span> <span class='ocrx_word' id='word_1_377' title='bbox 987 4071 1124 4138; x_wconf 88' lang='lat' dir='ltr'><strong>tanturn,</strong></span> <span class='ocrx_word' id='word_1_378' title='bbox 1146 4065 1174 4118; x_wconf 92' lang='lat' dir='ltr'><strong>et</strong></span> <span class='ocrx_word' id='word_1_379' title='bbox 1189 4043 1259 4130; x_wconf 88' lang='lat' dir='ltr'><strong>quod</strong></span> <span class='ocrx_word' id='word_1_380' title='bbox 1325 4085 1326 4092; x_wconf 21' lang='grc' dir='ltr'><strong>κ</strong></span> 
     </span>
     <span class='ocr_line' id='line_1_46' title="bbox 187 4133 1259 4230; baseline -0.018 -21"><span class='ocrx_word' id='word_1_381' title='bbox 187 4148 305 4230; x_wconf 87' lang='lat' dir='ltr'><strong>repetit</strong></span> <span class='ocrx_word' id='word_1_382' title='bbox 336 4146 503 4208; x_wconf 82' lang='lat' dir='ltr'><strong>vindicare</strong></span> <span class='ocrx_word' id='word_1_383' title='bbox 528 4165 593 4204; x_wconf 92' lang='lat' dir='ltr'><strong>non</strong></span> <span class='ocrx_word' id='word_1_384' title='bbox 621 4144 742 4218; x_wconf 84' lang='lat' dir='ltr'><strong>valeat,</strong></span> <span class='ocrx_word' id='word_1_385' title='bbox 770 4141 826 4204; x_wconf 88' lang='lat' dir='ltr'><strong>sed</strong></span> <span class='ocrx_word' id='word_1_386' title='bbox 853 4162 1004 4221; x_wconf 89' lang='lat' dir='ltr'><strong>praesens</strong></span> <span class='ocrx_word' id='word_1_387' title='bbox 1030 4141 1156 4229; x_wconf 85' lang='lat' dir='ltr'><strong>epistola</strong></span> <span class='ocrx_word' id='word_1_388' title='bbox 1187 4133 1259 4195; x_wconf 80' lang='lat' dir='ltr'><strong>firma</strong></span> 
     </span>
     <span class='ocr_line' id='line_1_47' title="bbox 188 4222 1037 4315; baseline -0.007 -23"><span class='ocrx_word' id='word_1_389' title='bbox 188 4238 384 4315; x_wconf 82' lang='lat' dir='ltr'><strong>permaneat,</strong></span> <span class='ocrx_word' id='word_1_390' title='bbox 409 4225 617 4314; x_wconf 87' lang='lat' dir='ltr'><strong>stipulatione</strong></span> <span class='ocrx_word' id='word_1_391' title='bbox 638 4224 792 4290; x_wconf 84' lang='lat' dir='ltr'><strong>subnexa.</strong></span> <span class='ocrx_word' id='word_1_392' title='bbox 833 4222 950 4286; x_wconf 78' lang='lat' dir='ltr'><strong>Actum</strong></span> <span class='ocrx_word' id='word_1_393' title='bbox 969 4223 1037 4292; x_wconf 86' lang='lat' dir='ltr'><strong>illo.</strong></span> 
     </span>
    </p>
   </div>
   <div class='ocr_carea' id='block_1_8' title="bbox 0 0 1380 4994">
    <p class='ocr_par' dir='ltr' id='par_1_8' title="bbox 0 0 1380 4994">
     <span class='ocr_line' id='line_1_48' title="bbox 0 0 1380 4994; baseline 0 1"><span class='ocrx_word' id='word_1_394' title='bbox 0 0 1380 4994; x_wconf 95' lang='lat' dir='ltr'><strong> </strong></span> 
     </span>
    </p>
   </div>
  </div>
 </body>
</html>
