2786 4980
187 303 241 372 -30
413 319 443 372 l.
469 314 548 372 cns.
652 311 902 370 cnrrrnmnn.
1011 312 1076 386 aa..

192 463 236 523 mi
251 460 302 522 vel
315 457 455 522 ¹heredes
472 463 584 538 sponte
604 453 727 536 aliquid
747 452 862 515 offerre
875 451 1039 516 Ecclesiae
1070 453 1236 516 voluerint
1258 455 1295 514 in

192 546 393 626 eleemosyna
412 536 576 613 defuncti,
598 538 744 619 accipere
773 556 838 596 non
856 545 1017 598 vetamus:
1047 536 1114 618 peti
1137 558 1215 598 vero
1240 547 1298 598 snt

191 626 316 706 aliquid
333 623 420 704 exigi
437 619 622 680 omnimodo
642 618 867 701 prohibemus;
890 640 951 695 ne,
973 619 1061 701 qnod
1088 619 1182 680 valde
1204 619 1297 678 inre-

191 709 341 790 ligiosum
363 715 426 780 est,
449 701 664 776 autumatis,
685 703 774 782 quod
790 701 888 776 absit,
911 701 1036 762 dicetur
1052 699 1216 778 Ecclesia,
1240 709 1298 760 aut

191 791 232 852 de
256 787 405 849 humenis
434 784 588 845 mortibus
616 783 784 844 videamur
817 782 989 864 gratulari,
1011 782 1038 844 si
1068 780 1298 866 compendium

191 872 310 933 exinde
328 868 491 934 studemus
507 865 602 928 modo
621 865 767 949 quolibet
783 887 951 949 quaerere.

479 1051 821 1115 TITULUS
882 1050 1008 1116 Vlll.

336 1160 596 1233 Cosvrnrus
643 1187 746 1228 eron
791 1166 1149 1230 Aneenronirnn.

191 1289 260 1343 dcte
279 1287 331 1340 ista
350 1287 412 1340 ideo
433 1284 489 1356 huc
505 1284 634 1335 translata
650 1291 724 1346 sunt,
743 1269 810 1334 tic'ct
823 1281 852 1334 in
867 1281 958 1336 locum
980 1299 1036 1334 non
1055 1299 1144 1344 snum,
1165 1291 1197 1336 ut
1217 1284 1297 1355 primi

306 1361 407 1426 Regum
425 1363 575 1408 conventus
590 1354 626 1406 de
643 1371 711 1424 pace
734 1351 875 1404 tractanda
890 1371 944 1406 non
959 1351 1185 1420 distringerentur.

197 1462 313 1536 Anno
338 1461 548 1530 dominicae
571 1457 853 1527 Incarnationis
869 1473 1083 1540 Deccxtnl,
1111 1457 1298 1526 xv1.Ka-

201 1565 294 1632 lend.
315 1560 472 1648 Martii,
514 1557 783 1626 Lodhnnvicus
810 1567 845 1624 et
875 1555 1042 1628 Karoluc
1066 1555 1107 1626 in
1142 1556 1296 1626 civitate

204 1687 298 1752 qnae
316 1662 403 1729 olim
421 1656 636 1748 Argentaria
651 1654 878 1742 vocabatur,
905 1679 1003 1726 nurse
1018 1654 1142 1723 aetem
1163 1653 1297 1724 Straz·

203 1763 297 1849 burg
339 1759 450 1848 vulgo
494 1755 657 1840 dicitur,
695 1767 963 1840 conveneram
994 1764 1028 1821 el
1056 1766 1297 1824 sacramenta

204 1884 299 1953 quae
313 1856 437 1926 subter
457 1866 588 1923 notata
605 1865 691 1922 sent
702 1853 969 1924 Lodltuevicus
987 1853 1178 1938 Romana,
1205 1856 1298 1923 Ka-

188 1959 306 2040 4κοῖαι·
325 1979 414 2028 vero
447 1953 632 2022 Teedisca
657 1953 787 2042 lingua
803 1953 1020 2023 iuraverunt
1031 1977 1045 2036 ;
1070 1975 1117 2018 ac
1135 1951 1298 2022 sic'eute

198 2067 438 2126 sacramento
453 2053 718 2144 circumfusam
728 2049 873 2142 plebem
888 2049 982 2122 alter
1001 2049 1188 2138 Teutisoa,
1201 2054 1298 2122 alter

191 2157 376 2226 *Romana
398 2155 526 2240 lingua
545 2150 725 2241 alloqueti
740 2161 833 2222 sont.
868 2149 1137 2218 Lodheevices
1155 2163 1295 2238 aetem,

213 2337 214 2340 Ἴ
305 2255 393 2348 quia
409 2252 532 2322 maior
552 2261 644 2320 natu
655 2301 665 2337 ,
688 2249 801 2342 prior
816 2271 968 2318 exorsus
984 2250 1039 2316 sic
1058 2250 1189 2341 coepit.

199 2351 380 2486 Quotiens
401 2403 578 2470 Lodharius
603 2425 670 2480 me,
693 2401 826 2463 ethunc
850 2403 982 2462 fratrem
1008 2422 1115 2461 meum
1132 2411 1204 2484 post
1227 2398 1299 2460 obi·-

194 2503 264 2555 tum
278 2491 380 2554 Patris
401 2487 503 2550 nostri
524 2485 711 2547 insectando
726 2505 827 2566 usque
849 2485 888 2544 ed
909 2483 1167 2546 internecionem
1188 2482 1298 2542 delere

195 2584 329 2638 conatus
347 2573 404 2649 sit,
427 2570 538 2632 nostis.
580 2570 662 2628 Cum
679 2578 786 2628 autem
806 2587 866 2626 nec
888 2563 1070 2628 fraternitas
1088 2589 1148 2628 nec
1165 2564 1300 2625 Christi-

194 2660 318 2734 anitas,
341 2677 402 2717 nec
422 2651 593 2735 quodlibet
617 2650 795 2730 ingenium,
816 2649 901 2708 salva
919 2647 1050 2725 iustitia,
1074 2658 1110 2708 ut
1128 2669 1190 2731 pax
1212 2646 1301 2706 inter

194 2764 253 2802 nos
271 2747 371 2816 esset,
394 2738 547 2798 adiuvare
561 2740 683 2814 posset,
706 2732 835 2792 tandem
854 2731 956 2791 coacti
984 2750 1053 2790 rem
1074 2731 1115 2791 ud
1142 2729 1302 2790 iudicium

194 2820 424 2904 omnipotentis
443 2818 504 2878 Dei
525 2815 709 2891 detulimus,
731 2823 766 2872 ut
781 2834 838 2872 sno
855 2823 948 2890 nutu,
970 2813 1047 2895 quid
1064 2812 1184 2894 cuique
1203 2811 1302 2872 debe-

194 2917 302 2979 retur,
326 2900 470 2962 contenti
493 2918 646 2958 essemus:
668 2895 785 2976 inquo
802 2915 879 2968 nos,
901 2894 985 2956 sicut
1007 2895 1123 2970 nostis,
1155 2915 1214 2976 per
1238 2889 1302 2952 mi·

195 2983 403 3047 sericordiar'n
421 2981 482 3040 Dei
502 2980 638 3039 victores
657 2979 838 3052 extitimus,
861 2977 886 3034 is
903 2985 1009 3037 antem
1024 2976 1128 3037 victus
1140 2997 1205 3035 una
1227 2997 1303 3035 cnm

196 3069 345 3146 suisque
373 3062 485 3137 valuit,
508 3057 645 3124 secessit.
667 3061 750 3119 Hinc
765 3079 841 3119 vero
859 3060 1001 3118 fraterno
1020 3080 1127 3118 amore
1146 3056 1302 3140 correpti,

198 3168 326 3208 necnon
346 3156 377 3205 et
401 3165 499 3224 super
520 3141 677 3225 populum
698 3139 916 3201 Christianum
942 3141 1095 3220 compassi
1107 3138 1302 3223 ,persequi

198 3239 294 3309 atque
310 3228 419 3288 delere
442 3226 515 3284 illos
533 3223 710 3292 noluimus;
735 3223 788 3282 sed
806 3221 971 3297 hactenus,
990 3223 1075 3283 sicut
1090 3231 1123 3283 et
1143 3231 1252 3297 antea,
1270 3229 1304 3280 ut

195 3311 310 3374 saltem
328 3307 446 3370 deinde
472 3307 589 3388 cuique
609 3326 666 3365 sua
696 3305 815 3364 iustitia
842 3303 1034 3381 cederetur,
1069 3299 1303 3366 mandevimus.

197 3393 239 3454 At
254 3393 311 3453 ille
326 3390 460 3474 posthac
489 3410 555 3449 non
588 3395 757 3458 contentus
782 3385 902 3446 indicio
936 3386 1071 3465 divino,
1099 3387 1158 3446 sed
1189 3384 1305 3447 hostili

196 3495 296 3536 manu
317 3473 483 3533 iterumet
502 3491 552 3529 me
581 3479 613 3528 et
640 3489 728 3527 nunc
753 3469 885 3526 fratrem
916 3489 1023 3528 meum
1051 3467 1207 3550 persequi
1234 3489 1305 3528 non

198 3566 309 3619 cessat.
332 3557 469 3635 Insuper
491 3562 522 3612 et
534 3550 690 3634 populum
705 3559 850 3610 nostrum
866 3549 1043 3627 incendiis,
1065 3551 1205 3632 rapinis,
1228 3571 1305 3612 cae-

193 3641 357 3720 dibusque
396 3637 546 3697 devastat.
600 3633 817 3710 Quamobrem
853 3652 940 3691 nnnc
974 3632 1163 3692 necessitate
1198 3631 1305 3694 coacti

199 3721 419 3784 convenimus.
460 3719 501 3777 Et
521 3715 674 3796 quoniam
693 3736 749 3775 vos
767 3713 807 3774 de
828 3723 934 3772 nostra
948 3715 1054 3774 stabili
1076 3715 1139 3776 fide
1156 3736 1194 3775 ac
1213 3715 1305 3775 firma

198 3803 399 3865 fraternitate
418 3799 563 3860 dubitare
587 3796 764 3873 credimus,
783 3795 846 3854 hoc
868 3806 1103 3856 sacramentum
1129 3797 1219 3858 inter
1245 3817 1306 3856 nos

199 3889 544 3966 inconspectuvestro
566 3879 670 3938 iurare
691 3877 903 3942 decrevimus.
933 3878 1004 3936 Non
1022 3879 1171 3959 quelibet
1189 3878 1306 3960 iniqua
1364 3927 1367 3952 ,

200 3968 375 4051 cupiditate
395 3963 497 4024 illecti
517 3962 578 4020 hoc
593 3959 731 4040 agimus,
754 3959 810 4019 sed
832 3968 868 4018 ut
886 3958 1060 4036 certiores,
1082 3961 1108 4022 si
1133 3963 1223 4022 Deus
1249 3969 1312 4022 no·¹
1366 4015 1367 4036 3

200 4052 249 4112 bis
266 4057 374 4111 vestro
391 4044 550 4106 adiutorio
570 4041 712 4122 quietem
730 4039 873 4117 dederit,
896 4041 935 4102 de
962 4041 1126 4102 communi
1153 4045 1306 4124 profectu
1366 4047 1367 4056 ³

202 4133 307 4193 simus.
350 4128 385 4189 Si
403 4137 528 4201 autem,
550 4121 638 4204 quod
653 4121 749 4196 absit,
771 4131 1004 4185 sacramentnm
1019 4126 1108 4206 qnod
1123 4125 1218 4187 fratri
1233 4145 1306 4188 meo

202 4214 353 4274 inravero
371 4209 490 4286 violare
514 4223 773 4288 praesumpsero,
795 4203 834 4274 ab
858 4203 1041 4268 subditione
1060 4227 1150 4286 mea,
1173 4227 1303 4288 necnon
