2658 4978
190 301 263 376 146
437 317 564 372 nerra.
671 317 916 404 caerretanus
1016 322 1074 388 soa.

190 464 333 528 cundum
357 459 462 539 legem
488 477 682 539 componere
707 466 856 538 cogatur,
885 456 942 518 sed
964 457 1052 520 iuxta
1078 459 1157 542 quod
1175 461 1256 542 possi·

188 550 255 610 bile
278 546 382 606 visum
403 541 511 602 suerit.
554 543 583 600 ls
605 560 683 600 vcro
702 541 759 619 qui
782 550 905 600 tantum
924 542 1007 602 mala
1031 542 1182 602 voluntate
1203 564 1260 626 pee-

192 629 287 704 carit,
311 635 409 686 totam
427 624 508 703 legis
537 622 802 703 compositionem
823 632 965 704 cogatur¹
979 626 1148 688 exsolvere.

272 707 402 772 XXlll.
445 709 488 766 Ut
508 706 619 767 nullus
638 705 790 787 deinceps
809 706 842 765 in
864 700 967 788 regno
988 715 1093 768 nostro
1115 705 1262 766 mixturam

190 794 260 855 anri
284 792 336 852 vol
357 789 481 870 argenti
496 790 535 851 ad
552 788 757 848 rendendum
780 789 886 849 fecere
911 788 961 850 vel
989 791 1163 850 consentire
1186 810 1263 871 prae·

190 887 307 939 sumet:
331 883 368 932 ut
386 873 496 932 nullus
517 871 642 932 irblissa
658 871 760 930 sancti
783 870 938 952 Remigii,
961 871 1077 949 idest,
1098 873 1116 932 t
1134 870 1262 953 proximis

189 957 345 1022 Kalendis
364 954 535 1030 Octobris,
557 973 671 1012 aurum
695 953 745 1014 vel
762 963 930 1034 argentum
952 955 991 1016 ad
1011 953 1206 1016 vendendum
1222 953 1263 1014 vel

190 1041 380 1111 emendum,
405 1037 465 1096 nisi
481 1035 702 1118 purificatum,
726 1039 878 1116 proferat,
920 1035 1006 1108 Etsi
1015 1037 1092 1118 &quis
1109 1045 1174 1118 post
1193 1055 1263 1118 prae-

188 1125 267 1184 fatas
283 1119 444 1198 Kalendas
460 1119 611 1180 inventus
625 1119 724 1177 fucrit
738 1138 851 1178 aurum
866 1121 917 1181 vel
932 1129 1108 1202 argentum,
1128 1119 1176 1179 vel
1185 1116 1264 1200 quod-

190 1226 320 1285 cunque
341 1201 546 1262 fabricinium
567 1223 607 1260 cx
624 1221 702 1260 auro
730 1202 782 1261 vel
807 1213 940 1282 argento
961 1204 1118 1278 mixtum,
1150 1201 1264 1261 adven·

191 1289 335 1351 deudum
358 1286 407 1344 rel
426 1284 598 1344 emendum
613 1295 761 1362 portare,
793 1284 811 1342 d
835 1285 989 1347 ministris
1019 1283 1206 1366 reipublicae
1227 1281 1264 1362 ip·

193 1393 263 1432 sum
281 1368 368 1450 quod
387 1366 573 1448 portaverit,
597 1366 635 1425 ab
658 1388 696 1449 eo
714 1365 858 1443 tollatur,
871 1377 902 1426 et
918 1368 986 1448 ipse
1005 1390 1065 1451 per
1081 1366 1264 1438 fideiussores,

190 1455 217 1515 si
232 1474 283 1513 res
305 1462 337 1513 et
352 1448 512 1531 mancipia
529 1448 562 1508 in
581 1449 640 1510 illo
657 1448 809 1508 comitatu
827 1471 890 1510 uon
908 1450 1015 1528 babet,
1029 1450 1070 1510 ad
1084 1449 1265 1533 praesentiam

191 1544 332 1597 nostram
349 1555 423 1594 cum
439 1532 507 1614 ipso
528 1553 607 1591 auro
628 1531 678 1590 vel
696 1541 829 1611 argento
850 1533 1046 1609 adducatur,
1075 1543 1111 1592 ut
1133 1553 1185 1594 nos
1207 1531 1265 1590 inde

190 1617 451 1680 commendemus
466 1613 607 1694 qualiter
628 1613 797 1695 culpabilis
812 1613 1007 1677 iudicetur.»
1030 1615 1065 1676 Si
1088 1635 1162 1676 vero
1179 1634 1222 1674 res
1244 1620 1266 1672 ct

192 1699 353 1780 mancipia
371 1699 424 1758 vel
443 1695 580 1772 mobile,
601 1718 659 1778 per
678 1717 761 1776 quae
784 1695 934 1780 distringi
954 1699 985 1760 le
1010 1698 1106 1758 aliter
1122 1695 1224 1779 possit,
1242 1693 1265 1752 in

191 1783 261 1864 ipso
283 1780 436 1842 comitatu
450 1777 616 1855 habuerit,
638 1777 817 1840 secuudum
841 1781 948 1862 legem
969 1719 1010 1841 nd
1026 1789 1176 1841 ‘nostram
1198 1797 1267 1860 prae·

191 1862 329 1926 sentiam
343 1862 454 1923 venire
472 1863 630 1922 iubeatur.
672 1862 713 1920 Et
739 1861 764 1921 si
791 1863 864 1943 quis
891 1864 1047 1925 inventus
1074 1863 1170 1923 fuerit
1196 1880 1266 1920 sunu

191 1967 304 2007 aurum
323 1944 376 2005 vel
396 1954 582 2026 argentum,
605 1942 656 2002 vel
674 1943 894 2026 quodcunque
922 1945 1132 2008 fabricinium
1152 1967 1193 2008 ¹cr
1209 1962 1266 2001 auro

190 2030 243 2091 vel
260 2037 417 2108 argento,
439 2036 566 2108 portare
583 2026 621 2085 ad
638 2025 763 2085 fabrum
785 2036 820 2086 ut
838 2039 1005 2110 purgetur,
1023 2027 1205 2110 provideant
1223 2023 1267 2085 rei·

190 2111 340 2194 publicae
359 2109 496 2169 ministri
517 2131 557 2170 ne
578 2108 639 2168 hac
659 2109 826 2170 occasione
852 2111 890 2170 ab
913 2133 951 2171 eo
974 2113 1065 2192 quod
1084 2132 1174 2170 sunm
1192 2106 1268 2168 fuerit
1317 2145 1318 2156 1

190 2194 318 2254 tollant.
336 2192 433 2268 Quod
447 2191 473 2252 si
490 2190 640 2268 feceriut,
663 2191 751 2250 etad
774 2213 830 2251 nos
850 2193 925 2252 inde
949 2193 1138 2254 reclamatio
1157 2190 1266 2262 venerit,

191 2277 275 2337 sicut
293 2275 349 2335 ille
365 2274 558 2356 quitortum
575 2274 607 2334 in
625 2296 683 2335 suo
701 2274 855 2334 comitatu
875 2276 926 2334 vel
953 2276 1134 2337 ministerio
1158 2274 1265 2340 fecerit,

192 2360 225 2418 in
244 2367 353 2419 nostra
369 2357 420 2418 vel
438 2357 582 2417 fidelium
606 2365 788 2416 nostrorum
817 2359 996 2438 praesentia
1019 2355 1267 2438 culpabilisjiudi-

191 2441 325 2503 cabitur.
365 2439 470 2502 Faber
493 2459 569 2500 vero
592 2437 647 2517 qui
675 2448 745 2518 post
773 2443 930 2520 praefatas
956 2442 1122 2502 Kalendas
1149 2458 1267 2520 compro·

191 2525 285 2584 laetus
305 2523 408 2584 fuerit
422 2543 535 2582 aurum
550 2520 603 2581 vel
617 2531 786 2600 argentum
805 2523 845 2582 ad
874 2524 1086 2584 vendendum
1112 2523 1161 2584 vel
1182 2541 1268 2583 emen-

193 2607 270 2666 dum
287 2605 506 2680 adulterasse,
529 2603 580 2664 vel
603 2604 804 2679 misculasse,
828 2605 860 2664 in
885 2606 952 2666 illis
971 2607 1157 2688 regionibus
1174 2600 1268 2682 inqui·

191 2688 251 2749 hus
271 2687 390 2748 iudicia
411 2686 589 2748 secundum
616 2686 720 2766 legem
743 2688 918 2746 Romanam
943 2691 1175 2763 terminantur,
1201 2688 1269 2746 iuna

192 2771 281 2830 illam
303 2771 408 2849 legem
426 2769 597 2852 puniatur:
621 2768 653 2825 in
672 2768 742 2828 aliis
767 2781 874 2830 autem
897 2773 1089 2853 regionibus
1109 2770 1195 2850 regni
1217 2787 1272 2838 nos,

193 2853 234 2913 tri
254 2852 433 2914 secundum
454 2851 638 2933 Capitulare
655 2852 800 2931 regium,
823 2854 906 2913 sicut
920 2855 1031 2915 falsam
1052 2863 1205 2914 monetam
1217 2867 1268 2931 per·

192 2935 339 3007 cutiens,
361 2955 491 2993 manum
511 2932 631 3012 perdat.
673 2935 714 2992 Et
733 2934 817 2994 liber
839 2935 935 2996 homo
954 2938 1017 3018 qui·
1037 2937 1103 2998 boc
1126 2951 1268 2996 consense-

191 3018 252 3092 rit,
274 3017 357 3076 sicut
376 3014 410 3074 in
432 3017 574 3097 praefato
591 3016 951 3099 contineturCapitulo,
974 3021 1120 3079 bannum
1142 3027 1267 3082 nostrum,
1315 3011 1316 3018 ¹

193 3100 226 3158 id
252 3107 300 3158 cst
316 3097 435 3158 solidos
455 3099 638 3178 sexaginta,
656 3111 842 3178 componam
865 3103 1000 3163 colonus
1016 3103 1070 3166 vel
1088 3123 1207 3175 servus,
1227 3117 1268 3154 1¹11·

193 3181 252 3240 dus
265 3202 337 3239 cum
353 3179 450 3260 virgis
468 3179 657 3260 flagelletur.
700 3183 734 3240 Si
764 3203 842 3242 vero
873 3185 1009 3248 Iudaeus
1042 3185 1161 3260 fuerit,
1187 3181 1267 3264 ipsun

192 3262 281 3343 quod
299 3263 435 3321 mixtum
453 3262 647 3343 protulerit,
669 3264 800 3344 perdat;
823 3275 856 3325 et
872 3266 1018 3327 bannum
1036 3277 1188 3343 nostrum,
1206 3263 1269 3324 sicul

191 3355 335 3425 tempore
356 3343 640 3425 praedecessorum
663 3356 846 3407 nostrorum
877 3351 1080 3412 cousuetudo
1103 3350 1181 3426 fuit,
1201 3365 1267 3408 com·

190 3437 298 3509 ponat.
602 3468 606 3484 -
1182 3469 1186 3476 -

273 3507 401 3570 XXIV.
443 3507 535 3568 Utin
552 3529 654 3588 regno
669 3519 778 3570 nostro
795 3532 860 3571 non
879 3513 1016 3595 amplius
1039 3514 1192 3575 vendatur
1207 3508 1267 3569 libra

190 3592 259 3652 auri
279 3592 447 3674 purissime
467 3590 561 3665 cocti,
584 3590 647 3649 nisi
666 3590 839 3653 duodecim
851 3594 943 3656 libris
962 3597 1090 3678 argenti
1110 3592 1267 3656 de'noviset

187 3675 284 3734 meris
303 3673 455 3734 denariis.
471 3673 557 3733 lllud
571 3694 647 3733 vero
666 3696 780 3734 aurum
793 3679 881 3757 quod
896 3687 1025 3739 coctum
1039 3679 1170 3758 quidem
1182 3671 1266 3742 fuerit,

187 3757 246 3818 sed
268 3778 334 3817 non
358 3765 484 3818 tantum
505 3765 541 3816 ut
560 3776 600 3815 ex
615 3777 653 3815 eo
677 3757 867 3819 deauratura
883 3761 954 3821 ficri
978 3762 1095 3843 possit,
1128 3760 1203 3819 libra
1220 3771 1267 3812 una

188 3841 228 3900 de
250 3860 328 3899 auro
346 3839 508 3902 vendatur
525 3838 637 3899 decem
666 3838 758 3900 libris
787 3844 913 3924 argenti
940 3843 981 3903 de
1013 3845 1109 3905 novis
1137 3851 1167 3902 et
1193 3831 1267 3898 moris
1313 3887 1314 3908 ,

186 3921 338 3983 denariis.
381 3921 423 3981 Et
441 3921 633 3982 omnimodis
650 3921 843 4002 provideant
860 3933 925 3986 tem
938 3925 1093 3996 Comites,
1109 3943 1198 4005 quam
1211 3935 1267 3980 cae·

184 4005 247 4065 teri
267 4025 378 4065 omnes
402 4003 543 4064 ministri
569 4003 793 4085 reipublicae,
822 4028 864 4068 ne
897 4007 1007 4088 aliqua
1031 4007 1205 4070 adiectione
1227 3994 1267 4058 vel

182 4088 299 4149 fraude
321 4108 381 4169 per
397 4086 599 4147 occasionem
618 4087 743 4168 aliquid
758 4089 894 4170 amplius
921 4091 1104 4168 vendatur,
1137 4089 1214 4151 sieut
1239 4078 1267 4138 dt

185 4170 252 4230 suis
268 4168 447 4231 honoribus
470 4169 588 4230 volunt
607 4169 756 4252 gaudere.
809 4173 852 4232 Et
881 4173 1073 4255 quicunqne
1101 4172 1181 4233 hanc
1203 4181 1267 4228 eom·

184 4251 427 4314 mendationem
446 4261 587 4316 nostrum
607 4252 717 4336 aliquo
736 4253 869 4339 ingenio
888 4256 1052 4318 infirmare
1076 4256 1130 4319 vel
1143 4249 1266 4316 fraudate
