2746 4992
226 337 353 390 acm.
461 329 815 414 srounrmnconun
914 337 975 405 φο.
1124 313 1207 398 2371

179 475 234 535 Vl.
277 475 342 534 lam
366 475 468 552 dictus
492 472 687 547 Ililduinus,
715 472 754 530 ad
777 473 1035 540 cumnlnmsuae
1062 473 1194 534 damna·

99 561 298 634 tionis„ante
324 556 517 616 venerahilis
536 553 722 614 Herimanni
740 557 951 634 praesentiam
971 555 1116 631 veniens,
1140 575 1194 614 sn-

98 665 155 722 per
184 661 270 700 sacra
302 639 439 698 nefande
470 638 587 696 iuravit
620 636 707 715 quod
731 657 790 716 ego
821 636 957 700 Karolus
988 637 1204 718 Episcopiumv

96 729 283 804 Tungrense
304 721 462 790 dederim;
493 728 526 780 et
553 721 705 800 quosdam
731 739 769 778 ex
792 719 927 780 Clericis
959 730 989 782 et
1011 720 1115 782 Laicis
1142 719 1193 776 iu-

96 829 165 868 rare
193 803 356 884 compulit.
399 802 494 878 Quod
518 803 675 881 quamsit
699 800 880 876 absurdum,
902 824 1061 884 quamque
1087 802 1192 862 vitan·

97 891 181 966 dum,
204 885 335 966 sparsim
363 895 541 944 sanctarum
560 884 793 964 scripturarum
807 884 991 944 'testimonia
1009 885 1193 966 approbant.

179 969 253 1029 Vll.
296 969 488 1026 Memoratus
506 977 669 1046 praeterea
686 965 859 1026 llilduinus
874 988 933 1046 per
955 970 1115 1026 Domuum
1135 968 1196 1026 Ile-

99 1056 279 1114 rimaunum
303 1049 498 1129 Episcopum
520 1048 617 1108 tertio
640 1056 769 1108 vocatus
789 1049 828 1108 ad
854 1049 1027 1129 Synodum,
1050 1057 1086 1108 ut
1115 1070 1194 1109 con-

99 1147 146 1198 tra
165 1135 245 1193 haec
270 1152 352 1211 quae
380 1131 439 1192 sibi
463 1131 648 1190 obiciuntur
668 1130 894 1209 responderet,
923 1132 949 1192 si
978 1131 1091 1191 iustam
1118 1153 1195 1190 cnu-

103 1239 167 1280 sam
186 1215 329 1288 haberet,
350 1223 405 1280 aut
433 1211 458 1272 si
487 1235 550 1272 non
580 1222 695 1294 posset,
718 1215 885 1272 Canonum
911 1213 1065 1274 feriretur
1086 1214 1194 1294 spicu-

107 1303 154 1360 lis.
195 1296 259 1372 Qui
286 1295 436 1374 quoniam
461 1295 592 1378 quidem
619 1295 728 1356 venire
755 1293 892 1370 distulit,
921 1295 1036 1356 incidit
1063 1306 1194 1355 senten-

102 1383 175 1442 tiam
189 1377 345 1437 Bonifacii
357 1378 460 1459 Papae
478 1379 521 1435 ita
546 1376 703 1438 dicentis:
726 1373 843 1436 Probat
865 1397 944 1436 vera
962 1399 1026 1436 esse
1045 1379 1102 1436 illa
1115 1396 1193 1457 qnae

102 1463 246 1523 adversus
269 1480 300 1518 se
325 1459 410 1530 dicta
433 1472 517 1529 saint,
544 1463 599 1540 qrei
619 1459 663 1520 ad
683 1479 720 1516 eo
748 1456 941 1536 confutando
970 1459 1077 1518 adesse
1108 1461 1196 1517 mini-

98 1567 145 1605 me
169 1542 248 1606 vult.
312 1539 355 1602 Et
377 1563 415 1600 ne
448 1540 568 1600 dubitet
593 1540 679 1623 qriod
704 1537 917 1599 itaindieinm
941 1563 1053 1601 nocens
1074 1541 1204 1600 subter--

90 1627 178 1708 fagit
200 1621 460 1704 quemadmodum
488 1635 521 1680 ut
544 1625 726 1684 absolvatur
748 1622 804 1701 qui
826 1634 872 1680 est
893 1621 1040 1682 innocens
1065 1624 1194 1704 quaerit.

96 1709 141 1771 Et
160 1716 375 1788 postpauca:
400 1701 575 1785 Confitetur
594 1707 674 1763 enim
695 1703 734 1762 de
758 1703 899 1763 omnibus
919 1707 1059 1788 quisquis
1078 1705 1195 1764 subter-

90 1791 204 1872 fugere
242 1787 389 1846 iudicium
420 1806 512 1868 posse
549 1785 750 1845 dilationibus
780 1796 879 1865 putat.
929 1787 1009 1847 Item
1032 1787 1116 1868 ipse:
1159 1786 1196 1845 Si

98 1872 205 1930 adesse
232 1870 371 1950 voluerit,
389 1887 547 1949 praesens,
570 1869 598 1926 si
621 1865 765 1948 confidit,
790 1865 836 1924 ad
850 1867 973 1929 obieeta
994 1867 1192 1950 respondent.

101 1951 194 2035 Quod
219 1952 247 2008 si
264 1950 370 2008 adesse
395 1950 581 2026 neglexerit,
602 1949 783 2009 dilationem
809 1953 976 2010 sententiae
1000 1951 1038 2011 de
1057 1952 1206 2010 absentie.

99 2056 161 2097 non
182 2033 328 2092 lueretur.
392 2051 399 2072 ··
687 2069 689 2076 ι

178 2115 274 2177 Vlll.
318 2115 437 2175 Omnes
460 2121 524 2172 tam
544 2110 662 2172 Clerici
684 2133 780 2191 quam
800 2110 887 2172 Laici
914 2114 1114 2194 supradictae
1135 2116 1204 2176 Ec*

96 2197 215 2260 clasiae
233 2207 371 2257 nostram
391 2198 543 2256 adeuntes
562 2194 798 2269 sublimitatem,
820 2195 972 2256 luctuosis
992 2198 1124 2257 vocilius
1149 2198 1197 2256 in-

98 2289 279 2340 notuerunt
306 2279 392 2358 quod
423 2279 485 2336 iam
510 2288 699 2340 memoratus
729 2277 903 2338 Hilduinus
921 2301 998 2338 com
1020 2280 1084 2338 suis
1108 2301 1197 2359 prae-

96 2363 237 2422 donibus
265 2360 349 2420 bona
380 2361 509 2437 illorum
538 2359 692 2439 diripuit,
730 2380 921 2438 omnemque
945 2361 1076 2420 illorum
1098 2361 1198 2422 facul-

98 2453 199 2502 tatem
231 2452 261 2502 et
286 2443 518 2523 supellectilem
552 2442 699 2518 abstulit,
732 2439 814 2498 nihil
834 2441 898 2501 illis
923 2445 1075 2502 remansit
1111 2445 1196 2502 unde

97 2526 215 2586 saltem
238 2523 298 2584 sibi
315 2525 417 2584 victus
441 2523 660 2602 sufficientiam
681 2522 878 2587 adhiberent.
919 2525 1082 2585 Addentes
1103 2526 1197 2585 etiam

101 2609 133 2666 in
163 2606 339 2688 precibus,
361 2617 396 2665 ut
419 2615 523 2667 restro
545 2607 680 2667 consilio
707 2605 800 2664 crtins
830 2615 979 2685 ageretur
1002 2628 1042 2666 ne
1063 2608 1197 2688 amplias

98 2689 241 2771 praedae
255 2697 287 2747 et
300 2688 471 2770 direptioni
485 2697 643 2766 paterent;
668 2688 724 2748 sed
738 2687 802 2747 illis
822 2688 861 2745 ad
877 2688 1088 2748 ordinandum
1104 2689 1197 2748 darc-

99 2793 173 2831 mus
208 2768 397 2830 Pontificem
426 2771 618 2847 Richerum,
656 2789 752 2853 quem
785 2770 987 2829 concorditer
1020 2773 1196 2852 elegerunt,

99 2856 149 2914 De
174 2853 292 2933 quihus
309 2853 459 2914 videlicet
483 2853 629 2914 omnibus
656 2853 710 2912 hic
739 2851 944 2932 Capitulatim
973 2852 1100 2914 insertis
1125 2875 1197 2913 ves-

98 2946 190 2996 trum
212 2955 382 3017 precamur
404 2936 620 3014 pontificium,
643 2946 679 2995 ut
697 2941 828 3014 propter
848 2937 952 2994 Deum
983 2944 1015 2994 et
1042 2929 1196 3008 debitam,

97 3040 201 3098 quam
226 3017 315 3077 nohis
335 3017 470 3098 polliciti
493 3018 575 3094 estis,
598 3017 783 3078 fidelitatem
802 3037 860 3096 pro
874 3017 995 3076 viribus
1012 3019 1128 3078 exinde
1146 3018 1199 3076 ad-

99 3099 225 3161 iuvetis
245 3109 282 3158 ut
301 3109 409 3160 noster
425 3101 529 3159 honor
555 3099 587 3158 in
610 3098 792 3158 huiusmodi
814 3099 951 3178 negotiis
973 3102 1107 3180 amplius
1133 3122 1196 3160 non

101 3181 280 3259 decrescat,
302 3191 335 3242 et
350 3191 448 3243 status
466 3192 590 3242 sauctae
612 3181 673 3242 Dei
696 3179 858 3241 Ecclesiae
880 3178 1066 3244 stabiliatur.

310 3358 770 3421 .TlTULUS
836 3359 934 3421 111.

241 3479 457 3538 Pteron
499 3477 701 3538 Kinoai
743 3497 797 3537 ar
839 3477 1067 3546 Hrrnrcr.

100 3567 158 3676 In
180 3614 311 3675 nomine
332 3624 457 3676 sanctae
476 3623 506 3676 et
527 3615 710 3676 individuae
731 3613 906 3680 Trinitatis,
946 3615 1062 3677 Divina
1085 3624 1194 3702 propi.

99 3702 207 3760 tiante
222 3698 390 3757 clementia
406 3719 489 3756 anno
503 3698 689 3756 Dominicae
708 3697 1196 3768 lncarnationisDCCCCXXVI

100 3803 200 3840 anno·
213 3801 287 3839 vero
320 3781 410 3862 regni
437 3781 552 3838 Domni
581 3790 614 3839 et
635 3779 850 3860 gloriosissimi
878 3779 972 3859 Regis
996 3783 1206 3847 Francorum·

99 3861 366 3924 Occidentalium
386 3863 628 3925 KaroliXXlX.
651 3862 887 3942 redintegrante
910 3863 1026 3928 XXIV:
1057 3865 1194 3948 largiore
1259 3867 1263 3884 ¹

99 3964 184 4004 vero
200 3943 375 4004 hereditate
391 3944 566 4024 indeptaX.
581 3943 759 4005 indictione
780 3945 834 4006 lX.
846 3963 931 4003 anno
952 3965 1080 4026 quoque
1103 3953 1195 4032 regni

99 4025 226 4086 Domni
251 4033 282 4085 et
317 4024 618 4108 magnificentissimi
647 4026 741 4107 Regis
766 4028 962 4085 Francorum
981 4028 1196 4096 Orientalium

99 4105 251 4168 Heinrici
275 4108 387 4184 tertio,
408 4108 493 4167 inter
510 4107 593 4189 ipsos
610 4111 765 4188 praelatos
783 4106 949 4189 Principes
979 4112 1194 4178 unanimitatis

101 4198 235 4269 pactum
265 4211 300 4249 ac
325 4189 482 4252 societatis
513 4189 649 4250 amicitia
670 4189 811 4270 quaesita
842 4199 1031 4271 repertaque
1065 4199 1195 4259 exordia

100 4271 259 4354 sumpsit,
280 4281 375 4356 prout
391 4271 457 4351 risa
480 4281 553 4334 sunt
580 4271 799 4354 competentia.
854 4272 1082 4342 Convenerunt
1107 4281 1193 4348 enim
