2658 4978
197 357 327 413 acria.
436 353 811 407 atomi-itatitcoauat
916 351 981 422 soa
1088 342 1159 416 tto

73 523 118 564 sea
137 496 222 556 aliter
241 497 409 556 immutare
432 493 590 554 inventus¹
607 494 724 570 fuerit,
757 495 781 554 si
803 494 889 556 liber
912 495 1008 559 homo
1035 501 1150 578 fuerit,

71 589 192 645 bannum
209 587 376 653 nostram,
399 577 433 636 id
454 588 499 636 cst
516 624 524 651 ,
547 578 709 657 sexaginta
724 577 843 637 solidos
860 594 1046 661 componat;
1071 585 1156 644 colo-

71 688 118 725 nos
133 683 185 723 seu
207 683 336 738 servuS,
359 659 465 719 nudus
486 682 559 719 cum
579 661 676 740 virgis
698 659 890 738 llagclletur.

100 743 196 808 XXV.
218 745 259 802 Et
274 744 427 824 quoniam
443 741 474 799 iu
490 743 638 823 praelatis
649 741 804 821 Capitulis
818 743 1052 803 continctuvin
1069 745 1155 807 libro

69 829 157 904 tertio,
171 825 313 908 capitulo
324 847 412 902 txxv,
425 825 579 884 utnullus
590 826 659 884 sine
675 822 828 903 permissu
842 826 931 905 regio
942 827 1093 886 bruniam
1104 831 1156 890 vel

70 917 299 973 armaextraneo
316 908 390 968 dare
411 914 468 966 aut
478 907 618 967 vendere
634 918 825 986 praesumat,
839 918 871 969 et
884 909 917 966 in
937 911 1050 969 eodem
1062 911 1157 988 libro,

68 993 189 1076 capitulo
199 1013 243 1067 vi,
252 991 417 1072 designata
427 999 502 1048 sunt
510 990 578 1048 loca
586 987 677 1070 regni
688 1010 790 1070 usque
801 990 840 1048 ad
849 1012 930 1070 quae
943 991 1158 1073 negotiatores

67 1076 177 1137 hrunias
195 1083 227 1133 et
243 1095 330 1132 arma
348 1072 650 1132 advanundandum
661 1081 786 1152 portare
802 1081 834 1132 et
851 1074 992 1134 vendere
1008 1075 1157 1151 debeant,

69 1158 140 1241 quod
162 1157 186 1216 si
194 1155 331 1238 jinve'nti
348 1155 474 1216 fuerint
487 1154 572 1215 ultra
589 1161 754 1235 portantes
768 1165 822 1215 ant
844 1157 1092 1234 venundantes,
1122 1167 1159 1218 ut

68 1240 154 1302 omnis
181 1238 357 1300 substantia
389 1258 502 1296 eorum
533 1239 698 1296 auferatur
718 1237 755 1294 ab
778 1237 842 1314 eis,
874 1237 1006 1298 dimidia
1026 1240 1160 1319 quidem

66 1346 124 1407 pars
142 1321 284 1402 partibus
300 1320 431 1402 palatii,
455 1319 516 1379 alia
535 1341 613 1378 vero
629 1318 782 1378 medietas
803 1320 889 1379 inter
916 1322 1027 1382 Missos
1049 1322 1155 1404 regios

68 1408 300 1466 etinventorem
314 1403 493 1471 dividatur;
517 1401 593 1482 quia
613 1401 750 1481 peccatis
771 1403 886 1462 nostris
908 1403 1110 1485 exigentibus
1122 1405 1156 1463 in

67 1497 155 1548 nostra
174 1485 295 1546 vicinia
311 1485 500 1549 Norlmanni
522 1485 718 1561 deveniunt,
742 1495 774 1544 et
792 1485 838 1544 eis
854 1485 871 1544 ia
888 1488 1004 1546 nostris
1019 1486 1156 1547 bruniae

68 1583 93 1630 et
110 1591 189 1628 arma
207 1578 307 1649 atque
324 1566 439 1627 caballi
462 1576 515 1627 aut
535 1587 593 1648 pro
612 1567 835 1648 redemptione
864 1567 998 1646 dantur,
1021 1579 1076 1628 aut
1097 1589 1157 1650 pro

67 1652 144 1730 pretii
167 1651 346 1732 cupiditate
366 1649 615 1726 venundantur,
638 1671 786 1731 cumpro
807 1649 1032 1732 'redemptione
1053 1643 1157 1714 funins

67 1734 189 1794 hominis
202 1735 263 1794 ista
283 1733 460 1809 donantur,
483 1733 533 1792 vel
564 1753 622 1813 pro
647 1753 747 1813 pauco
778 1732 882 1813 pretio
908 1733 1156 1811 venundantur,

66 1839 114 1899 per
124 1817 183 1876 hoc
197 1815 359 1897 auxilinm
378 1815 445 1882 illia¹
462 1823 574 1874 contra
603 1836 660 1874 nos
682 1816 870 1894 praestitum
892 1825 923 1875 et
942 1817 1036 1897 regni
1056 1817 1156 1877 nostri

66 1899 221 1961 maximum
244 1899 284 1956 fit
309 1897 555 1973 detrimentum,
579 1907 610 1957 et
623 1899 743 1967 multae
757 1896 923 1958 Ecclesiae
943 1899 1006 1960 Dei
1028 1898 1158 1958 desiria

65 1993 167 2058 untur,
190 1991 221 2042 et
241 1979 472 2060 quamplurimi
491 1979 665 2040 Christiani
683 1980 937 2059 depraedantur,
960 1989 992 2040 et
1016 1981 1156 2040 faculta-

65 2076 102 2125 tes
115 2062 346 2124 ecclesiasticae
368 2072 399 2121 et
427 2062 517 2142 regni
537 2062 789 2135 dehauriuntur,
812 2071 983 2142 propterea
997 2085 1061 2121 una
1082 2084 1157 2122 cum

65 2169 206 2207 consensu
221 2155 320 2226 atque
343 2145 479 2204 consilio
499 2155 680 2204 nostrorum
702 2144 846 2203 fideliam
866 2143 1102 2221 constituimus,
1121 2154 1157 2205 ut

64 2231 235 2310 quicunque
254 2235 328 2306 post
350 2227 510 2308 proximas
540 2228 698 2286 Kalendas
725 2227 799 2284 lulii
823 2226 919 2286 huius
946 2228 1155 2288 duodecimae

65 2311 238 2378 lndictionis
252 2309 461 2370 Nortmannis
475 2331 672 2390 quocunque
694 2309 838 2389 ingeni0,
861 2309 914 2370 vel
934 2331 992 2391 pro
1010 2311 1157 2391 redemp-

63 2394 159 2470 tione,
182 2393 233 2454 vel
248 2413 310 2474 pro
330 2392 439 2472 aliquo
453 2393 575 2471 preti0,
598 2391 745 2449 bruniam
767 2392 817 2450 vel
836 2413 1049 2472 quaecunque
1070 2414 1156 2450 arma

64 2486 113 2535 ant
126 2477 285 2535 caballum
308 2473 492 2548 donaverit,
515 2475 597 2534 sicut
617 2474 760 2553 proditor
790 2473 908 2553 patriae
938 2484 969 2534 et
992 2475 1155 2553 expositor

64 2559 300 2628 Christianitatis
313 2557 361 2631 (ad
377 2557 589 2636 perditionem
606 2556 774 2637 gentilitati
793 2556 861 2615 sine
880 2557 947 2614 ulla
958 2557 1154 2616 retractione

64 2641 106 2699 vel
124 2642 345 2721 redemptione
365 2639 404 2698 de
425 2640 490 2700 vita
509 2648 686 2718 componat.
740 2639 836 2714 Quod
866 2639 973 2696 omnia
1006 2639 1154 2697 omnihus

65 2724 233 2784 citissimed
260 2721 366 2782 Missis
382 2722 496 2782 nostris
515 2733 547 2781 et
562 2721 738 2782 Coniitilius
756 2730 830 2780 nota
847 2720 939 2798 fiairi,
972 2742 1012 2780 ne
1040 2721 1078 2780 dc
1106 2721 1155 2802 ig-

49 2805 194 2864 -uorantia
217 2828 252 2866 sc
274 2825 426 2865 excusare
447 2804 574 2874 valeant
595 2806 634 2876 bl.
1036 2827 1037 2836 ¹

125 2888 252 2954 'Xlth
298 2889 341 2946 Ut
369 2908 523 2967 pagenses
548 2886 682 2961 Franci,
705 2886 760 2964 qui
790 2885 929 2945 caballos
954 2879 1155 2947 hahent'vel

63 2969 166 3030 hahere
188 2978 343 3052 possunt,
366 2991 439 3032 cum
457 2970 521 3029 suis
538 2970 726 3044 (Comitihus
746 2974 772 3045 c)
794 2971 825 3027 iu
853 2968 974 3027 hostem
1001 2978 1154 3050 perp-auh

63 3061 90 3111 et
109 3053 213 3114 nullus
232 3073 294 3136 per
311 3051 517 3128 violentiam,
540 3051 593 3110 vel
613 3075 668 3130 per
685 3052 816 3131 aliquod
838 3053 956 3110 maliun
978 3053 1155 3132 ingenium,

63 3144 109 3192 aut
137 3157 193 3216 per
222 3155 451 3217 quamcunque
485 3134 670 3209 (indebitam
704 3135 944 3214 oppressionem
966 3135 1011 3208 tl),
1040 3135 1157 3194 talibus

63 3217 181 3277 Francis
202 3241 279 3278 suas
296 3237 346 3276 res
366 3227 420 3276 aut
439 3217 576 3276 caballos
608 3217 739 3290 tollant,
765 3226 799 3273 ut
820 3216 942 3276 hostem
971 3221 1097 3292 lacere,
1127 3227 1160 3276 et

63 3299 174 3359 dchitos
193 3299 409 3383 paraveredos
428 3300 609 3376 secundam,
622 3301 786 3376 antiquam
802 3301 1073 3359 consuetudinem
1098 3321 1158 3358 no·

62 3378 103 3440 tis
116 3385 285 3443 exsolvere
304 3402 367 3439 non
388 3383 528 3464 possint,
553 3404 658 3463 neque
687 3384 799 3440 Comes
824 3401 928 3460 neque
956 3381 1073 3460 aliquis
1096 3381 1158 3438 mi-

63 3464 152 3523 nister
164 3467 377 3547 reipublicae.
419 3465 556 3542 Quodsi
584 3466 696 3525 fecisse
724 3464 839 3543 aliquis
873 3483 984 3522 eorum
1010 3485 1159 3542 compro-

61 3544 139 3606 batus
161 3549 273 3624 fuerit,
287 3549 332 3609 sic
351 3547 766 3630 hoc‘cogatur‘oomponere
783 3545 865 3604 sicut
883 3545 922 3605 de
938 3545 1004 3604 illis
1023 3553 1071 3604 est
1084 3567 1160 3604 con-

61 3627 193 3689 stitutum
209 3633 243 3690 in
261 3630 498 3713 Capitularihus
515 3631 615 3713 'regiis
631 3631 689 3712 qui
717 3637 835 3688 tortum
859 3627 893 3685 in
919 3649 978 3687 suo
1006 3625 1159 3687 comitatu

63 3712 104 3769 vel
125 3713 306 3774 ministerio
324 3713 458 3778 faciunt.
810 3735 812 3740 ’
991 3726 993 3730 ’

71 3859 376 3874 ——-—-=—-—

91 3941 119 4013 ὁ)
153 3945 188 3996 al.
207 3963 259 3999 ms.
286 3955 312 3994 et
333 3941 447 3996 adiutor
477 3945 572 3996 Genti·
747 3941 960 3994 Ecclesiasticus
996 3955 1064 3990 vero
1111 3947 1161 3988 aut

155 4016 224 4068 lium
254 4015 366 4066 eticonis.
407 4015 498 4082 Igitur
520 4017 572 4083 pro
630 4055 632 4058 .
747 4011 806 4063 Deo
824 4023 938 4064 sacrata
955 4021 1086 4079 perpetuo
1104 4008 1162 4058 exi-

154 4087 210 4136 tati
227 4083 381 4136 venditione
401 4097 426 4135 et
444 4103 514 4136 cusu
535 4097 573 4133 ta-
747 4081 786 4132 lio
805 4079 980 4136 damnentur,

154 4157 276 4206 uictoria
293 4155 412 4206 uolumus
431 4167 460 4205 ut
475 4153 572 4206 vendi·
678 4153 709 4213 c)
744 4151 780 4206 al.
800 4169 846 4202 nis.
865 4152 958 4201 armis.

156 4239 200 4276 tor
218 4223 251 4276 de
276 4227 331 4276 vita
350 4221 513 4294 couiponat,
545 4237 571 4274 et
677 4223 710 4292 d)
747 4221 781 4272 al.
808 4240 856 4272 ms.
892 4217 1068 4289 cupiditatem
1112 4227 1161 4267 aiat

155 4313 247 4348 ousncs
266 4295 307 4350 res
320 4297 377 4350 eius
396 4293 569 4370 infiscentur.
745 4291 953 4364 oppressionem.
