2746 4992
200 313 274 394 nst
396 332 430 387 n.
448 331 527 388 cua.
632 331 908 390 concussiones
1008 335 1069 403 ⁸77·

199 475 338 551 defluat,
366 480 462 553 atque
487 470 528 534 ad
537 469 691 532 interiora
707 473 776 534 eius
797 471 985 553 descendat,
1020 482 1054 535 et
1073 473 1178 536 cordis
1199 473 1276 538 illius
1349 447 1351 514 l

199 559 310 620 intime
329 563 489 640 penetret,
510 563 543 615 et
558 551 828 636 promissionibus,
856 575 934 637 quus
958 554 1067 640 adepti
1087 564 1164 617 sunt
1187 556 1279 620 ricto-

198 637 364 704 riosissimi
387 638 508 718 Reges,
538 636 636 718 gratia
657 646 713 697 tua
735 636 852 718 dignus
875 638 1051 709 efficiatum
1079 648 1234 720 quatenns
1254 650 1280 701 et

197 725 231 784 in
253 718 413 807 praesenti
430 717 538 779 seculo
553 717 693 780 feliciter
705 726 835 796 regnet,
849 728 882 779 et
900 721 941 782 ad
959 739 1071 781 eornm
1096 721 1280 782 consortium

197 803 384 868 incoelesti
409 799 707 882 regnoperveniat.
746 801 810 862 Per
828 801 1002 862 Dominum
1023 812 1170 879 nostrum
1188 803 1280 864 Iesum
1350 813 1351 822 ¹

196 887 362 950 Christum
382 882 486 944 lilium
509 889 619 958 tuum,
647 880 705 963 qni
729 889 846 941 uuctm
871 892 919 944 est
945 884 1018 944 oleo
1048 884 1190 947 laetitiae
1216 907 1281 966 pree

194 969 396 1032 consortibus
417 963 502 1040 suis,
529 972 561 1024 et
582 963 701 1026 virtute
733 962 837 1024 crucis
862 974 1035 1047 potestates
1058 967 1162 1029 aerias
1183 965 1282 1028 debel-

193 1053 283 1130 lavit,
304 1060 419 1113 tartara
442 1045 622 1125 destruxit,
649 1065 848 1129 regnumque
867 1045 988 1108 diaboli
1011 1048 1184 1132 superavit,
1205 1049 1282 1110 etad

192 1135 301 1197 coelos
320 1133 424 1194 victor
442 1128 596 1190 ascendit.
636 1127 674 1188 In
701 1128 793 1188 cuins
815 1147 913 1189 mann
936 1128 1072 1198 victoria
1094 1129 1282 1214 omnis‚glo

192 1219 261 1293 ria,
283 1225 316 1279 et
333 1221 472 1298 potestas
488 1210 677 1286 consistunt,
698 1219 732 1270 et
751 1218 857 1272 tecum
875 1210 959 1273 vivit
976 1219 1009 1272 et
1024 1224 1137 1296 regnat
1156 1215 1240 1274 Deus
1253 1212 1280 1272 in

192 1299 315 1362 unitate
333 1295 477 1360 eiusdem
493 1292 631 1376 Spiritus
647 1291 751 1356 sancti
765 1293 953 1376 peromuia
971 1295 1080 1358 secula
1101 1295 1281 1360 seculorum.

194 1382 308 1444 Amen.

426 1458 1064 1526 lurosrrrocononsn.

273 1569 416 1632 Coronet
429 1571 462 1625 te
474 1561 629 1624 Dominus
645 1583 764 1622 corona
784 1561 902 1642 gloriae
914 1572 1010 1643 atque
1030 1563 1173 1626 iustitiae
1190 1563 1281 1626 hono-

189 1674 225 1716 re
237 1662 270 1715 et
280 1671 378 1733 opere
387 1645 599 1716 fortitudinis;
623 1655 658 1704 ut
673 1665 733 1726 per
749 1643 892 1704 officium
905 1653 1030 1705 nostrae
1046 1646 1281 1725 benedictionis,

191 1757 265 1800 cnm
282 1734 344 1796 lide
356 1739 444 1794 recta
458 1737 491 1790 et
503 1724 674 1808 multiplici
689 1727 849 1787 bonorum
865 1747 1000 1808 operum
1011 1728 1130 1804 fructu,
1147 1729 1189 1788 ad
1203 1751 1282 1789 coro·

192 1839 266 1880 narn
290 1811 459 1900 pervenias
478 1809 570 1892 regni
592 1808 756 1891 perpetui,
779 1808 848 1891 ipso
866 1807 1023 1890 largiente
1046 1811 1139 1870 cuius
1160 1832 1281 1896 reguum

191 1912 223 1965 ct
243 1898 413 1985 imperium
431 1900 599 1980 permanet
619 1889 653 1950 in
675 1892 784 1953 secula
807 1890 999 1952 seculorum.
1040 1892 1155 1955 Amen.

442 2011 1051 2074 Senarusrssuurro.

275 2123 394 2204 Accipe
427 2125 615 2200 sceptrum,
657 2113 763 2195 regiae
796 2112 960 2194 potestatis
993 2113 1139 2195 insigne,
1172 2113 1281 2196 virgam

140 2263 143 2268 ,
193 2207 317 2271 scilicet
342 2211 461 2266 rectam
489 2197 598 2280 regni,
628 2196 749 2278 virgam
770 2193 911 2267 virtutis;
941 2217 1006 2276 qua
1027 2205 1059 2255 te
1082 2196 1187 2275 ipsum
1209 2197 1280 2257 bene

193 2311 306 2370 regas,
335 2293 476 2348 sanctam
496 2279 691 2355 Ecclesiam,
714 2277 871 2359 populum
895 2276 1048 2339 videlicet
1074 2278 1280 2338 Christianum

193 2373 254 2433 tibi
280 2393 297 2432 n
323 2371 393 2430 Deo
414 2363 624 2439 commissum,
645 2359 734 2442 regia
751 2359 869 2420 virtute
893 2359 931 2419 ab
955 2357 1106 2442 improbis
1128 2361 1279 2436 defendas,

194 2474 310 2538 pravos
329 2447 484 2530 corrigas,
514 2451 618 2506 rectos
641 2451 678 2502 ut
700 2441 785 2504 viam
805 2449 923 2502 rectam
948 2450 1059 2503 tenere
1083 2443 1204 2525 possint
1230 2452 1277 2502 tuo
1346 2499 1347 2503 ,

196 2535 357 2599 iuvamine
379 2531 520 2613 dirigas:
555 2534 711 2608 quatenns
738 2524 778 2585 de
803 2523 971 2606 temporali
996 2545 1097 2606 regno
1123 2525 1162 2586 ad
1190 2533 1279 2585 aeter·
1347 2539 1348 2544 ’

197 2642 275 2682 num
299 2635 436 2698 regnum
459 2609 642 2693 pervenias,
668 2607 736 2688 ipso
772 2605 944 2668 adiuvante
974 2605 1065 2668 cuius
1094 2626 1228 2688 regnum
1251 2613 1279 2664 et

197 2700 369 2786 imperinm
388 2695 458 2759 sine
485 2693 549 2752 fine
571 2698 735 2774 permanet
759 2687 793 2747 in
820 2689 929 2750 secula
954 2689 1146 2754 seculorum.
1177 2689 1277 2750 Amen.

496 2805 995 2867 Bsusnscrloues

279 2918 437 2982 Dominus
461 2916 550 2976 Deus
574 2909 788 2989 omnipotens,
808 2908 866 2990 qui
893 2908 975 2971 dixit
998 2910 1039 2971 ad
1057 2911 1199 2992 Moysem
1220 2930 1278 2970 ser·

198 3028 274 3070 vum
296 3023 407 3077 suurn,
427 3001 574 3077 Loquere
600 2991 640 3052 ad
665 2990 770 3051 Aaron
790 2992 922 3052 fratrem
948 3000 1054 3068 tuum,
1081 3002 1114 3053 et
1143 2993 1189 3052 ud
1207 2992 1277 3051 filius
1346 3057 1347 3062 η

199 3089 269 3151 eius
296 3085 419 3158 dicens,
439 3079 492 3138 Sic
517 3071 716 3136 benedicetis
733 3073 853 3154 populo
883 3094 980 3150 meo,
1007 3082 1041 3133 et
1066 3095 1126 3156 ego
1156 3072 1277 3136 benedi-

199 3190 267 3232 cum
292 3166 334 3242 ei,
356 3159 526 3224 benedicat
552 3157 622 3231 tibi,
647 3163 680 3215 et
705 3155 861 3215 custodiat
887 3164 929 3220 te.
969 3156 1082 3217 Amen.

281 3245 449 3313 Illuminet
474 3239 589 3302 faciem
621 3257 710 3300 suam
741 3257 838 3320 super
870 3243 915 3314 te,
948 3246 981 3300 et
1013 3239 1200 3300 misereatur
1228 3232 1276 3295 tui.

199 3336 454 3476 Ameilonvertat
467 3403 592 3466 vultum
605 3419 699 3462 snum
711 3397 750 3458 ad
762 3407 806 3476 te,
820 3407 852 3459 et
869 3389 969 3460 donet
979 3399 1036 3461 tibi
1048 3420 1168 3482 pacem.
1181 3399 1276 3458 Amen.

279 3491 441 3560 Extendat
462 3487 628 3547 dexteram
650 3500 724 3542 suae
751 3479 997 3559 benedictionis,
1016 3491 1048 3542 et
1075 3482 1212 3543 effundat
1234 3499 1276 3540 su·
1347 3491 1349 3548 t

144 3581 149 3597 ’
198 3589 313 3668 perte
347 3575 468 3635 donum
495 3588 569 3629 sune
595 3561 852 3647 propitiationis,
880 3572 913 3624 et
937 3563 1113 3624 circumdet
1139 3575 1170 3624 te
1203 3557 1276 3622 ielici

198 3683 291 3726 muro
312 3653 475 3720 custodiae
496 3669 571 3711 suun
592 3643 820 3732 protectionis,
847 3653 973 3705 sauctae
996 3645 1113 3706 Mariae
1133 3653 1165 3707 et
1189 3641 1276 3704 omni·

198 3771 253 3809 um
280 3742 471 3804 Sanctorum
494 3725 766 3792 intercedentibus
791 3726 921 3792 meritis.
962 3726 1074 3790 Amen.

277 3823 449 3902 Indulgent
471 3815 530 3876 tibi
552 3813 633 3872 mala
653 3808 759 3868 omniu
784 3830 866 3891 quae
893 3807 1026 3890 gessisti,
1048 3818 1081 3868 et
1101 3805 1215 3867 tribuat
1232 3800 1278 3863 tibi

199 3910 331 3995 gratiam
349 3913 382 3964 et
402 3894 654 3960 inisericordiam
683 3911 778 3969 quam
812 3889 980 3951 humiliter
1003 3888 1041 3948 ab
1069 3910 1108 3949 eo
1142 3886 1277 3966 deposcis,

196 3997 377 4068 liberetque
399 3994 432 4044 te
448 3980 487 4039 ab
504 3971 747 4038 adversitatibus
767 3971 891 4034 cunctis
907 3981 939 4031 et
956 3971 1102 4032 omnibns
1123 3968 1278 4031 visibilium

198 4090 230 4141 et
251 4066 465 4136 invisibilium
490 4058 694 4120 inimicorum
715 4052 849 4120 insidiis.
889 4053 1002 4114 Amen.

156 4209 157 4212 ,
278 4149 474 4231 blultiplicet
500 4144 587 4202 inte
612 4139 737 4218 copiam
766 4158 840 4197 suae
872 4135 1108 4199 benedictionis
1131 4144 1161 4198 et
1180 4127 1278 4194 confir¹

198 4249 264 4304 met
284 4239 319 4297 in
346 4252 402 4316 spe
421 4225 521 4340 Nregni
546 4220 705 4287 coelestis.
747 4219 858 4282 Amen.
