2658 4978
216 399 252 462 e.
269 393 348 456 eun
448 389 579 453 secun
596 387 816 470 rmneonuu
917 395 982 468 aaa.
1084 371 1157 450 tut

82 541 204 604 uestrum
223 552 424 601 communem
437 529 594 595 honorem
614 540 649 597 et
666 531 900 597 salvamentum
918 533 1158 618 atqueprolec·

80 631 152 696 tum,
172 619 260 682 etad
281 617 491 680 salvationem
510 637 547 678 ac
577 637 700 698 pacem.
718 615 891 680 Christiani
923 616 1036 701 populi
1065 616 1157 680 uobis

78 701 236 779 commissi,
258 702 312 762 isti
339 698 430 762 fratri
455 719 528 760 meo
553 698 674 760 Karolo
701 709 734 759 et
759 699 896 762 consilio
922 710 957 761 et
978 698 1100 760 anxilio
1121 699 1156 760 iu

74 807 138 847 uera
157 783 551 864 fraternitate,2quantnm
563 781 652 843 Dens
669 779 749 842 mihi
764 781 846 844 scire
867 790 900 844 et
911 802 1002 866 posse
1020 779 1158 858 dederit,

76 867 164 929 fidelis
182 867 309 928 adiutor
329 886 396 928 ero.
435 863 522 924 Etsi
541 864 739 926 Deusnobis
758 863 894 946 amplius
916 864 1021 930 nullane
1041 863 1081 926 de
1106 883 1158 926 rs·

76 951 134 1032 gnis
153 959 303 1030 nepotum
323 938 709 1024 nostrornmdonavarit,
731 956 764 1008 et
785 948 819 1008 in
840 947 1037 1030 acquirendo
1059 966 1095 1008 ue
1122 943 1157 1008 iu

75 1032 253 1108 dividendo,
277 1029 370 1092 sicuti
385 1029 459 1110 plus
482 1028 661 1110 aequaliter
678 1038 732 1089 aut
751 1049 809 1090 nos
829 1041 883 1090 aut
898 1030 997 1090 nostri
1015 1049 1158 1090 commu·

75 1135 121 1176 nes
136 1114 243 1174 fideles
261 1111 468 1187 invenerint,
488 1131 570 1190 quos
591 1111 752 1172 communi
770 1134 927 1173 consensu
952 1111 1157 1194 elegerimus,

75 1207 102 1258 et
122 1198 153 1256 in
175 1196 243 1276 ipsa
272 1193 429 1255 divisione
460 1192 710 1271 consentiendo,
740 1203 772 1254 et
799 1195 831 1252 in
861 1194 1035 1271 habendo,
1062 1203 1096 1256 et
1123 1191 1157 1253 in

74 1277 279 1339 conservando
295 1286 390 1359 atque
402 1275 618 1349 defendendo,
640 1286 702 1336 tam
712 1277 796 1338 istud
806 1277 894 1357 quod
904 1274 1159 1356 laabsrnusquam

74 1360 187 1442 etqnod
200 1359 341 1421 nobisdc
354 1357 510 1438 praelatis
520 1358 626 1440 regnis
635 1358 791 1420 Dominus
804 1359 1007 1436 concesserit,
1038 1357 1157 1440 absque

74 1442 226 1504 dolositate
261 1449 319 1502 unt
346 1440 536 1522 deceptione
559 1441 610 1503 vel
637 1443 920 1524 superabreptione
941 1440 991 1502 illi
1013 1440 1159 1502 sincerus

73 1524 277 1586 auxiliatoret
298 1533 491 1606 cooperator
512 1517 592 1597 ero,¹
619 1521 704 1585 sicut
729 1545 825 1584 uerus
851 1525 949 1582 irater
967 1543 1045 1584 vero
1068 1522 1158 1584 tratri

72 1615 260 1688 perrectum
285 1627 352 1666 esse
380 1605 490 1674 debon
520 1603 554 1663 in
580 1604 644 1667 hoe
671 1614 708 1665 ut
737 1605 803 1688 ipse
829 1604 979 1667 similiter
1005 1625 1081 1684 erga
1107 1623 1157 1665 me

72 1698 236 1750 conservet.
280 1687 538 1748 Mundehurdem
552 1698 659 1748 antem
674 1695 706 1748 et
726 1687 947 1750 defensionem
963 1685 1160 1748 sanctaello·

73 1791 168 1831 manae
183 1769 349 1833 Ecclesiae
375 1769 494 1850 pariter
510 1769 786 1840 conservabimus3
811 1771 844 1830 in
867 1768 929 1832 hoe
960 1776 996 1828 nt
1024 1767 1159 1830 Romani

72 1851 229 1914 Pontifices
251 1851 345 1912 nobis
365 1852 510 1914 debitum
534 1850 691 1913 honorem
708 1860 920 1926 conservent,
939 1850 1023 1914 sicut
1047 1870 1159 1912 curum

72 1943 274 1996 antecessores
292 1935 406 1995 nostris
427 1935 681 1998 antecessoribus
694 1941 979 1999 consumserunt
1021 1931 1093 1998 'Sit
1106 1949 1157 1998 ne

71 2014 145 2079 lleus
165 2017 296 2080 adiuvet
313 2024 346 2077 et
367 2015 417 2076 isti
427 2017 547 2080 Sancti.
968 2011 972 2018 ’

138 2097 295 2162 Similiter
313 2108 342 2160 et
361 2097 498 2159 Karalus
517 2093 718 2164 Hindouaico
737 2103 892 2182 promisit.
926 2173 930 2184 ,

315 2275 734 2342 strutus
811 2278 899 2346 Η.

452 2396 560 2458 Aaou
589 2414 759 2461 ‚russas

74 2509 121 2591 (tte
141 2509 266 2572 honore
286 2519 319 2572 et
341 2509 593 2572 immunitatibus
617 2509 833 2574 Ecclesiarum
861 2522 895 2576 et
925 2511 1157 2586 Seemdotuun

169 2593 209 2656 de
230 2592 347 2654 mediis
368 2603 442 2654 aute
473 2593 839 2657 excommunicationem
864 2594 1049 2674 servandis.)
1158 2589 1163 2600 ’

69 2709 167 2782 Haec
200 2735 299 2805 quoe
328 2723 530 2806 sequnntur
566 2711 742 2804 Capitale
772 2706 972 2785 constituto
1015 2714 1158 2794 suntsi

69 2808 207 2881 Damno
235 2823 364 2882 nostro
395 2811 565 2900 Karo‘lo,
590 2811 695 2902 Rege
718 2811 885 2902 glorioso
919 2823 955 2884 et
978 2807 1159 2884 consensis

69 2907 359 3002 Episcoporum,
387 2933 435 2980 ac
462 2921 691 2980 caeterorum
717 2911 795 2981 Dei
818 2921 855 2982 et
874 2933 1027 2982 suorum
1039 2908 1158 2981 Fide-

69 3007 149 3074 liom
167 3010 231 3100 qui
248 3009 459 3098 adsuerunt}
477 3008 516 3078 in
543 3009 624 3078 Ioco
651 3010 715 3100 qui
740 3011 880 3082 elicitur
900 3009 1031 3100 Pistis,
1056 3029 1158 3081 anno

69 3106 581 3177 laicarnationisDominieae
599 3107 894 3198 DCCCLXIX,
916 3133 1016 3181 anno
1034 3118 1159 3181 autem

69 3208 165 3292 regni
181 3206 243 3273 sui
270 3206 400 3291 XXX,
429 3207 640 3278 Indictione
661 3207 847 3292 secunda,
882 3221 917 3282 et
941 3203 991 3280 ab
1015 3232 1058 3278 eo
1087 3203 1156 3278 de·

69 3305 233 3372 nuntiata
248 3315 331 3372 sunt
349 3303 373 3373 ἁ
391 3328 431 3372 se
443 3319 478 3375 et
487 3303 536 3375 ab
547 3305 715 3376 omnibus
722 3304 901 3398 fidelibus
913 3308 1005 3396 suis,
1022 3327 1159 3384 secuns-

69 3399 148 3470 dum
162 3403 448 3497 uniuscuiusque
476 3403 643 3474 ordinem
666 3416 701 3473 et
719 3429 936 3498 personam,
963 3400 1160 3476 inviolabi-

420 3502 508 3574 liter
533 3505 801 3577 conservanda.

142 3627 168 3690 Ῐ·
209 3597 279 3715 De
299 3633 423 3714 honore
444 3661 477 3714 et
498 3650 589 3714 cultu
608 3650 689 3730 Dei,
713 3661 813 3733 ¹atque
834 3659 1014 3713 sanctarum
1041 3649 1159 3715 Eccle-

72 3733 180 3794 siarum
201 3737 235 3796 in
258 3757 359 3816 regno
380 3743 508 3809 nostro,
531 3734 733 3797 decernimus
755 3745 791 3795 ut
818 3735 901 3795 sicut
934 3742 1077 3818 tempure
1108 3734 1160 3796 evi

73 3825 99 3873 et
117 3816 213 3897 patris
236 3817 335 3878 nostri
357 3818 504 3878 excultae
526 3828 558 3879 et
587 3816 762 3878 honoratae
789 3815 942 3891 ¹fuerunt,
972 3825 1003 3876 et
1029 3819 1112 3879 sicut
1143 3817 1161 3876 d

73 3909 171 3958 nostra
191 3900 337 3982 largitate
358 3897 533 3959 honoratae
554 3908 587 3960 et
608 3899 724 3960 ditatae
746 3909 831 3973 sunt,
847 3897 899 3958 vel
921 3896 1073 3981 deinceps
1093 3897 1161 3959 fue·

73 3979 144 4057 rint,
166 3984 254 4044 salva
276 3971 444 4063 aequitatis
472 3981 619 4056 satione,
648 3979 691 4041 ita
719 3981 779 4041 sub
809 3979 1006 4042 immunitate
1034 4000 1161 4064 perma-

73 4073 171 4125 neant.
213 4063 455 4146 Archiepiscopi
476 4083 605 4144 quoque
626 4071 659 4124 et
678 4063 840 4143 Episcopi,
860 4071 893 4122 et
914 4061 1032 4123 caeteri
1053 4061 1161 4124 Sacer·

74 4140 154 4208 dotes
168 4168 204 4207 ae
221 4145 343 4207 serviet
364 4145 500 4206 ancillae
522 4146 595 4222 Dei,
615 4143 739 4228 quique
762 4146 813 4204 uel
826 4164 973 4225 quaeque
990 4143 1162 4210 inordiuis

74 4226 116 4281 ani
137 4227 310 4309 dignitate,
333 4227 488 4287 honorem
517 4238 613 4309 atque
643 4226 875 4288 immunitatem
903 4225 1083 4301 secuudum
1114 4249 1162 4290 es·

76 4327 137 4368 eras
158 4311 256 4392 Leges
279 4321 310 4372 et
329 4313 474 4372 Curiones
496 4309 643 4375 habeant.
1006 4342 1008 4348 v
