2786 4980
162 299 211 369 22
383 319 413 371 i.
434 315 517 370 cun.
625 313 872 370 CAPITULAnls
972 318 1032 377 ns,
1119 341 1126 362 .

161 458 292 544 propria
317 467 424 520 nostra
442 479 494 519 ens
509 454 620 520 subter
632 455 838 536 firmavimus,
851 466 886 520 et
905 457 994 520 anuli
1011 458 1112 520 nostri
1130 458 1268 544 impres-

162 540 253 602 sione
274 540 394 623 signari
409 539 618 602 decrevimus.

244 623 381 705 Signum
397 623 523 683 Kinonr
543 619 763 702 gloriosissimi
777 621 882 704 Regis.

244 707 458 770 Dronusnnus
479 705 519 765 ad
540 703 645 764 vicem
661 704 863 766 Hrunouvrcr
885 704 1082 788 recognovit.

244 789 325 928 Dlpta
345 809 392 854 ur.
410 787 486 850 Idus
503 785 608 862 lunii,
630 805 716 846 anno
731 794 848 867 quarto
871 795 1027 871 regnante
1047 788 1168 850 Korolo
1187 788 1266 872 glo-

159 890 247 932 rioso
295 890 362 934 ee.

244 891 360 1011 neuim
373 950 407 1010 in
427 950 621 1011 monasterio
634 950 735 1012 snncti
754 949 922 1012 Saturnini
940 971 1039 1036 prope
1062 953 1210 1015 Tolosam
1224 953 1267 1012 in

117 1049 121 1060 ·
165 1032 227 1095 Dei
244 1033 376 1116 ¹nomine
388 1031 539 1094 feliciter.
581 1032 694 1094 Amen.
972 1036 976 1041 ’

473 1194 774 1259 TITU‘LUS
836 1197 955 1262 vll.

408 1304 463 1365 ln
505 1325 685 1366 rrius
726 1323 1042 1370 srsnnsco.

161 1428 274 1520 Haec
289 1447 384 1516 quoe
406 1435 608 1516 sequuntur
621 1425 795 1518 Capitulis
814 1439 1090 1519 excerptorum
1107 1425 1268 1494 eoam·-

161 1550 210 1595 no
230 1525 333 1613 Rege
354 1523 526 1612 Karou,
554 1537 589 1592 et
609 1524 849 1617 Principibus
868 1527 968 1610 eius,
997 1550 1042 1594 ex
1062 1526 1122 1594 bio
1141 1525 1267 1618 Capi-

162 1625 251 1694 tulis
265 1645 359 1715 quoe
379 1644 479 1690 anno
500 1641 708 1691 ncccxnvr.
730 1625 924 1694 ediderunt
934 1625 1119 1716 Episcopi
1144 1627 1184 1694 in
1200 1644 1266 1713 cy-

160 1723 285 1808 nodir,
305 1718 452 1790 Wenilo
469 1722 611 1790 scilicet
636 1747 719 1792 cum
733 1721 995 1816 Suffraganeio
1014 1725 1106 1812 ouis,
1136 1724 1265 1792 Gunt-

162 1817 294 1891 bolduc
310 1842 394 1888 cum
406 1815 669 1911 Suffragnneie
686 1823 786 1910 cuis,
828 1823 1029 1893 Uromarue
1055 1847 1139 1891 cum
1168 1823 1266 1910 Sus-

151 1919 359 2013 sraganeio
379 1920 477 2006 onir,
506 1920 740 1990 Hincmnrus
757 1945 841 1989 cum
866 1920 1129 2014 Suffragoneic
1156 1921 1262 2000 suis,

161 2018 302 2090 Amalo
323 2041 407 2086 cum
423 2015 682 2110 Suffingoneic
696 2021 792 2115 ouio3
824 2032 859 2088 et
878 2021 1003 2090 oblato
1027 2032 1113 2088 cunt
1143 2020 1265 2096 eidem

163 2118 350 2210 Principi,
368 2115 465 2184 sicut
485 2116 564 2209 ipre
581 2119 761 2204 iusserat,
790 2117 943 2188 collecto
962 2121 1015 2188 ad
1028 2120 1265 2208 relegendum

164 2220 205 2288 in
224 2217 446 2309 Sporum,
474 2217 565 2284 villa
593 2218 788 2287 Remensio
817 2219 1023 2287 Ecclesiae.
1085 2217 1137 2288 Et
1172 2217 1266 2307 quia

153 2319 328 2410 faotione
349 2316 592 2406 quorumdam
611 2329 730 2385 motus
750 2328 805 2384 est
830 2319 978 2386 animur
1004 2317 1123 2407 ipsius
1145 2315 1266 2405 Regio

163 2413 532 2506 contraEpiocopoc‚
552 2414 814 2484 discidentibus
824 2416 1055 2485 Primoribuo
1076 2415 1182 2504 regni
1204 2415 1266 2480 cui

165 2513 214 2585 ab
230 2513 441 2584 eorumdem
459 2512 735 2604 Episcoporum
754 2511 1032 2599 ammonitione,
1060 2527 1095 2582 et
1112 2514 1266 2582 remotio

164 2612 360 2684 abeodem
385 2611 549 2680 Concilio
568 2611 791 2706 Episcopic,
820 2637 865 2682 ex
885 2613 1055 2682 omnibus
1081 2614 1154 2682 illie
1185 2613 1266 2680 Co-

158 2713 294 2808 pitulis
310 2712 404 2780 baec
420 2722 565 2779 tontum
583 2711 816 2781 observanda
840 2724 875 2780 et
902 2713 1169 2802 complacenda
1190 2708 1267 2776 cibi

165 2813 401 2902 collegerunt,
429 2821 464 2877 et
475 2809 677 2901 Epi-scopis
692 2813 832 2902 scripto
853 2812 1100 2893 tradiderunt,
1129 2811 1264 2877 dicen·-

164 2923 218 2978 ter
238 2933 312 2980 non
330 2909 491 2998 amplius
509 2909 554 2975 de
574 2932 698 2976 eorum
725 2909 905 3000 Capitulis
920 2921 1135 3002 acceptas-re
1150 2931 1265 2999 quiem

256 3009 350 3089 icto,
379 3017 413 3073 et
425 3007 498 3074 isto
514 3029 552 3073 ce
564 3008 652 3074 velle
670 3031 753 3076 oum
764 3009 940 3101 Principe
958 3006 1168 3079 observare.

248 3166 292 3232 l„
319 3115 387 3229 De
408 3169 531 3228 honore
552 3178 584 3229 et
600 3170 690 3230 cultu
706 3171 934 3232 Ecclesiarnm.

247 3246 283 3310 ll
324 3241 1265 3332 DehonoreEpiscoporumetvcnerationesorvoranei.
1380 3309 1381 3318 ,

247 3330 310 3392 lll.
348 3335 396 3392 Dc
423 3332 562 3392 iustitiis.

248 3413 306 3477 lv.
349 3417 390 3473 Ut
413 3415 535 3474 cantela
557 3415 610 3474 fiat
627 3435 701 3495 erga
726 3436 780 3476 eos
807 3415 864 3498 qni
890 3436 983 3478 cansa
1012 3417 1191 3488 inventutis
1212 3422 1270 3474 ant

162 3494 367 3580 insipientiae
394 3497 427 3554 in
446 3497 554 3576 aliquo
574 3498 710 3573 fallunt,
738 3499 805 3558 sive
832 3505 1044 3558 contemnunt
1071 3499 1268 3559 admonitio-

164 3603 238 3644 nem
265 3577 514 3662 Episcopornm,
538 3599 577 3639 ne
600 3579 707 3639 subito
729 3589 785 3640 aut
812 3579 941 3641 incaute
967 3581 1163 3641 damnentur
1188 3602 1269 3640 nna-

164 3667 314 3727 themate.

247 3743 298 3804 V.'
328 3745 376 3802 De
406 3741 456 3801 l1is
479 3741 535 3822 qui
558 3753 670 3804 contra
692 3742 812 3824 regiam
839 3753 1029 3827 potestatem
1062 3753 1271 3807 contumaces

165 3851 232 3892 esse
258 3825 448 3888 moliuntur.
510 3838 513 3847 “

248 3905 307 3968 Vl.
349 3911 398 3968 Dc
419 3907 582 3990 precariis.

247 3989 325 4052 Vll.
368 3991 416 4050 De
439 3987 660 4072 hospitalibus.

245 4071 341 4135 Vlll.
371 4073 419 4132 Dc
443 4071 618 4153 rapacibus.

244 4153 305 4215 lx.
346 4155 389 4215 Ut
403 4152 569 4236 Episcopis
589 4161 712 4232 tempus
737 4175 914 4238 congruum
928 4156 1119 4221 observetur
1139 4157 1181 4220 ad
1206 4156 1272 4224 mi-

163 4235 333 4298 nisterium
349 4257 443 4297 suurn
458 4235 685 4320 peragendum.
