2746 4992
212 289 286 366 290
549 303 731 360 Maecenat
755 305 998 362 FORMULARUH

213 451 294 528 eius,
317 445 380 510 nisi
400 451 525 508 tantum
546 465 606 530 pro
627 443 783 507 lucranda
806 446 971 527 oratione,
1000 444 1162 528 etipsud,
1185 447 1208 508 si
1230 447 1271 510 fue

212 535 267 612 rit,
290 553 364 594 oum
384 529 551 592 voluntate
574 526 704 590 Abbatis
729 529 782 591 vel
803 530 873 592 eius
894 528 1165 612 congregationis,
1188 530 1281 614 absque

212 613 384 697 dispendio
409 633 541 690 eorum,
577 609 671 672 aliter
695 612 849 674 accedere
874 613 1002 694 penitus
1031 633 1097 672 non
1121 624 1282 694 praesumat3

213 719 280 782 quo
299 696 427 758 facilius
447 692 627 756 secundnm
650 693 861 776 delegationis
882 705 994 758 votum
1016 695 1071 756 vel
1097 692 1188 754 buius
1206 697 1284 756 seriae
1323 699 1324 758 l

212 779 435 842 auctoritatem
455 777 497 839 ad
525 776 593 858 ipso
614 777 807 838 monasterio
828 779 948 860 absque
967 777 1069 838 ullius
1091 777 1284 858 inquietudine

213 863 335 924 ibidem
360 870 477 923 cuncta
496 859 666 940 proficiant
687 859 721 918 in
742 863 930 942 augmentis.
971 859 1158 922 Adicientes
1178 869 1210 918 ut
1225 861 1285 918 nulli

225 945 343 1008 lenitus
372 942 520 1004 Indicum
544 941 594 1002 vel
617 941 751 1003 cuilibet
776 942 943 1004 bominum
973 941 1110 1005 lieentia
1135 941 1173 1002 sit
1196 943 1230 1002 de
1249 964 1285 1002 re·

211 970 272 1090 bus
293 1026 429 1124 praefati
446 1023 632 1086 monasterii
654 1025 774 1106 absque
801 1027 967 1086 voluntate
987 1026 1135 1108 ipsorum
1153 1046 1287 1085 servorun

211 1111 273 1172 Dei
294 1131 328 1171 sn
357 1109 468 1190 aliquo
498 1105 655 1188 iniquiter
678 1107 887 1184 defraudare,
922 1117 979 1168 aut
1005 1108 1176 1170 temerario
1200 1108 1287 1189 spiritu

101 1257 105 1268 ,
211 1193 276 1254 suis
295 1189 406 1253 usibus
430 1210 603 1272 usurpare;
627 1211 681 1266 ne,
702 1189 791 1272 quod
811 1191 960 1272 primitus
987 1202 1057 1268 est,
1094 1199 1126 1251 et
1150 1189 1207 1252 Dei
1230 1191 1286 1248 iren

211 1275 358 1338 incurrat
371 1281 404 1335 et
415 1282 556 1334 nostram
577 1271 741 1350 offensam,
755 1271 808 1335 vel
823 1273 841 1332 a
859 1274 937 1334 fisco
959 1295 1058 1356 grave
1076 1273 1219 1333 damnum
1237 1293 1286 1332 sus-

210 1358 322 1420 tineat.
362 1354 452 1418 Illud
474 1353 566 1416 nobis
582 1375 641 1437 pro
663 1352 789 1437 integra
811 1356 961 1417 mercede
987 1365 1098 1417 nostra
1118 1353 1231 1438 placuit
1247 1356 1285 1414 ad·

210 1437 337 1519 dendo,
370 1447 408 1500 ut
431 1446 497 1498 tam
519 1437 608 1519 quod
629 1458 669 1496 ex
693 1448 799 1499 nostra
824 1439 970 1522 largitate
993 1461 1096 1521 quam
1116 1437 1286 1518 delegatione

209 1523 311 1606 ipsius
335 1522 390 1586 vel
417 1529 619 1581 caeterorum
642 1529 699 1580 ant
727 1521 901 1583 cuiuslibet
923 1522 1045 1582 ibidem
1068 1530 1118 1582 cst
1144 1530 1196 1581 ant
1215 1520 1288 1579 fuerit

209 1604 365 1669 devoluta
385 1602 554 1686 possessio,
577 1623 706 1684 quoque
726 1612 888 1686 tempore,
911 1604 1001 1664 nulla
1023 1603 1192 1664 iudiciaria
1206 1613 1286 1684 potes-

209 1697 269 1768 tas,
292 1709 353 1749 nec
374 1706 538 1770 praesens,
562 1705 624 1744 nec
643 1686 823 1763 succidiva,
845 1696 900 1749 aut
924 1709 1036 1748 causas
1059 1685 1234 1761 audiendo,
1251 1692 1286 1742 aul

209 1769 336 1853 aliquid
356 1767 552 1843 exactando,
580 1767 700 1830 ibidem
726 1790 792 1830 non
821 1779 1003 1852 praesumat
1030 1768 1222 1852 ingredere;
1250 1765 1286 1825 sel

210 1853 270 1918 sub
293 1852 381 1915 omni
408 1849 584 1912 emunitate
609 1849 671 1912 boc
698 1850 767 1934 ipse
792 1853 1005 1914 monasterius
1032 1853 1088 1915 vel
1116 1849 1287 1932 congregatio

209 1958 268 2000 sua
292 1935 417 1997 sibimet
436 1954 547 1995 omncs
566 1933 674 1994 fredos
697 1955 864 1996 concessos
890 1935 1031 1996 debeant
1051 1933 1221 2016 possidere.
1261 1931 1288 1990 Et

209 2019 367 2101 quicquid
389 2017 507 2078 exinde
528 2015 623 2076 fiscus
640 2026 750 2078 noster
766 2018 895 2078 fortitun
914 2018 1084 2079 decorum
1103 2015 1240 2077 homines
1252 2022 1288 2071 aul

208 2102 369 2184 ingenuos
399 2107 454 2160 aut
481 2097 659 2159 servientes
684 2099 718 2158 in
745 2120 856 2160 eorum
884 2122 974 2182 agros
996 2107 1230 2161 commanentes
1252 2095 1285 2156 vel

208 2184 431 2278 undecunque
448 2189 573 2264 poterat
595 2201 734 2263 sperare,
757 2202 797 2242 ex
821 2183 1025 2266 indulgentia
1046 2181 1203 2244 nostruin
1220 2177 1287 2238 luni·

210 2265 342 2329 naribus
373 2286 474 2347 ipsius
500 2262 602 2324 sancti
629 2261 693 2325 loci
722 2266 773 2325 vel
801 2265 833 2325 in
861 2265 1020 2347 stipendia
1050 2284 1213 2326 servorum
1235 2259 1286 2333 Dei,
1326 2283 1327 2286 ¹

208 2357 275 2408 tam
296 2346 388 2409 nobis
413 2346 446 2405 in
473 2343 535 2405 Dei
562 2345 692 2408 nomine
718 2347 917 2427 viventibus,
954 2369 1052 2429 quam
1088 2368 1149 2429 per
1174 2355 1286 2424 tempora

208 2428 457 2494 succedentibus
479 2427 637 2509 Regibus,
658 2450 717 2512 pro
739 2431 896 2492 mercedis
919 2430 1152 2513 compendium
1178 2427 1287 2488 debeant

209 2523 327 2576 cuncta
345 2511 512 2596 proficere,
536 2519 573 2570 ut
592 2531 650 2592 pro
668 2521 797 2572 aeterna
815 2515 916 2575 salute
939 2514 990 2575 vel
1011 2513 1170 2574 felicitate
1194 2508 1285 2592 patriae

210 2619 268 2660 seu
292 2595 388 2678 Regis
423 2592 632 2655 constantiam
660 2593 799 2655 delectet
828 2595 902 2678 ipsis
935 2596 1105 2658 Monachis
1134 2594 1286 2652 immensam

208 2678 342 2741 Domini
362 2677 515 2760 pietatem
540 2674 658 2757 ingiter
679 2676 860 2758 implorare.
901 2680 1007 2755 Quem
1027 2686 1230 2762 praeceptum
1252 2671 1287 2730 de·

211 2761 292 2824 creti
315 2759 427 2836 nostri,
449 2757 577 2818 Christo
596 2756 630 2816 in
651 2759 799 2820 omnibus
818 2761 1020 2842 suffraganti,
1049 2771 1089 2821 ut
1115 2759 1230 2818 firmior
1246 2754 1286 2812 ba·

209 2844 335 2917 beatur,
357 2852 390 2904 et
410 2841 599 2924 perenniter
615 2852 836 2921 conservetur,
857 2843 1096 2929 subscriptione
1113 2862 1219 2902 manus
1239 2855 1286 2896 uos·

212 2935 281 2990 trae
307 2925 394 2988 infra
420 2921 598 2986 studuimus
621 2924 795 3007 peragrari.

613 3051 793 3114 Emunitate
824 3057 920 3136 regia.

295 3164 359 3230 III.
400 3165 577 3228 Maximum
595 3168 688 3250 regni
705 3168 805 3235 nostri
824 3193 940 3251 augere
960 3171 1123 3234 credimus
1142 3165 1289 3230 munimen·

214 3263 294 3330 tum,
325 3249 351 3313 si
371 3248 530 3311 beneficia
554 3261 734 3333 opportuna
753 3253 832 3316 loeis
851 3255 1092 3332 Ecclesiaruni,
1121 3265 1173 3313 aut
1193 3249 1238 3308 cui
1256 3261 1288 3330 νίζ’

214 3335 309 3397 luerit
330 3331 449 3400 dicere,
477 3334 629 3395 benivola
652 3334 883 3398 deliberatione
911 3338 1120 3399 concedimus
1128 3360 1136 3407 ;
1157 3355 1191 3394 ae
1204 3334 1288 3390 ·D0m¹·

156 3423 159 3428 ’
217 3440 259 3479 no
286 3425 474 3500 protegente
498 3416 655 3478 stabiliter
683 3419 858 3499 perdurare
896 3419 1139 3483 conscribimus.
1212 3411 1289 3491 ugni

217 3499 347 3561 noverit
376 3497 518 3559 sollertia
546 3508 651 3560 vestra
679 3521 737 3559 nos
760 3500 799 3561 ad
827 3503 1018 3583 petitionem
1047 3499 1216 3585 apostolico
1238 3489 1287 3578 ello

216 3587 345 3645 Domno
363 3579 434 3658 illo,
457 3580 546 3641 illius
571 3581 658 3641 urbis
684 3583 861 3666 Episcopo,
883 3587 978 3645 talem
1000 3608 1058 3669 pro
1079 3593 1201 3645 aeterna
1217 3582 1288 3635 retn-

214 3665 351 3726 butione
377 3663 570 3724 beneficium
601 3663 660 3724 visi
693 3665 812 3726 fuimus
838 3667 1013 3729 indulcisse
1042 3677 1078 3727 ut
1116 3667 1148 3725 in
1179 3655 1288 3723 villabus

216 3745 382 3811 Ecclesiae
409 3747 522 3807 <lomus
549 3745 662 3823 illius,
695 3770 777 3828 ¹quas
803 3751 957 3811 moderno
991 3760 1134 3832 tempore
1157 3755 1207 3805 aut
1234 3756 1289 3828 nos·

216 3840 268 3892 tro
291 3836 346 3890 aut
371 3827 545 3890 cuiuslibet
572 3851 704 3890 munere
728 3830 845 3894 habere
867 3833 1012 3908 videtur,
1048 3833 1100 3895 vel
1125 3851 1198 3911 quas
1223 3823 1289 3882 dem·

219 3936 294 3996 ceps
323 3911 357 3972 in
393 3910 464 3972 iure
488 3910 588 3996 ipsius
611 3913 711 3974 sancti
739 3913 802 3974 loci
828 3916 969 3977 voluerit
996 3915 1105 3978 divina
1141 3912 1230 3993 pietas
1245 3917 1289 3958 ³111·

216 3997 348 4080 pliare,
395 3995 506 4055 nullus
541 3994 645 4056 ludex
675 3995 826 4077 publicus
855 3997 896 4057 ad
932 4020 1040 4058 causas
1072 3991 1223 4056 audiendo
1250 3985 1289 4040 out

219 4078 312 4140 froda
340 4077 487 4158 undique
528 4076 724 4159 exigendum
762 4080 854 4139 nullo
897 4102 1047 4162 nmquam
1083 4088 1215 4158 tempore
1240 4080 1288 4122 1¹0ss

219 4168 401 4244 praesumat
424 4160 624 4242 ingrederer
640 4160 697 4221 sed
719 4160 781 4221 hoc
804 4161 871 4244 ipse
891 4163 1055 4240 Pontifex,
1080 4161 1132 4224 vel
1154 4167 1287 4236 successe·

219 4264 270 4306 res
295 4241 367 4305 eius
416 4252 549 4328 propter
574 4263 692 4305 nomen
708 4243 858 4322 Domini,
882 4243 941 4307 snb
970 4245 1112 4328 integrae
1137 4233 1287 4304 emuniens
