2682 4996
202 301 273 375 278
664 316 881 372 rasennam

512 567 730 633 accusatione,
753 576 781 621 et
800 565 1000 656 testimonie„

281 677 339 743 lV.
383 681 450 744 Hoc
469 677 629 740 sancimus
647 685 683 736 ut
699 675 732 738 in
747 675 873 758 palatiis
895 675 1011 737 nostris
1028 675 1069 736 ad
1086 679 1280 741 accusandam

199 771 231 822 et
247 761 456 822 iudicandum
475 771 508 821 et
528 757 747 821 testimonium
770 757 955 819 iaciendum
982 777 1049 818 non
1074 779 1107 820 sc
1127 759 1281 826 exhibeant

197 843 280 904 viles
306 865 459 924 personae
484 853 516 904 ct
536 843 693 917 infames,
729 839 903 902 histriones
937 839 1078 918 scilicet,
1110 854 1280 924 nugatores,

196 947 383 1003 manzeres,
405 947 552 1002 scurrae,
575 922 817 1002 concubinarii,
840 944 948 1005 neque
975 943 1016 986 ex
1038 924 1179 1007 turpium
1199 927 1280 988 femi·

198 1030 312 1068 narum
345 1007 573 1070 commixtione
600 1005 780 1103 progeniti,
809 1013 863 1066 aut
896 1005 1004 1083 servi,
1036 1013 1091 1065 aut
1125 1007 1279 1075 criminosi.

196 1091 402 1170 Frequenter
425 1091 513 1152 enirn
527 1089 674 1150 homines
691 1087 873 1149 huiusmodi
895 1109 935 1150 ex
955 1087 1137 1168 suspicione
1161 1111 1278 1154 conver-

197 1173 327 1236 sationis
356 1194 472 1254 pravae
510 1183 542 1234 et
579 1181 728 1250 naturae,
759 1182 794 1232 ut
817 1170 989 1232 inferiores
1014 1191 1079 1232 non
1115 1172 1276 1251 videantur,

153 1329 156 1334 ,
197 1255 285 1336 quod
305 1255 411 1338 placet
432 1275 572 1316 asserere
588 1255 738 1316 nituntur
754 1263 865 1314 contra
883 1253 1060 1336 digniores.

568 1415 616 1476 Dc
636 1416 727 1476 nonis
751 1427 781 1474 et
803 1414 933 1476 decimis

280 1535 318 1592 V.
361 1532 557 1614 Quicunque
579 1553 695 1591 nonam
717 1540 750 1592 et
770 1529 925 1590 decimam
937 1530 1132 1592 admonente
1141 1531 1274 1614 Episcopo

197 1617 249 1675 vel
272 1613 393 1675 Achate
412 1615 464 1676 vel
483 1613 631 1694 quolibet
651 1613 716 1672 alio
736 1613 871 1674 Rectore
890 1614 930 1675 ad
950 1614 1087 1696 primam
1102 1615 1169 1675 eins
1187 1614 1275 1674 admo·

197 1698 356 1757 ultionem
378 1697 452 1756 dare
474 1697 720 1776 contempserit,
742 1695 829 1776 regia
851 1705 1003 1778 potestate
1019 1706 1154 1778 cogente
1172 1695 1275 1757 easdem

198 1780 337 1841 decimas
358 1787 390 1839 et
416 1799 515 1840 nonas
532 1778 654 1849 solvat,
679 1787 712 1840 et
735 1777 868 1858 insuper
883 1778 922 1838 ad
942 1781 1067 1861 partem
1087 1777 1273 1841 eiusdemEc·

197 1863 315 1923 clesiac
340 1863 443 1942 legem
462 1882 551 1921 suam
569 1869 747 1942 componat.
770 1861 822 1921 'Si
842 1862 985 1922 secundo
1009 1863 1188 1922 admonitus
1200 1880 1273 1944 prae·

196 1945 297 2004 dictas
321 1965 421 2004 nonas
438 1945 481 2003 ⁴et
508 1943 647 2004 decimas
672 1942 808 2004 reddere
837 1944 1045 2025 neglexerit,
1080 1967 1152 2006 cum
1177 1942 1272 2004 eisdem

197 2027 291 2086 nonis
317 2036 348 2085 et
382 2025 515 2086 decimis
548 2026 691 2088 bannum
716 2025 912 2086 dominicum
936 2027 1113 2108 persolvat.
1165 2025 1233 2086 Nam
1252 2025 1271 2085 si

195 2109 290 2168 tertio
307 2107 487 2168 admonitus
504 2107 536 2168 in
554 2108 675 2172 eisdem
692 2109 786 2170 nonis
801 2118 833 2169 ct
849 2108 982 2170 decimis
997 2109 1112 2172 dandis
1127 2129 1164 2168 ue
1188 2109 1270 2188 legens

197 2191 363 2268 evenerit,
385 2212 435 2252 res
454 2192 631 2267 Ecclesiae,
654 2191 825 2270 dequibus
844 2193 970 2254 easdem
994 2214 1095 2254 nonas
1112 2199 1143 2253 ct
1159 2129 1269 2250 decimas

197 2273 270 2333 dare
296 2273 469 2346 debuerat,
500 2274 629 2356 penitus
663 2275 794 2335 amittat.
853 2275 963 2335 Nonae
985 2297 1066 2336 vero
1096 2282 1129 2336 et
1156 2271 1270 2334 decimae

196 2364 322 2413 tantum
338 2356 537 2431 deannonu,
560 2355 742 2436 legumine,
765 2358 861 2434 vino,
884 2359 1005 2434 foeno,
1037 2357 1076 2418 de
1104 2354 1269 2427 nutrimine,

197 2441 229 2498 et
248 2438 497 2520 omnis'gcneris
517 2437 704 2498 animalium
732 2439 854 2500 dandae
877 2448 961 2504 sunt.
1003 2441 1047 2500 Et
1066 2439 1100 2498 hi
1125 2436 1178 2521 qui
1195 2456 1270 2496 nonas

197 2529 229 2579 et
248 2521 386 2580 decimas
409 2521 485 2578 dare
501 2519 640 2598 debent,
663 2519 751 2586 iusta
813 2521 855 2583 od
879 2543 988 2583 rerum
1014 2520 1270 2583 ecclesiasticarum

194 2601 335 2679 hahent,
359 2603 399 2664 ad
411 2601 570 2662 Ecclesiae
584 2608 616 2662 et
629 2602 767 2665 claustra
812 2614 957 2666 cetorum
968 2602 1269 2667 venerabilinmloco·
1312 2663 1313 2672 ,

189 2705 267 2746 *rum
283 2685 480 2746 adiutorium
496 2684 624 2750 faciant.

480 2900 484 2934 ·'
555 2895 689 2962 sionensi
710 2900 802 2960 titolo
824 2899 945 2966 XVIII.

283 3011 338 3072 Vl.
383 3009 621 3074 Coniurationis
649 3013 701 3073 vel
735 3014 979 3095 conspirationis
1011 3015 1133 3076 crimen
1157 3008 1269 3074 etiami

199 3092 359 3154 veteribus
375 3092 500 3174 legibus
519 3103 567 3155 est
588 3095 720 3158 omnino
736 3095 943 3177 prohibitum.
985 3098 1091 3160 Multo
1115 3095 1203 3178 magis
1224 3093 1268 3152 hcc

182 3178 231 3233 'in
258 3175 402 3236 Ecclesia
429 3175 491 3235 Dei
523 3197 563 3236 ne
583 3176 657 3256 fiat,
680 3178 851 3241 admonere
874 3180 1038 3246 convenit.
1080 3181 1113 3242 si
1140 3177 1191 3259 qui
1214 3191 1268 3253 ergo

200 3258 319 3317 Clerici
343 3258 395 3318 vel
412 3258 563 3318 Monachi
583 3260 704 3342 reperti
736 3262 859 3322 fuerint
892 3263 1098 3325 coniurantes
1133 3260 1182 3323 vel
1211 3276 1267 3317 con·

198 3340 366 3418 spirantes,
389 3350 445 3400 aut
462 3339 593 3403 insidias
608 3343 942 3428 ponentesEpiscopis
950 3353 1006 3406 aut
1023 3345 1175 3420 Clericis,
1195 3336 1267 3422 gradu

196 3422 326 3502 proprio
342 3422 471 3503 penitus
487 3422 678 3503 abiciantur,
700 3435 732 3488 et
745 3428 947 3510 postmodum
965 3427 1122 3514 imperiali
1143 3417 1267 3488 sententia

197 3505 299 3565 modis
317 3504 465 3566 omnibus
482 3505 649 3570 feriantur.

223 3635 269 3694 De
290 3634 339 3696 tis
361 3639 415 3716 qai
436 3635 631 3700 sacramento
651 3660 684 3784 pp
712 3641 851 3786 egigni?
881 3663 919 3704 nc
950 3642 996 3704 ad
1009 3664 1119 3730 pacem
1139 3637 1251 3702 redeat.

681 3743 707 3784 x
773 3745 822 3786 aci
837 3745 878 3786 io.

282 3832 355 3892 Vll.
396 3832 464 3910 Qui
481 3843 677 3896 sacramento
693 3859 726 3900 se
748 3838 963 3921 obligaverint
981 3849 1018 3902 ut
1040 3839 1188 3923 litigantes
1212 3848 1262 3893 cum

131 3931 133 3934 ·
200 3914 402 3992 quolibetad
418 3937 529 3997 pacem
547 3918 748 3981 nullomodo
775 3925 929 4000 redeant,
959 3925 987 3986 si
1010 3922 1126 3985 Clerici
1152 3915 1262 3982 fuerin,

200 3999 430 4078 dflpffllusslun
457 3999 483 4059 si
507 4001 591 4076 laici,
614 4024 672 4081 pro
691 4004 835 4084 periurio
853 4027 919 4065 uno
938 4029 1023 4068 anno
1042 4007 1058 4066 al
1076 3997 1261 4067 communione

201 4079 342 4160 cerporis
357 4090 389 4140 et
407 4082 572 4163 sanguinis
589 4085 721 4144 Domini
735 4096 960 4170 segregentur5
983 4100 1105 4150 reatum
1117 4095 1261 4147 veronamn

201 4164 414 4244 eleemosynis
432 4165 604 4226 etlletilsus
626 4170 754 4248 quantis
777 4171 942 4252 potuerint
969 4171 1095 4233 ieiuniis
1117 4165 1259 4229 absolvant

203 4245 241 4306 ad
263 4246 427 4309 caritas-cm
452 4267 546 4327 vero,
578 4270 659 4334 qnae
689 4251 793 4338 operit
821 4253 1058 4320 multitudinem
1079 4259 1262 4339 pcccatorum,

1308 2801 1311 2817 l

196 2817 245 2874 De
265 2815 533 2878 coniurationibus
551 2826 582 2874 et
598 2817 892 2900 conspirationibus.
933 2817 989 2880 Ex
1009 2815 1149 2881 Concilio
1164 2813 1263 2878 Cicice·
1308 2830 1311 2838 ‘¹
