2658 4978
199 367 233 423 e.
252 365 329 422 cun.
437 361 560 415 aeona
595 328 819 416 iiraacoaun
918 361 982 417 aas.
1105 340 1150 412 ot

75 527 115 568 am
138 503 303 598 iniquitatis
330 522 440 564 amone
474 525 494 561 a
525 523 592 578 me,
621 499 713 561 etde
736 501 804 579 lege
834 513 888 560 tua
908 502 1059 560 miserere
1085 501 1155 567 mei.

71 589 146 665 Quia,
166 595 246 646 sicut
268 585 445 648 Hieremias
464 584 628 664 Propheta
653 583 749 643 dicit:
775 583 849 644 Non
876 584 1078 644 est'lrominis
1100 585 1157 642 nie

67 673 139 739 cias„
162 689 215 726 nec
237 668 305 727 ciri
326 679 374 727 est
399 681 433 726 nt
461 667 649 727 ambulatet
674 665 800 745 dirigat
823 685 947 745 gressus
971 685 1069 734 suos;
1098 663 1158 724 sed

65 750 226 811 aDomino
251 747 430 828 diriguntur
448 750 533 820 viri,
558 761 589 808 et
612 749 700 808 viam
726 751 793 807 eius
818 747 915 812 uolet.
958 746 1024 828 lpsi
1047 747 1157 807 Comi·

63 844 102 894 tes
125 831 279 908 similiter,
303 839 461 912 quantum
481 829 666 914 potuerint,
687 828 791 890 simile
809 828 868 890 sibi
885 828 1033 890 timentes
1051 833 1158 890 Deum

63 925 91 976 et
110 912 256 974 iustitiam
282 913 453 996 diligentes
482 933 541 994 per
562 934 595 972 se
617 912 780 972 ministros
801 912 1012 987 constituant,
1035 913 1091 992 qni
1113 912 1157 972 si-

63 1007 110 1058 cut
133 995 279 1056 seniores
298 1017 371 1058 suos
394 995 550 1078 benignos
575 1003 607 1054 et
627 994 769 1056 affabiles
791 993 984 1078 pagensibus
1005 993 1073 1054 suis
1106 993 1158 1054 vi-

64 1079 174 1154 derint,
204 1087 236 1138 et
260 1077 320 1158 ipsi
346 1098 405 1160 pro
433 1077 566 1139 modulo
594 1099 653 1138 suo
671 1077 745 1139 illos
762 1076 881 1138 imitari
899 1077 934 1136 in
957 1077 1047 1137 omni
1066 1075 1159 1138 boni·

63 1172 116 1222 tate
129 1169 160 1222 et
174 1159 292 1221 iustitia
310 1169 444 1222 certent.

63 1289 116 1366 (Ut
134 1311 186 1352 eos
206 1289 259 1372 qui
280 1303 415 1374 propter
433 1293 491 1352 laos
515 1289 686 1352 seditiones
714 1289 978 1352 excommunicati
1000 1303 1092 1364 sunt,
1116 1288 1161 1352 cd

283 1373 448 1435 Ecclesiae
463 1394 574 1458 pacem
593 1393 745 1435 revocare
768 1371 919 1451 student).

134 1485 223 1547 Xllt.
262 1485 415 1548 Homines
436 1487 532 1547 etiam
551 1496 583 1547 et
599 1495 745 1567 potentes
764 1485 878 1563 seculi,
900 1485 957 1567 qni
976 1485 1064 1548 inter
1085 1486 1158 1549 istas

64 1569 224 1630 seditiones
246 1566 328 1650 legis
350 1569 509 1651 ingemet
525 1569 679 1628 iustitiam
705 1568 874 1649 aequitatis
893 1569 1104 1652 refugerunt,
1126 1581 1160 1630 et

65 1651 129 1712 talia
150 1659 290 1710 actuata
311 1652 461 1712 fecerunt
481 1673 539 1734 pro
565 1651 682 1732 quibus
705 1651 953 1712 ecclesiasticam
977 1663 1010 1713 et
1033 1652 1158 1735 episco-

64 1733 158 1814 palem
179 1732 543 1796 excommunicationem
565 1741 765 1811 meruerunt,
787 1733 827 1794 sd
851 1728 939 1814 leges
963 1743 995 1794 et
1018 1733 1157 1796 iustitiae

65 1815 209 1876 tramitem
224 1825 388 1893 revocate,
410 1824 443 1877 et
463 1825 498 1876 ut
517 1816 558 1876 ad
576 1837 649 1876 suos
672 1815 849 1899 Episcopos
873 1815 1051 1894 humiliter,
1074 1818 1158 1879 sicut

69 1896 108 1958 eis
121 1917 241 1958 necesse
257 1906 318 1976 est,
338 1897 483 1977 veniant,
505 1895 614 1958 iubete
635 1898 688 1958 rel
713 1898 837 1980 cogite,
860 1907 893 1959 et
915 1909 953 1960 nt
977 1900 1155 1976 Ecclesiae,

68 1978 99 2037 in
120 2000 206 2060 qaam
230 1989 457 2060 peceaverunt,
480 1989 535 2040 ant
559 2002 633 2041 cum
648 1980 755 2042 debita
779 1979 957 2042 necessaria
973 1981 1158 2044 humilitate

67 2047 255 2137 satisfaciant,
276 2072 332 2122 aut
347 2062 517 2123 humiliter
537 2072 569 2124 et
587 2062 746 2124 veraciter
770 2085 804 2124 se
828 2073 995 2142 excusent,
1015 2065 1157 2146 qualiter

66 2142 170 2204 absolvi
198 2165 215 2202 a
232 2145 373 2208 Domino
395 2167 455 2228 per
482 2145 698 2208 ministerium
711 2145 891 2227 episcopale
912 2147 1061 2226 valeant,
1081 2169 1156 2210 sna·

67 2225 131 2284 dete
153 2235 240 2310 atque
266 2227 356 2310 regia
374 2236 529 2310 potestate
560 2225 748 2311 praecipite.
788 2229 831 2290 Et
854 2228 881 2288 si
904 2229 987 2290 forte
1012 2253 1080 2309 ros,
1100 2228 1154 2292 vel

68 2305 237 2388 quicunqne
256 2309 315 2367 alii
343 2309 382 2370 de
405 2331 516 2370 eorum
541 2309 701 2371 societatis
731 2319 762 2370 et
782 2311 1042 2392 poniunctionis‚
1073 2335 1157 2374 com·

70 2389 269 2452 manicatione
294 2390 408 2451 infecti
432 2403 465 2453 et
484 2391 690 2453 condemnati
709 2402 801 2470 sunt,
823 2393 1056 2474 poenitentiam
1073 2395 1158 2476 qnis-

70 2491 182 2551 cunque
209 2495 241 2534 se
271 2474 535 2554 recognoscendo
561 2474 678 2545 faciat;
715 2476 791 2555 quia
817 2485 900 2535 teste
932 2497 1022 2538 sacra
1050 2487 1157 2537 aucto·

68 2552 159 2631 ritate,
180 2575 241 2615 non
252 2557 373 2636 poterit
392 2556 523 2618 'absolvi
548 2580 566 2616 a
583 2557 671 2632 suis,
694 2558 751 2638 qui
775 2557 914 2640 peccatis
932 2558 1158 2619 damnabiliter

68 2647 202 2715 gravatur
219 2637 373 2716 externis.
414 2639 506 2699 Sicut
526 2661 619 2699 orans
641 2641 748 2701 Deum
768 2650 895 2700 sanctus
916 2641 1076 2724 Propheta
1096 2643 1158 2700 Da·

69 2717 117 2778 vid
135 2719 335 2796 demonstrat,
359 2719 488 2781 dicens:
517 2721 710 2782 Araccaeis
729 2724 806 2782 meis
824 2721 943 2784 munda
964 2747 1027 2800 me,
1048 2724 1158 2783 Domi·

70 2819 112 2876 ne,
140 2813 168 2860 et
185 2802 356 2862 absalienis
380 2817 475 2884 parce
497 2824 590 2864 seruo
617 2817 680 2864 tuo.
1031 2797 1037 2816 ⁸

113 2930 247 3005 (ludices
265 2931 415 2992 uillarum
437 2935 594 3012 regiarum
620 2935 757 3016 qrcaliter
785 2933 999 2997 constituendi
1023 2937 1115 3013 sinti.

139 3041 224 3106 XIV.
266 3046 395 3108 ludices
425 3048 567 3130 denique
597 3048 749 3110 villarum
782 3051 942 3133 regiarum
972 3053 1157 3114 constituite

72 3125 117 3206 qui
142 3147 202 3186 non
225 3128 290 3188 sint
313 3131 434 3212 cupidi,
456 3131 512 3213 qui
533 3153 597 3191 non
626 3132 762 3214 diligant
783 3135 967 3212 avaritiam,
991 3145 1023 3197 et
1046 3123 1157 3198 usuias

72 3229 122 3268 nec
146 3208 200 3290 ipsi
225 3213 360 3288 iaciant,
396 3214 634 3288 necpeeunias
663 3216 766 3296 regias
790 3218 843 3277 vel
869 3241 940 3278 suas
971 3218 1012 3278 ad
1045 3241 1157 3281 usuras

73 3289 187 3367 donent,
211 3314 316 3374 neque
343 3317 361 3352 a
381 3295 446 3356 suis
464 3296 599 3356 subditis
623 3319 731 3358 usuras
752 3299 819 3359 fieri
841 3300 964 3359 sinant:
988 3323 1070 3382 quae
1087 3325 1157 3363 om-

73 3371 116 3430 nia
130 3394 182 3434 vos
201 3396 298 3456 super
320 3399 429 3437 omnes
449 3378 612 3439 ministros
635 3380 725 3440 odire
751 3381 873 3441 debetis
900 3392 932 3442 et
951 3384 1075 3464 fugere.
1116 3387 1158 3444 Et

21 3465 26 3476 ·
71 3474 164 3516 servos
180 3459 285 3539 regios
309 3459 431 3520 iudices
450 3482 515 3520 non
540 3461 740 3543 opprimant,
770 3485 830 3523 nee
854 3464 936 3523 ultra
957 3467 1046 3545 quod
1069 3465 1157 3528 soliti

71 3535 190 3597 luerunt
207 3541 343 3602 reddere
364 3545 505 3624 ternpore
524 3544 623 3623 patris
640 3545 737 3604 vestri
756 3545 794 3604 ah
817 3545 862 3604 eis
883 3545 1026 3626 exiguam
1050 3569 1156 3628 neque

70 3638 119 3696 per
140 3622 278 3702 angarias
297 3625 489 3707 intempore
512 3624 693 3709 incongruo
715 3626 788 3688 illos
802 3627 954 3708 affligant;
978 3651 1083 3710 neque
1100 3651 1158 3712 per

72 3700 160 3780 dolos,
180 3713 234 3762 ant
257 3729 317 3786 per
343 3706 425 3766 mala
447 3707 594 3790 ingenia,
625 3709 690 3770 sive
718 3709 984 3772 inconvenientes
1002 3712 1158 3793 precatio-

74 3801 134 3874 pes,
163 3787 292 3849 colonos
323 3790 561 3851 condemnent:
587 3791 661 3873 qnia
682 3789 708 3850 si
735 3792 896 3874 per-tales
919 3794 972 3853 vel
998 3795 1075 3856 alius
1098 3794 1157 3858 ltu·

73 3869 192 3927 asmodi
213 3869 367 3932 factiones
386 3874 509 3951 pondus
536 3873 661 3955 argenti
684 3875 735 3934 rel
760 3875 831 3934 anri
853 3874 1028 3937 habueritis
1052 3877 1085 3936 in
1109 3901 1145 3938 ar

75 3965 111 4024 ca,
129 3951 227 4010 maius
249 3963 281 4012 et
300 3954 427 4036 gravius
453 3955 580 4038 pondus
603 3955 664 4016 erit
683 3958 806 4034 peccati
833 3958 921 4037 quod
941 3958 1099 4020 habebitis
1120 3959 1155 4018 in

73 4032 252 4092 conscientia
273 4047 375 4097 vestra
399 4037 564 4103 et'anima.
608 4038 778 4100 AEdificent
800 4040 891 4101 villas
911 4052 1029 4101 vestras
1045 4042 1157 4101 mode-

71 4113 134 4172 ratis
153 4116 291 4194 castitiis,
314 4120 561 4182 utetl'aonestas
594 4122 770 4182 necessaria
798 4123 857 4197 sit,
887 4132 919 4182 et
940 4124 1071 4192 familia.
1090 4145 1155 4184 non

74 4199 213 4272 gravetur.
253 4201 413 4260 Laborent
429 4212 461 4263 et
476 4205 625 4280 excolant
644 4215 744 4266 terras
764 4217 796 4266 et
819 4204 928 4266 vineas
955 4208 987 4266 in
1010 4217 1155 4290 'tempore

89 4296 133 4336 am
151 4279 253 4342 debita
278 4285 508 4364 sollicitudine,
526 4289 651 4352 salvent
673 4297 705 4350 et
721 4287 908 4372 dispensent
922 4290 1061 4353 laborata
1082 4312 1155 4352 cum
