2786 4980
168 325 219 401 44
390 342 422 398 ι.
441 335 526 397 ena.
633 337 883 396 carrruenau
982 338 1044 402 sss.
1142 421 1145 430 ι

164 482 392 570 compererint,
415 481 618 564 diligentem
633 501 698 563 quo
713 489 746 543 et
760 477 878 562 quibus
892 477 984 542 datae
999 479 1074 560 sint,
1096 477 1150 544 vel
1168 499 1278 564 quan-

167 580 236 629 tum
251 567 368 629 exinde
392 565 444 640 sit,
461 563 665 641 describant,
688 572 721 625 et
737 561 829 626 uobis
853 563 1054 628 renuntient.

166 673 235 749 (De
258 673 349 733 rebus
370 668 600 728 Ecclesias'tieis
625 666 707 728 unde
726 687 811 728 none
831 679 862 728 ct
886 666 1010 728 decima
1031 661 1116 730 selei
1133 669 1278 750 debent).

250 777 309 839 Vl.
352 779 394 836 Ut
413 773 501 836 Missi
521 775 621 836 nostri
645 797 793 858 expresse
816 784 944 837 etcum
967 776 1054 836 omni
1081 775 1277 858 diligentia,

167 882 240 921 curn
263 860 423 943 Episcopo
447 866 479 916 et
501 858 655 918 Praelatis
676 858 941 918 monasteriorum
968 879 1028 940 per
1051 859 1192 939 singulas
1216 882 1279 941 pa-

165 943 314 1018 rochias,
335 940 503 1020 requirant
528 940 568 999 de
587 941 683 1000 rebus
704 940 928 1002 ecclesiasticis
944 942 1031 1002 unde
1048 961 1151 1001 nonae
1169 949 1201 1000 et
1223 943 1280 1003 de·

166 1026 265 1086 cimae
283 1024 363 1084 solvi
381 1022 500 1082 debent
520 1031 551 1080 et
574 1043 640 1082 non
665 1024 846 1096 solvuntur,
868 1031 901 1084 et
928 1023 1069 1106 persolvi
1092 1023 1130 1082 ab
1149 1023 1279 1084 casdem

165 1129 216 1167 res
238 1106 453 1168 retinentibus
477 1104 605 1170 faciant.
646 1103 689 1164 Et
707 1105 731 1166 si
753 1105 862 1187 aliqua
877 1105 1109 1184 contradictio,
1130 1126 1213 1185 qnae
1227 1128 1279 1165 ra-

166 1189 330 1249 tionabilis
347 1187 513 1264 videatur,
536 1187 647 1247 oborta
665 1187 783 1264 fuerit,
815 1189 1041 1250 describantur
1061 1197 1093 1250 et
1113 1190 1277 1270 praelatus

166 1271 267 1352 ipsius
289 1289 376 1330 casae
407 1269 469 1328 Dei
493 1269 578 1328 unde
601 1290 651 1329 res
681 1292 748 1330 esse
775 1281 973 1347 noscuntur,
1007 1281 1039 1332 et
1065 1271 1122 1330 ille
1144 1270 1199 1350 qui
1222 1291 1277 1332 eas

166 1354 300 1429 detinet,
326 1361 357 1410 et
376 1373 494 1410 nonam
512 1373 547 1410 ae
565 1351 722 1411 decimam
742 1353 869 1414 solvere
893 1353 1059 1428 detrectat,
1081 1352 1175 1413 simul
1201 1373 1278 1413 carn

165 1437 269 1496 Missis
303 1435 418 1494 nostris
441 1435 481 1494 ad
505 1441 642 1492 nostram
665 1434 816 1494 iubeatur
841 1436 953 1496 venire
983 1435 1210 1516 praesentiam
1239 1445 1278 1495 ut

166 1528 244 1577 tune
262 1522 396 1577 veritate
419 1525 591 1596 comperta,
621 1525 653 1575 et
679 1515 873 1577 diffinitione
902 1517 1040 1593 decreta,
1066 1517 1155 1598 quod
1175 1518 1278 1578 ratio-

167 1600 321 1658 nabiliter
342 1595 582 1672 invenerimus,
611 1596 687 1658 inde
709 1599 950 1680 praecipiamus.
993 1600 1154 1661 Volumus·
1180 1599 1279 1660 etiam

167 1691 203 1739 ut
230 1677 426 1760 investigent
447 1680 534 1738 Missi
558 1680 657 1740 nostri
682 1682 823 1762 qualiter
841 1682 889 1740 illi
916 1680 973 1762 qui
995 1681 1122 1742 easdem
1145 1701 1197 1742 res
1221 1703 1279 1743 ee-
1377 1719 1378 1728 ι

105 1791 107 1796 ,
168 1763 379 1836 clesiasticas,
410 1761 495 1820 uude
519 1761 660 1822 decimae
689 1763 807 1823 dantur
836 1763 902 1824 sive
935 1785 1000 1823 non
1030 1764 1166 1839 dantur,
1204 1764 1278 1826 illas

169 1846 271 1905 salvas
292 1844 479 1903 habeantet
501 1843 533 1901 in
557 1844 693 1905 casticiis
715 1851 742 1923 e)
766 1855 798 1905 et
827 1845 859 1904 in
885 1842 982 1928 sylvis
1011 1844 1197 1923 custoditis,
1220 1848 1276 1908 vel

169 1928 194 1988 si
215 1936 319 1986 terrae
339 1934 395 1983 aut
414 1925 572 2007 municipia
592 1927 667 1985 inde
691 1927 818 2008 perdita
839 1927 914 2002 sint,
939 1928 991 1988 vel
1020 1926 1146 2008 aliquid
1166 1929 1279 1990 lanius-

168 2009 267 2085 modi,
287 2018 342 2067 aut
360 2008 385 2066 si
405 2008 525 2066 familia
549 2028 697 2089 oppressa
714 2010 754 2070 sit
778 2019 890 2070 eontra
907 2011 1013 2093 legem
1036 2018 1069 2070 et
1088 2011 1195 2070 omnia
1220 2033 1281 2095 per

165 2089 280 2154 breves
305 2089 396 2149 nobis
414 2089 606 2152 renuntient
624 2091 711 2151 Missi
737 2092 849 2157 nostri,

112 2225 114 2230 ·
172 2197 253 2277 ,(Πι
274 2198 381 2270 melle,
404 2198 457 2257 cel
474 2199 605 2282 placita,
626 2199 660 2257 in
686 2199 764 2366 lofieis
786 2200 937 2272 sacratis,
985 2212 1016 2260 et
1038 2199 1146 2262 diebus
1160 2197 1260 2281 sestis

627 2291 713 2342 non'
746 2287 824 2359 ant).

251 2381 327 2446 Vll.
368 2385 412 2444 Ut
431 2381 520 2444 Missi
539 2385 639 2444 nostri
658 2405 717 2464 per
739 2385 881 2468 singulas
902 2386 1069 2469 parochias
1099 2385 1279 2450 Comitibus

169 2479 201 2530 et
219 2466 421 2548 reipublicae
437 2465 590 2527 ministris
607 2489 647 2526 ex
659 2468 769 2526 banno
791 2477 897 2528 nostro
915 2469 1114 2551 praecipiant
1138 2491 1179 2529 ne
1197 2471 1279 2529 mal-

167 2549 199 2612 la
217 2551 270 2612 vel
283 2550 396 2632 placita
416 2548 448 2606 in
461 2549 599 2608 exitibus
614 2558 645 2608 et
660 2549 692 2607 in
714 2549 801 2610 atriis
812 2551 1042 2628 Ecclesiarnm,
1066 2553 1278 2620 etPresbvte·

169 2656 279 2695 rorum
299 2630 540 2705 mansionibus,
561 2652 667 2712 neque
695 2631 728 2690 in
750 2632 919 2694 dominicis
943 2634 995 2694 vel
1022 2635 1143 2694 festivis
1166 2621 1279 2696 diebus

168 2725 284 2777 tenere
307 2715 465 2783 debeant;
494 2712 550 2773 sed
569 2713 683 2773 Comes
705 2716 951 2775 convenientem
972 2717 1079 2776 locum
1096 2718 1282 2779 consideret

169 2809 202 2860 et
225 2799 372 2856 inveniat
391 2795 444 2854 ubi
472 2795 642 2856 stationem
663 2795 703 2855 ad
723 2799 857 2857 mallum
879 2797 1057 2858 tenendam
1086 2801 1278 2871 constituat;

171 2881 247 2960 quia
265 2881 354 2938 nefas
372 2887 418 2937 est
436 2877 480 2935 ibi
498 2899 568 2937 reos
593 2877 701 2958 puniri
721 2879 775 2937 ubi
798 2890 946 2960 respectu
970 2880 1096 2943 divinae
1121 2903 1277 2942 reverea-

170 2964 237 3022 tiae
259 2959 530 3035 misericordiam,
553 2981 711 3020 consensu
731 2959 874 3020 fidelium
895 2972 1087 3040 nostrorum,
1111 2973 1143 3024 et
1164 2965 1278 3026 deere-

171 3054 207 3106 ιο
227 3043 512 3126 praedecessorum
531 3049 723 3119 nostrorum,
746 3055 999 3124 consequuntur.

194 3168 198 3174 ’
216 3147 281 3225 (Ut
302 3162 439 3231 tempore
457 3146 744 3228 Quadragmimae,
767 3151 885 3209 aeoliis
907 3152 1098 3236 [cinniorum
1113 3149 1236 3225 diebus,

172 3239 177 3246 '
462 3229 559 3288 malla
582 3231 629 3288 vel
650 3231 770 3314 placitu
794 3254 856 3292 aon
869 3232 985 3315 fiant).

257 3335 351 3398 Vlll.
393 3339 435 3396 Ut
452 3335 540 3396 Missi
567 3337 667 3397 nostri
698 3338 874 3399 Comitibus
898 3348 929 3398 et
952 3336 1099 3399 omnibus
1125 3335 1279 3419 reipubli-

170 3440 227 3482 cae
250 3419 403 3480 ministris
418 3417 551 3477 lirmiter
576 3439 615 3478 er
636 3421 734 3480 verbo
752 3431 858 3480 nostro
872 3421 1067 3481 denuntient
1080 3429 1175 3500 atque
1189 3440 1279 3502 prae-

172 3505 310 3588 cipiant,
334 3511 371 3561 ut
396 3510 543 3581 aquarta
565 3499 644 3560 feria
671 3513 745 3562 ante
770 3502 900 3561 initium
918 3502 1198 3584 Quadragesimae,
1217 3522 1277 3560 nec

172 3589 206 3648 in
231 3587 296 3668 ipsa
320 3593 434 3665 quarta
451 3581 553 3659 feria,
582 3605 682 3663 usque
712 3594 783 3666 post
806 3595 932 3648 octavas
954 3585 1116 3660 Paschae,
1145 3584 1279 3648 mallum

173 3672 227 3732 vel
246 3669 399 3748 placitum
413 3664 591 3747 publicum,
611 3666 672 3726 nisi
690 3665 728 3726 de
741 3667 912 3728 concordia
931 3675 963 3726 et
982 3665 1204 3748 pacificatione
1219 3665 1279 3725 dis·

172 3750 396 3825 condentium,
427 3756 539 3807 tenere
564 3757 780 3828 praesumant.
825 3748 981 3808 Similiter
1008 3749 1106 3808 etiam
1130 3768 1146 3805 a
1167 3756 1281 3828 quarta

170 3835 254 3896 feria
276 3843 350 3892 anto
390 3829 589 3890 nativitatem
613 3829 743 3891 Domini
770 3852 872 3910 usqne
896 3840 966 3912 post
988 3838 1188 3890 consecratos
1212 3829 1280 3889 dies

172 3917 364 3988 observent,
388 3933 516 3972 necnon
540 3922 572 3972 et
596 3911 628 3970 in
652 3912 781 3972 ieiuniis
809 3923 946 3992 quatuor
969 3920 1167 3992 temporum,
1191 3921 1223 3970 et
1245 3911 1280 3970 iu

173 3996 423 4081 Rogationibus,
449 4004 481 4054 et
511 3993 544 4053 in
578 3993 691 4060 diebus
711 3997 917 4056 Pentecostes
942 3993 1038 4054 simili
1056 3993 1281 4062 observatione

174 4082 304 4142 eosdem
325 4078 456 4138 feriatos
479 4075 547 4138 dies
568 4075 718 4140 venerari
740 4076 932 4140 omnimodis
953 4075 1110 4144 studeant.

192 4219 491 4241 W

211 4279 241 4344 c)
260 4274 295 4329 al.
314 4291 362 4330 ms.
381 4270 522 4329 condictis.
