2746 4992
261 341 293 396 s.
311 334 390 391 cua.
494 329 617 385 aranu
635 325 851 384 rasrconuu
960 330 1058 394 aa
1143 293 1219 398 itti

113 493 119 500 '
156 480 339 564 A'gilmarus
354 469 565 534 Arvernensis
578 466 759 551 Episcopus
768 464 956 548 subscripsi,
976 527 978 538 ,
995 502 1017 542 :3
1064 507 1079 542 „
1102 487 1156 545 «μμ

156 565 318 626 Bernerus
333 552 649 634 Gratianopolitanus
666 550 843 632 Episcopus
864 543 1046 634 subscripsi.
1149 549 1153 560 ‘

154 646 247 712 Abho
263 634 477 702 Nerernensis
492 633 669 715 Episcopus
692 631 873 714 subscripsi,
1031 692 1049 728 Ὗ

156 725 306 790 Ottulfus
324 721 485 800 Augustae
504 715 673 776 Tricorum
693 715 868 795 Episcopus
888 713 1070 802 subscripsi,
1106 794 1109 803 Ι
1165 767 1211 816 rt

156 808 359 872 Gislebertus
377 799 581 862 carnotensis
599 796 777 880 Episcopus
792 796 984 881 subscripsi,=

155 881 372 954 Hildeboldus
386 879 624 944 Suessionensis
643 879 820 961 Episcopus
839 879 1022 964 subscripsi.
1063 921 1064 926 κ
1153 873 1183 898 ’“”

156 968 354 1035 Teotharius
375 961 593 1025 Gerundensis
609 962 789 1043 ‘Episcopus
808 961 1002 1045 subscripsi.

158 1051 358 1138 lngelwinus
375 1044 571 1108 Parisiorum
586 1043 763 1125 Episcopus
777 1043 963 1125 subscripsi.-

157 1133 343 1202 Edenulfus
357 1126 583 1191 laudunensis
594 1126 773 1207 Episcopus
788 1125 973 1209 subscripsi.

161 1217 341 1282 Adebertus
365 1208 616 1272 bilvanectensis
634 1207 811 1290 Episcopus
831 1207 1014 1293 subscripsi.

160 1305 265 1364 Berua
291 1294 539 1357 Catalaunorum
550 1289 729 1371 Episcopus
749 1288 932 1372 subscripsi,

163 1381 301 1446 Maricas
318 1373 509 1440 Biterrensis
522 1373 700 1454 Episcopus
724 1371 908 1454 subscripsi.

163 1463 314 1528 Ecsridus
328 1456 525 1520 Pletavensis
545 1454 723 1548 Episcopus
743 1453 924 1538 subscripsi.

160 1551 243 1610 Item
261 1543 352 1604 Abho
367 1537 601 1621 Magalonensrs
620 1537 797 1618 Episcopus
811 1535 994 1620 subscripsi.

159 1625 344 1693 Frodoinus
361 1618 597 1681 Bareilonensis
617 1619 794 1700 Episcopus
812 1619 994 1704 subscripsi.

158 1708 324 1776 Arnaldus
338 1702 502 1765 Tullensis
518 1700 696 1784 Episcopus
709 1702 892 1785 subscripsi.

1088 1374 1093 1390 t
1155 1339 1221 1400 Μ”Τρ

1200 1471 1204 1496 l

1138 1523 1144 1535 s
1167 1516 1214 1560 '⁸7⁴‘

162 1844 315 1909 Ioanuus
343 1837 432 1903 VIll.
452 1837 557 1897 Pasas
577 1833 764 1976 Apcocurro
794 1856 834 1895 an
861 1836 972 1897 Reosu
1003 1853 1057 1898 sus
1086 1831 1180 1901 crusis

632 1937 735 1977 raom.

202 2042 289 2116 Vos,
312 2034 471 2098 carissime
492 2031 538 2092 lili
568 2031 770 2094 Illudouvice
788 2033 927 2114 gloriose
946 2033 1038 2113 Rex,
1059 2057 1175 2118 precor
1187 2035 1221 2098 in

121 2121 362 2196 defensionem,
385 2115 628 2190 liberationem,
651 2123 747 2197 atque
766 2116 994 2176 exaltationem
1014 2129 1140 2179 sanctae
1157 2121 1223 2180 Ro'-

118 2227 235 2273 manae
258 2200 442 2276 Ecclesiae,
464 2198 547 2258 sieut
574 2197 834 2280 praedecessores
865 2198 959 2258 vestri
991 2199 1160 2278 fecerunt,
1176 2205 1224 2263 ‘et

117 2285 287 2354 vobissub
307 2280 508 2350 attestatione
523 2280 629 2339 facere
644 2279 892 2358 mandaverunt,
915 2281 984 2342 sine
1006 2284 1223 2362 proepastina.

119 2374 213 2433 tione
231 2365 343 2428 ctulla
367 2363 522 2424 dilatione
541 2361 740 2424 succurrite:
770 2362 847 2442 quia
880 2359 1018 2424 ministri
1042 2366 1103 2425 Dei
1130 2359 1223 2443 estis,

120 2451 270 2520 vindices
288 2448 322 2508 in
342 2446 389 2506 ira
404 2445 438 2504 in
460 2444 510 2504 his
528 2444 585 2524 qui
610 2443 692 2503 male
718 2452 834 2524 agunt,
871 2455 902 2505 et
934 2467 999 2504 non
1031 2447 1099 2508 sine
1130 2471 1225 2510 causa

122 2535 268 2620 gladium
282 2528 428 2614 portatis;
455 2549 495 2587 ne
511 2526 611 2602 forte,
634 2526 722 2606 quod
740 2526 839 2602 absit,
861 2525 919 2585 illa
937 2549 992 2590 vos
1009 2538 1064 2588 aut
1087 2550 1225 2612 regnum

122 2625 267 2680 vestrum
291 2612 388 2692 eulpa
410 2615 559 2690 contegat
575 2629 657 2689 quae
682 2609 834 2690 quosdam
850 2617 972 2669 veteres
989 2609 1091 2694 Reges
1119 2609 1226 2673 in'i'mi.

123 2700 173 2762 cis
193 2707 224 2759 et
241 2692 426 2758 infidelibus
442 2690 502 2752 Dei
522 2691 685 2770 quondam
698 2698 865 2772 parcentes
886 2689 1111 2753 damnabiliter
1132 2689 1226 2754 strin-

123 2782 185 2844 xit.
227 2777 290 2841 Vel
305 2775 332 2836 si
349 2775 437 2835 aliud
462 2772 585 2855 placet,
618 2771 863 2854 praesentaliter
884 2771 917 2830 in
942 2773 1002 2833 isto
1027 2774 1100 2835 loco
1119 2761 1225 2853 date,

120 2871 187 2948 'per
202 2865 308 2922 Deam
327 2865 360 2918 et
383 2857 514 2917 beatum
538 2855 670 2918 Petrum
692 2877 748 2918 vos
779 2853 934 2935 coniuro,
962 2855 1032 2917 sine
1059 2878 1148 2918 mora
1170 2881 1226 2922 re.

125 2963 291 3029 sponsum.

127 3078 351 3138 Corrrauarro
385 3090 475 3132 crois
511 3069 635 3128 Kaaom
660 3075 723 3150 ‘nu'
754 3089 987 3132 courosrrroms
1030 3091 1226 3150 susannem,

129 3157 217 3220 edita
238 3176 345 3224 eoram
367 3150 570 3214 Hludouvico
594 3150 679 3230 Rege
703 3159 734 3208 et
756 3151 923 3234 Episcopis
942 3175 1007 3218 mn.
1027 3153 1061 3212 in
1077 3156 1227 3230 Concilio

184 3235 369 3320 Tricassino
379 3281 388 3312 ,
411 3244 444 3295 et
459 3255 571 3295 eorum
585 3232 772 3308 auctoritate
794 3233 904 3293 iuncta
923 3235 1077 3297 Gothicae
1094 3239 1170 3322 legi.

213 3349 396 3426 lohannes,
437 3346 614 3430 Episcopus
645 3367 755 3406 servus
783 3367 950 3408 servorum
985 3350 1047 3410 Dei
1081 3353 1228 3416 omnibns

130 3432 369 3518 Episcopisper
381 3429 620 3490 Narbonensem
642 3436 736 3508 atque
752 3429 937 3510 Hispanicas
952 3432 1137 3512 provincias
1155 3457 1230 3496 cou-

131 3516 334 3591 sistentibus,
355 3512 544 3590 Abbatibus,
565 3510 779 3591 Presbyteris‚
799 3513 987 3592 cunctisque
1000 3513 1095 3574 simul
1111 3518 1232 3578 ordini-

130 3603 191 3662 bus
214 3597 327 3660 divino
353 3594 533 3655 ministerio
547 3591 757 3674 mancipatis,
780 3613 908 3654 necnon
929 3595 1117 3674 Comitibus,
1137 3600 1232 3662 Vice-

131 3681 321 3754 comitibus,
344 3677 500 3754 Vicariis,
523 3674 741 3750 Centenariis,
765 3675 945 3754 lodicibus,
969 3686 1001 3738 et
1028 3681 1176 3744 omnibus
1195 3683 1229 3742 in

131 3763 343 3850 potestatibus
361 3757 541 3834 constitutis
561 3758 593 3818 in
615 3756 766 3838 Hispania
784 3765 817 3816 et
833 3757 950 3817 Gothia
970 3761 1147 3840 provinciis
1172 3765 1231 3826 de·

132 3846 305 3932 gentibus,
327 3841 479 3922 omnique
499 3841 620 3922 populo
644 3838 836 3906 occidentali
851 3840 1026 3919 catholieo,
1048 3844 1231 3908 salutemet

134 3927 341 4026 apostolicam
360 3922 629 3984 benedictionem.
670 3921 810 3982 Auctore
834 3921 1054 4005 omnipotente
1074 3928 1145 3988 Deo
1168 3949 1232 3990 me·

133 4013 264 4086 drante,
302 4004 534 4069 lucarnationis
563 4001 695 4064 Domini
731 4001 831 4066 nostri
870 4003 943 4065 lesu
988 4005 1109 4071 Christi
1145 4031 1231 4076 auno
1304 4051 1306 4056 -

133 4112 342 4155 occccxxvnr.
363 4086 544 4148 Indictione
568 4107 611 4146 ar.
630 4107 679 4148 xv.
693 4084 854 4146 Kalendas
868 4087 1083 4170 Septembris,
1104 4092 1232 4157 Domno

134 4174 286 4237 videlicet
301 4168 506 4231 Hludouvieo
524 4165 726 4229 serenissima
746 4177 903 4249 regnante
926 4191 1012 4231 anno
1031 4173 1155 4254 primo,
1176 4197 1231 4239 ac.

134 4264 204 4318 tum
220 4264 267 4318 est
284 4254 302 4314 al
321 4252 411 4316 nobis
426 4249 511 4334 apud
525 4249 636 4312 urbem
654 4249 770 4312 Trecas
782 4270 840 4334 pro
856 4258 940 4314 statu
954 4263 1090 4322 sanctae
1098 4257 1159 4321 Dei
1170 4257 1233 4327 Ec.
