2658 4978
158 330 302 388 acan.
407 325 542 386 annun
561 317 813 396 'rnanconun
919 328 978 386 ass.
1101 307 1148 382 93

76 473 180 559 quando
198 481 230 535 et
244 492 306 554 pro
323 471 522 550 Paganorum
540 467 768 545 infestatione,
790 474 823 530 et
840 488 899 550 pro
913 467 1017 530 exorti
1035 470 1151 532 tumul·

75 570 115 620 tus
133 578 163 616 ac
188 553 473 636 depraedationum
499 560 596 632 atque
626 550 813 631 rapinarum
849 549 1026 610 miserrima
1056 552 1151 613 nimis

72 639 259 712 confusione,
291 635 382 695 nobis
410 633 538 694 licuerit
557 655 631 693 cum
642 632 789 692 Dominis
806 641 840 692 et
868 633 1083 695 confratribus
1115 656 1152 696 ac

70 718 373 802 comprovincialibus
401 714 661 796 Archiepiscopis
689 724 722 775 et
749 715 955 795 Coepiscopis
984 717 1151 798 Synodum

67 809 176 866 favente
191 801 356 876 Domino,
379 798 560 873 celebrare,
582 819 664 877 quae
680 796 731 856 bis
751 805 826 855 sunt
839 797 989 874 residua,
1012 821 1084 858 cum
1106 799 1152 860 eis

66 886 134 947 sicut
149 903 220 944 cum
233 879 393 964 magistris
409 889 440 939 et
456 881 599 961 patribus
619 889 772 953 tractare,
796 886 829 937 et
854 888 978 940 vestrae
1009 880 1152 942 domina·

65 967 131 1028 tioni
144 967 286 1027 debitum
302 963 471 1024 consilium
489 963 564 1023 dare
583 961 792 1022 studebimus.
833 962 876 1021 Et
906 961 931 1020 si
953 964 1041 1022 Deus
1072 964 1151 1024 soli-

65 1050 178 1109 ditatem
192 1059 224 1110 et
239 1047 377 1108 salutem
395 1045 560 1106 Ecclesiae
578 1053 674 1125 atque
695 1041 786 1124 regni
808 1041 840 1100 in
859 1065 956 1103 mann
973 1055 1078 1104 vestra
1093 1045 1152 1106 ed-

65 1151 150 1191 unare
175 1141 206 1192 et
225 1128 409 1226 prosperari
429 1127 630 1202 decreverit,
651 1147 734 1206 qnae
752 1145 825 1183 cum
841 1124 1099 1208 Archiepiscopis
1119 1137 1152 1189 et

65 1212 253 1295 Coepiscoprs
269 1210 385 1272 nostris
400 1209 473 1290 plus
491 1228 668 1289 congruere
684 1206 804 1268 divinis
823 1206 1088 1289 dispositIonibus
1103 1208 1151 1270 ri·

65 1294 208 1370 derimus‚
231 1314 328 1375 agere
347 1292 406 1352 suh
425 1291 579 1350 lamulatu
595 1289 675 1349 recti
693 1287 859 1370 regiminis
883 1289 981 1350 vestri
1006 1291 1151 1353 studebi-

64 1398 129 1436 mus.
165 1379 284 1438 Potens
304 1383 351 1434 est
371 1373 457 1432 enim
474 1375 561 1433 Deus
587 1372 693 1432 minus
711 1371 834 1431 bonnm
860 1370 988 1432 initium
1015 1372 1048 1432 in
1076 1394 1152 1454 per-

63 1457 261 1518 sectcbonum
280 1466 477 1518 commutare
503 1474 706 1536 processum,
728 1454 780 1514 cui
802 1453 946 1513 noscitur
962 1476 1030 1516 esse
1054 1455 1153 1536 possi-

64 1539 117 1600 bile
132 1541 215 1620 qu'od
229 1538 427 1621 impossibile
450 1537 555 1598 solent
571 1537 719 1598 homines
737 1534 891 1600 iudicare.
935 1536 969 1596 Si
996 1537 1082 1597 enim
1099 1561 1152 1598 sa-

82 1622 168 1682 icntia
182 1632 290 1685 vestra
308 1621 442 1702 dignum
466 1619 585 1680 iudicat
608 1618 701 1698 loqui
729 1628 761 1679 et
783 1627 919 1678 tractare
943 1640 1015 1680 eum
1039 1620 1150 1680 vicino

63 1645 135 1785 llege
150 1704 283 1786 eiusque
303 1703 470 1779 fidelihus,
492 1703 660 1763 secedente
682 1700 721 1761 de
736 1700 796 1760 istu
814 1713 903 1780 parte
927 1702 1019 1782 regni
1040 1702 1151 1763 Domi·

67 1807 101 1846 no
115 1796 232 1866 nostro,
253 1789 356 1847 fratre
370 1785 525 1846 videlicet
548 1794 670 1860 vestro,
693 1782 795 1842 multo
818 1782 917 1862 magis
938 1805 995 1844 nos
1020 1793 1149 1865 oportet

69 1878 213 1949 expectare
232 1879 363 1950 tempus
380 1866 591 1941 canonicum,
614 1875 649 1924 ut
669 1887 743 1925 cum
766 1864 918 1926 fratribus
949 1875 982 1925 et
1004 1889 1152 1949 compro-

70 1950 239 2013 vincialibus
260 1948 522 2030 Archiepiscopis
539 1957 569 2008 et
590 1947 757 2029 Episcopis
780 1947 966 2027 loquamur,
988 1949 1065 2030 quia
1095 1973 1151 2030 ge·-

70 2033 166 2092 neralis
182 2056 279 2094 causa
301 2033 447 2093 imminet
466 2031 563 2091 totius
586 2029 767 2111 Cisalpinae
791 2029 968 2091 Ecclesiae.
1011 2033 1151 2092 Maxime

69 2124 156 2174 autem
173 2117 266 2176 nobis
280 2135 411 2175 necesse
428 2122 474 2174 est
492 2111 581 2193 loqni
597 2133 671 2172 cum
692 2110 761 2172 illis
775 2109 1037 2194 Archiepiscopis
1055 2122 1087 2173 et
1102 2115 1150 2173 E-

66 2196 188 2278 piscopis
200 2243 209 2276 ,
231 2197 293 2279 qui
311 2218 470 2257 consensu
485 2205 518 2255 et
533 2195 699 2256 voluntate
719 2193 832 2275 populi
857 2196 949 2276 regni
973 2196 1064 2256 istius
1084 2199 1153 2256 Do·

67 2277 172 2338 minum
184 2289 329 2341 nostrum
343 2281 475 2337 fratrem
500 2287 639 2338 vestrum
663 2285 829 2336 unxerunt
851 2275 884 2334 in
908 2279 1030 2358 Regem
1061 2299 1151 2339 sacro

68 2359 215 2424 chrismate
239 2361 353 2424 divina
372 2360 564 2435 traditione,
586 2380 747 2440 quemque
775 2367 882 2420 sancta
903 2361 1001 2420 Sedes
1023 2372 1149 2442 aposto·

68 2439 118 2500 lica
133 2452 228 2504 mater
247 2453 358 2504 nostra
374 2443 489 2503 litteris
505 2443 687 2521 apostolicis
705 2451 740 2500 ut
754 2442 875 2522 Regem
901 2439 1061 2501 honorare
1082 2453 1150 2503 stu-

69 2523 127 2584 ‹lnit
151 2535 181 2584 et
207 2526 408 2590 confirmare.
450 2525 561 2605 Legite
601 2525 700 2584 libros
728 2523 872 2602 Regum,
910 2534 946 2582 ut
975 2525 1151 2584 invenietis

67 2616 166 2683 quanta
181 2608 364 2670 reverentia
385 2606 587 2688 reprobatum
612 2614 645 2666 et
679 2605 839 2664 abiectum
867 2606 883 2664 al
909 2606 1049 2664 Domino
1073 2607 1151 2666 aaut

68 2685 167 2748 ducere
184 2691 319 2772 dignum
337 2689 429 2749 duxit
447 2697 573 2750 sanctus
589 2687 735 2764 Samuel,
758 2687 849 2748 cuius
870 2687 977 2747 locum
993 2687 1025 2746 in
1040 2689 1153 2748 Eccle-

68 2767 104 2826 sia
122 2791 174 2832 nos
193 2773 274 2833 licet
292 2771 418 2853 indigni
450 2782 606 2834 tenemus.
656 2772 698 2830 Et
724 2769 888 2830 adtendite
918 2791 1014 2849 quam
1044 2769 1152 2849 magni

66 2852 294 2929 penditsanctus
304 2853 419 2926 David,
431 2853 463 2912 in
476 2854 546 2912 loco
557 2853 645 2914 illius
659 2853 782 2912 electus
803 2861 835 2912 et
846 2861 961 2912 unctus
975 2852 1151 2930 laDomino,

67 2933 173 2995 mittere
190 2959 321 2996 manum
337 2935 370 2993 in
388 2936 550 2996 Christum
567 2934 712 3004 Domini;
733 2955 805 2994 cnm
819 2935 895 2995 saut
911 2957 975 2994 non
993 2935 1096 2994 solum
1111 2957 1151 2996 ex

67 3014 116 3072 alia
125 3019 286 3099 progenie,
299 3039 412 3078 verum
423 3039 461 3077 ex
476 3017 539 3076 alia
552 3016 642 3076 tribu'
653 3026 735 3086 erat;
751 3024 782 3076 et
797 3015 891 3077 illum
901 3017 1056 3077 reiectum
1065 3019 1106 3097 {et
1116 3041 1150 3079 se

68 3096 189 3158 electum
201 3101 368 3160 alDomino
382 3098 592 3180 cognoscebat
601 3123 608 3170 ;
633 3110 665 3159 et
681 3098 763 3158 nihil
777 3100 933 3160 firmitatis
946 3100 1034 3159 santi
1047 3101 1152 3162 David

66 3177 178 3257 fecerat,
189 3184 244 3243 sed
258 3182 433 3264 plurimum
448 3181 643 3240 adiutorium
656 3189 687 3241 et
701 3182 847 3242 devotam
856 3183 1042 3243 servitutem
1055 3186 1085 3243 ei
1095 3186 1152 3256 im7

67 3261 209 3337 penderat.
221 3267 265 3324 Et
289 3286 394 3343 neque
410 3264 497 3324 bello
514 3265 651 3339 auferre,
661 3285 766 3344 neque
784 3264 906 3346 ingenii
922 3266 1007 3340 dolo,
1023 3266 1072 3325 illi
1082 3257 1152 3348 reg-

67 3359 131 3400 num
144 3347 306 3427 subripere
322 3346 506 3406 adtentavit.
548 3347 590 3404 Et
620 3367 693 3406 cum
716 3346 833 3405 multos
857 3348 896 3407 ad
922 3346 984 3406 hoc
1006 3367 1152 3410 suasores

69 3427 285 3488 el'auxiliarios
304 3428 482 3504 habuisset,
505 3427 587 3487 nulli
607 3438 712 3488 autem
745 3436 781 3486 ut
805 3425 868 3487 hoc
897 3429 1067 3490 moliretur
1095 3454 1149 3490 ac-

69 3510 279 3586 commodavit,
302 3511 446 3590 quamvis
470 3511 584 3570 multas
601 3509 841 3591 persecutiones
861 3519 893 3569 et
922 3512 1015 3568 morti
1038 3514 1151 3592 proxi-

68 3604 119 3648 mas
135 3591 220 3652 abeo
238 3594 420 3672 saepissime
441 3587 637 3656 sustinuerit.
660 3594 796 3674 Insuper
814 3599 845 3650 et
862 3591 945 3650 bene
964 3593 1053 3654 scitis
1070 3595 1151 3676 qnid

69 3665 99 3758 sle
122 3669 174 3732 illo
186 3673 312 3736 iusserit
332 3674 406 3756 qni,
429 3675 507 3734 licet
527 3674 741 3743 mendaciter,
763 3694 820 3753 pro
849 3671 937 3732 illius
961 3683 1066 3734 tannen
1084 3699 1151 3758 gra·

69 3755 103 3806 ha
118 3755 308 3834 adquirenda
323 3779 356 3816 se
381 3779 510 3816 manum
529 3757 650 3816 misisse
665 3757 698 3814 in
721 3754 904 3831 Christum,
927 3755 960 3814 id
986 3768 1049 3834 est,
1073 3781 1151 3820 unc·

71 3837 125 3890 tam
141 3837 277 3915 Domini,
300 3839 470 3914 nuntiarit,
490 3859 563 3897 nam
582 3839 608 3898 si
629 3847 677 3897 ast
696 3837 812 3919 aliquis
834 3838 890 3919 qui
911 3837 991 3897 haec
1012 3840 1150 3921 ignoret,

73 3917 155 4002 rosei
176 3919 309 3981 dicimus
332 3921 407 4001 quia
427 3921 533 4002 gladio
547 3942 621 3980 eum
638 3920 820 3982 interficere
841 3919 942 3983 iussit.
965 3922 1018 3980 Sic
1044 3934 1076 3983 et
1094 3925 1150 4004 qni

72 3994 224 4086 lqfideliter
242 4013 275 4062 et
294 4004 525 4064 contumaciter
553 4003 586 4062 in
605 4014 739 4063 unctum
761 4004 1021 4085 qualemcunque
1037 4007 1152 4066 Domi·

74 4093 99 4131 ¹11
113 4099 231 4142 manum
248 4085 363 4162 mittit,
388 4085 553 4145 dominum
584 4084 786 4146 Christorum
816 4085 979 4147 Christum
1011 4098 1152 4148 contem-

73 4157 125 4235 nit,
144 4173 173 4222 et
192 4166 224 4224 in
242 4167 345 4228 anima
360 4169 473 4247 procul
489 4167 587 4228 dubio
606 4168 758 4248 spiritalis
778 4168 875 4250 gladii
898 4167 1150 4232 animadversio·

75 4246 309 4326 ceperianum
331 4249 488 4329 dicimus,
510 4271 575 4313 non
592 4259 627 4310 ut
641 4248 901 4336 exaggerationes
921 4257 1033 4314 contra
1051 4255 1151 4316 domi·
