2658 4978
164 253 236 331 tta
376 269 520 330 asna.
626 267 884 334 castrassent
987 271 1045 338 aas.

162 413 247 477 sicut
266 419 337 494 post
359 407 447 472 illins
475 411 570 472 verba
588 411 678 474 vobis
695 411 988 491 manifestabimus,
1007 411 1098 496 signo
1119 418 1243 481 certissi-
1309 437 1310 456 ¹

162 517 215 558 mo
237 494 491 559 demonstremus
504 495 579 576 quia
598 495 689 572 illum
707 496 725 558 sl
745 497 814 556 Deo
834 496 975 556 electum
991 505 1024 560 et
1041 495 1127 558 uoltis
1149 497 1244 566 dataro

160 576 349 659 Principem
363 577 540 652 credimus,
561 585 594 638 et
611 575 716 638 eidem
734 577 878 660 largitori
894 579 964 638 Deo
990 597 1030 640 ex
1053 579 1115 639 suis
1139 577 1246 643 beaeli.

162 660 222 722 ciis
240 659 416 721 nausimus
433 659 568 742 ingrati3
591 660 648 720 scd
668 665 840 740 gratiarum
851 659 993 724 actiones
1011 658 1060 722 illi
1072 661 1244 741 relerentes,

162 764 290 804 oremus
311 750 471 824 quittenus
497 751 624 803 etcum
647 741 739 804 nobis
761 743 801 804 ad
827 743 964 804 salutem
989 751 1021 804 et
1043 741 1246 808 defensionem
1310 781 1311 786 κ

162 835 290 888 sanctae
308 844 385 886 suae
403 823 585 900 Ecclesiae,
606 832 640 884 et
663 824 702 886 ad
722 824 877 886 auxilium
895 834 991 908 atque
1006 824 1180 906 prolectam
1192 846 1247 887 om·

164 907 255 969 nium
274 915 439 983 nostrum,
462 929 536 968 cum
556 907 657 966 salute
678 929 715 967 ac
734 928 812 990 pace
832 916 863 966 et
883 903 1139 986 tranquillitate,
1167 908 1245 972 nohis

163 998 334 1050 conservet
347 987 484 1060 diutias;
507 997 540 1048 et
560 1009 618 1049 nos
641 988 730 1048 fideli
754 989 926 1050 devotione
954 987 1003 1048 illi
1028 985 1245 1068 obsequentes,

162 1082 260 1154 atque
282 1079 388 1152 optata
405 1070 582 1133 salvatione
594 1070 739 1134 fruentes
755 1071 813 1134 sub
827 1069 916 1134 illius
929 1069 1205 1149 administratione,
1217 1071 1244 1134 io

162 1175 222 1218 suo
240 1152 554 1234 gabernetservitio.
738 1211 742 1220 ,
809 1211 812 1218 ,

243 1235 307 1300 lll.
348 1237 390 1297 Et
403 1234 431 1296 si
449 1236 499 1296 illi
517 1235 639 1316 placet,
662 1234 796 1318 dignum
815 1233 874 1320 ipsi
890 1243 923 1298 et
939 1232 1151 1296 necessarium
1168 1232 1248 1298 natis

163 1339 231 1381 csse
244 1319 374 1382 videtur
390 1326 426 1378 ut
439 1340 480 1380 ex
504 1318 573 1378 eius
590 1339 644 1378 ore
659 1316 824 1378 audiamus
845 1318 932 1398 qnod
957 1319 975 1380 sl
991 1314 1247 1378 Christianissimo

162 1401 250 1485 Rege
270 1398 359 1464 fideti
374 1408 407 1463 et
422 1399 568 1460 unanimi
585 1400 618 1460 in
633 1399 762 1461 servitio
778 1400 867 1460 illius
881 1401 1015 1484 populo,
1038 1398 1205 1480 unicuique
1218 1398 1246 1462 itt

162 1505 222 1550 auo
245 1481 378 1562 ordine,
400 1482 553 1546 convenit
565 1482 677 1545 andire
694 1505 730 1544 ac
747 1482 988 1546 devotamenta
1010 1481 1179 1564 suscipere.

243 1613 323 1674 Post
342 1611 417 1672 haec
438 1611 511 1671 Rex
530 1609 667 1670 Karalus
683 1609 764 1671 liaeo
785 1630 862 1690 oar-ac
883 1622 1056 1694 sequuntur
1081 1631 1140 1698 per
1165 1629 1195 1674 sc
1218 1611 1247 1673 iu

162 1690 272 1760 cadem
292 1693 436 1756 Ecclesia
456 1694 575 1754 crunctis
596 1693 652 1776 qaai
679 1691 858 1776 affectunt,
881 1693 1091 1761 denuntiauit.

244 1805 329 1886 Quia
344 1806 429 1872 sicut
451 1804 501 1868 isti
532 1805 733 1870 venerabiles
754 1805 905 1889 Episcopi
925 1807 1024 1870 unius
1041 1831 1082 1872 ex
1095 1809 1167 1892 ipsis
1180 1829 1246 1873 voce
1278 1821 1280 1828 ’

162 1890 335 1967 dixerunt,
358 1899 391 1952 et
408 1889 503 1952 certis
520 1889 649 1952 indiciis
670 1911 711 1949 ex
724 1899 827 1952 vestra
842 1889 1052 1952 unanimitate
1071 1901 1248 1956 monstrave-
1313 1933 1314 1950 t

161 1981 259 2050 runt,
282 1981 314 2033 et
334 1995 389 2034 vos
406 1971 617 2050 acclamastis,
638 1993 688 2032 me
701 1971 764 2034 Dei
790 1971 951 2034 electione
971 1973 1012 2034 ad
1033 1984 1167 2036 vestram
1193 1974 1246 2036 sal·

163 2055 328 2119 sationem
350 2064 386 2116 et
412 2055 610 2136 profectum,
632 2064 728 2196 attpne
753 2054 897 2136 regimen
921 2063 954 2116 et
980 2055 1245 2138 gubernationem,

161 2137 228 2202 huc
253 2137 439 2212 advenisse,
466 2137 572 2204 sciatis
596 2158 647 2198 me
685 2155 829 2202 sonorem
857 2143 892 2196 et
924 2138 1049 2199 cultum
1070 2139 1131 2200 Dei
1163 2147 1245 2218 atque

161 2229 344 2286 sanctarum
362 2219 599 2297 Ecclesiarum,
620 2219 760 2292 Domino
790 2217 976 2296 adiuvante,
999 2241 1200 2296 conservare,
1218 2225 1245 2280 et

163 2322 428 2384 unumquemque
447 2311 589 2364 vestrum
608 2302 786 2364 secundum
801 2301 852 2362 sui
871 2301 994 2365 ordinis
1018 2303 1199 2385 dignitatem
1218 2308 1245 2363 et

161 2407 352 2472 personam,
374 2385 463 2444 iuxta
478 2407 585 2444 meum
605 2384 688 2446 scire
709 2393 740 2446 et
766 2405 876 2470 posse,
897 2382 1058 2448 honorare
1079 2395 1111 2448 et
1137 2385 1244 2448 salvara

163 2478 196 2531 et
211 2467 404 2528 honoratum
424 2488 460 2526 ac
478 2466 635 2529 salvatum
648 2477 759 2528 tencre
777 2466 885 2543 velle,
908 2475 939 2528 et
955 2468 1135 2549 unicuique
1153 2466 1181 2528 in
1195 2485 1243 2526 suo

162 2551 277 2612 ordine
298 2550 477 2612 secundum
496 2548 554 2611 silai
573 2557 789 2634 competentes
806 2549 911 2628 leges,
944 2560 1007 2612 tam
1028 2547 1244 2615 ecclesiasticas

161 2655 260 2718 qaam
280 2633 475 2707 mundanas,
498 2633 602 2713 legem
624 2643 657 2696 et
671 2631 823 2692 iustitiam
838 2652 1045 2704 conservare;
1069 2633 1102 2692 in
1131 2629 1188 2692 hoc
1214 2636 1245 2690 ul

160 2715 269 2780 honor
283 2717 390 2796 regius
405 2724 437 2775 et
459 2725 615 2796 potestas,
638 2737 674 2775 ae
693 2714 796 2776 debita
814 2711 998 2775 obedientia
1009 2759 1019 2793 ,
1050 2725 1143 2798 atque
1164 2712 1243 2774 aliu·
1315 2757 1316 2762 1

162 2799 282 2861 tarium
301 2799 338 2858 ael
361 2819 496 2875 regnum
514 2797 593 2860 mihi
619 2799 720 2860 iaDeo
751 2797 859 2858 elatum
881 2797 1118 2858 continendum
1148 2804 1177 2856 et
1200 2793 1244 2854 de·

160 2882 366 2955 sauciandum,
381 2881 421 2940 ab
441 2902 636 2968 unoquoque
651 2887 793 2940 vestrum
809 2881 988 2942 secundum
1005 2903 1100 2940 suam
1114 2875 1244 2940 ordinem

163 2973 196 3028 et
217 2964 405 3046 (lignitatem
433 2973 529 3046 atque
552 2962 795 3042 possibilitatem
833 2961 913 3021 mihi
943 2963 1150 3036 exhibeatur,
1174 2958 1244 3020 sicut

36 3107 44 3118 ,
161 3047 258 3106 vestri
277 3055 495 3106 antecessores
515 3045 666 3124 fideliter,
689 3045 770 3110 iuste
794 3053 826 3108 ct
837 3044 1090 3124 rationabiliter,
1111 3041 1244 3110 meista·

87 3185 90 3190 .
161 3126 619 3194 secessortbasextaihuerunt.

243 3257 287 3326 Et
315 3256 463 3341 posthaec
492 3253 710 3326 Hiucmarus,
747 3253 912 3328 Remorum
944 3252 1145 3344 Episcopus,
1181 3253 1244 3316 iaec

163 3360 242 3422 qraae
266 3352 438 3420 captarentur
462 3336 626 3421 Capitale,
660 3337 783 3400 testeus
814 3359 850 3402 ac
880 3339 1059 3417 postulante
1082 3337 1242 3410 Adsentio,

161 3423 262 3508 ipsius
282 3421 416 3484 civitatis
434 3420 609 3504 Episcopo,
638 3441 674 3480 ac
700 3423 831 3482 caeteris
862 3419 1029 3503 Episcopis
1061 3421 1243 3481 Treuirorum

157 3505 367 3593 prouinciae,
390 3503 504 3565 Attuae
521 3503 640 3564 scilicet
654 3501 814 3566 Ecclesiae
839 3501 872 3562 V
869 3501 1061 3562 iriduneasis
1079 3501 1241 3584 Episcopo,

162 3601 194 3652 et
213 3585 349 3668 Acuulfo
373 3583 529 3652 Tutiensis
553 3585 691 3646 ciuitatis
712 3583 889 3666 Episcopo,
912 3584 1075 3646 Francoue
1096 3585 1241 3664 Tungros-

161 3672 206 3734 ss'a
234 3670 374 3734 ciuitatis
404 3667 583 3762 Episcopo,
610 3666 845 3728 coulu'beata'bus
875 3668 1060 3749 provinciae
1094 3669 1242 3762 Remorum

161 3749 329 3836 Episcopis
340 3795 352 3824 ,
373 3769 479 3812 coram
494 3749 657 3834 cpiscopis
679 3762 709 3811 et
728 3749 832 3826 Rege,
855 3750 1035 3828 cunctisque
1057 3752 1115 3832 qui
1133 3745 1242 3832 pullus

160 3833 333 3918 adsuerunt
352 3834 388 3900 c'n
408 3830 518 3902 eadem
538 3830 699 3910 Ecclesia,
717 3829 841 3915 publice
861 3829 1064 3897 denuntiavit.

243 3949 271 4017 l.
310 3948 360 4016 Ns
378 3947 477 4012 alicui
494 3949 578 4011 lacte
599 3947 747 4013 videatur
760 3946 940 4028 incongrue
959 3965 995 4006 ac
1010 3935 1241 4029 praesumptiosa

160 4053 216 4096 ms
234 4055 272 4100 as
298 4031 486 4114 prouinciae
515 4040 642 4095 nostrae
673 4028 875 4092 venerabiles
903 4027 1108 4112 coepiscopos
1126 4023 1241 4106 lfacars,

160 4115 317 4202 quoniam
332 4115 371 4178 de
387 4115 488 4178 altem
505 4113 669 4198 prouincia
686 4110 884 4176 ordinationi
900 4120 933 4172 et
950 4109 1052 4174 causis
1067 4105 1161 4168 huius
1177 4119 1242 4186 pto·

162 4198 291 4266 stacta·
310 4219 370 4264 soe
389 4197 626 4276 immiscemus,
647 4194 727 4262 sciat
754 4216 812 4262 nos
842 4201 956 4260 contra
980 4193 1128 4258 canones
1152 4193 1242 4252 sacru
