2712 4992
189 284 261 355 320
522 297 706 391 nancricrr
733 295 981 352 sonrnutnarn

186 459 309 502 cessum
338 437 597 500 intentamentum
619 435 825 514 remanserit,
846 437 887 498 ad
907 445 1031 498 nostros
1051 431 1199 514 legitimos
1216 449 1257 486 re-

187 532 331 585 vertatur
351 519 496 578 heredes.
538 519 694 581 Similiter
718 529 750 579 et
769 541 829 600 ego
852 520 932 596 illa,
955 515 1137 579 dulcissime
1166 510 1260 591 iugalis

186 627 275 666 meas
302 602 375 674 ille,
408 611 588 662 commouet
617 623 668 660 mc
697 602 864 662 dulcitudo
888 614 961 678 tua,
994 601 1029 660 in
1053 594 1262 678 compensatio-

188 710 228 748 ne
249 707 357 746 reruni
378 692 502 741 tuarum
524 683 611 764 quod
638 685 672 742 in
697 705 746 744 me
773 687 859 744 visus
889 706 922 744 es
950 681 1144 753 contulisse,
1172 677 1196 736 si
1220 673 1264 731 mi·

185 770 223 832 bi
243 769 276 829 in
303 767 390 826 bunc
412 765 558 824 seculum
582 767 731 850 suprestis
755 767 979 842 fueris,·dono
1001 763 1062 824 tibi
1095 760 1179 820 omui
1209 777 1264 816 eor-

186 871 265 934 pore
296 846 454 906 facultatis
486 869 601 924 meae,
638 847 848 928 ubieunque,
879 849 1122 926 undecunque,
1152 853 1209 900 tam
1236 839 1264 896 dt

185 931 364 993 hereditate
387 939 555 1008 parentum
572 931 722 1010 quamde
747 942 982 1011 comparatum,
1005 932 1059 988 vel
1089 924 1174 1006 quod
1199 920 1266 1002 pati-

187 1027 238 1075 ter
266 1013 498 1084 laboravimus,
519 1020 624 1071 totum
650 1022 683 1074 ct
712 1012 752 1071 ad
785 1013 963 1094 integrum,
991 1022 1059 1072 tam
1086 1009 1120 1065 in
1143 1004 1265 1075 villabus,

187 1095 359 1168 domibus,
398 1102 430 1152 ct
460 1100 610 1170 caetera,
645 1104 779 1176 excepto
810 1096 897 1174 quod
925 1115 990 1178 'pro
1026 1091 1152 1152 animae
1184 1106 1265 1146 reme·

188 1180 241 1240 dio
268 1179 307 1236 ad
329 1178 398 1236 loca
433 1175 623 1235 Sanctorum
646 1176 882 1258 delegavimus,
914 1188 950 1238 ut
975 1179 1124 1256 inspecta
1148 1175 1209 1252 ipsa
1229 1169 1266 1224 iu·

187 1268 383 1335 strumenta,
406 1257 438 1314 in
462 1259 614 1318 omnibus
629 1270 856 1337 conservetur,
891 1271 923 1320 et
948 1262 1040 1340 quod
1061 1259 1103 1318 de
1132 1253 1197 1336 ipsa
1216 1253 1266 1310 alu-

189 1343 228 1403 dc
249 1363 319 1400 mea
347 1351 418 1422 post
438 1360 544 1398 meum
565 1342 736 1402 discessum
758 1363 817 1423 pro
840 1343 1000 1401 communi
1021 1340 1171 1400 mercede
1191 1334 1266 1394 adlu-

188 1447 225 1487 cu
254 1421 504 1483 Sanctorum***
527 1423 577 1482 vel
595 1424 752 1505 ingenuos
771 1424 914 1484 relaxare
941 1424 1101 1496 volueris,
1131 1417 1267 1478 licentiam

185 1506 314 1579 babeas,
338 1514 370 1564 et
391 1505 531 1583 inspecta
555 1504 623 1586 ipsa
649 1507 874 1584 instrumenta,
897 1507 930 1565 in
953 1507 1107 1568 omnibus
1129 1517 1267 1562 conserve-

187 1599 250 1647 tur.
291 1589 367 1648 Po'st
387 1597 478 1646 tuum
498 1608 626 1668 quoque
649 1588 833 1665 discessum,
854 1589 1010 1672 quicquid
1033 1589 1268 1646 intestumeutum

188 1670 388 1744 remanserit,
411 1668 451 1726 ad
474 1677 598 1729 nostros
616 1669 763 1746 heredes,
784 1673 841 1752 qui
859 1681 937 1732 tuuc
954 1669 1202 1754 propinquiores
1220 1664 1268 1720 l'ue·

188 1753 273 1827 rint,
301 1759 491 1830 revertatur.
554 1751 589 1811 Si
611 1772 707 1825 vero,
736 1753 824 1832 quod
851 1755 994 1812 futurum
1028 1774 1099 1813 esse
1133 1767 1193 1806 nou
1221 1763 1269 1802 cre·

190 1835 314 1908 dimus,
349 1832 449 1912 aliqui
475 1830 514 1892 dc
550 1832 720 1892 heredibus
751 1835 867 1896 nostris
892 1835 944 1896 vel
969 1835 1160 1915 quicunque
1182 1835 1268 1887 conbt

188 1916 273 1980 hanc
289 1913 589 1992 interdonationem,
612 1915 697 1974 unde
719 1915 805 1976 inter
825 1939 882 1978 nos
904 1939 968 1977 uno
990 1926 1107 1976 tenore
1130 1907 1267 1986 conscrip-

188 2005 236 2060 tus
258 1997 461 2072 firmavimus,
483 1996 596 2055 venire
620 2005 674 2056 aut
700 1998 883 2080 infrangere
919 2000 1079 2074 voluerit,
1112 1995 1268 2054 nullatenus

191 2081 296 2140 valeat
316 2078 493 2154 vindicare,
516 2079 570 2138 sed
595 2077 712 2138 inferat
734 2083 874 2160 partibus
896 2081 1022 2156 vestris,
1054 2101 1131 2140 curu
1160 2079 1267 2156 cogente

190 2159 278 2238 lisco,
300 2161 370 2234 auri
391 2161 485 2219 libras
501 2168 615 2237 tantas,
637 2164 761 2240 argenti
778 2173 896 2235 tantas;
917 2155 1088 2246 praesente
1108 2179 1181 2221 vero
1202 2154 1268 2236 epis·

190 2247 257 2302 tola
284 2242 318 2301 in
341 2243 432 2303 nullo
451 2244 551 2323 possit
572 2244 733 2324 convelli,
764 2247 820 2305 sed
840 2247 930 2306 firma
956 2243 988 2306 et
1016 2246 1154 2304 inlibata
1171 2255 1268 2324 perma-

191 2333 274 2385 neat.
498 2331 501 2338 “
1198 2359 1201 2366 ·

442 2455 521 2513 Item
543 2451 607 2513 aliu
627 2454 692 2512 sinc
714 2453 819 2537 aliqua
838 2457 1036 2517 minitatione.

273 2567 363 2634 VIII.
405 2571 473 2628 Isto
493 2567 556 2625 ulia
576 2568 596 2626 d
618 2570 720 2648 cupite
748 2571 849 2628 instar
866 2572 984 2654 prioris
1006 2592 1104 2653 usqne
1131 2570 1201 2630 dum
1221 2561 1263 2622 atl-

191 2652 311 2716 vixeris
342 2650 579 2711 usul'ruetuario
610 2652 723 2710 ordine
749 2651 862 2711 debeas
892 2653 1069 2732 possidere,
1104 2661 1172 2735 post
1193 2659 1263 2706 tuan

191 2757 323 2818 quoque
360 2733 531 2794 discessum
552 2730 592 2791 ad
614 2731 772 2810 legitimos
797 2742 919 2794 nostros
940 2745 1124 2796 revertatur
1144 2729 1262 2798 heredes,

192 2828 225 2880 et
253 2817 379 2876 nullum
400 2813 601 2895 pontificium
628 2814 799 2896 quicquam
823 2816 941 2877 exinde
966 2819 1131 2877 alienandi
1150 2822 1206 2874 'ant
1223 2809 1264 2866 ml·

192 2900 313 2959 nuandi
338 2896 457 2957 hahere
482 2917 547 2955 nou
572 2895 698 2956 debeas.
741 2897 893 2958 Similiter
916 2910 949 2959 et
970 2921 1028 2982 ego
1054 2902 1125 2976 itta,
1145 2888 1263 2959 dulcissi-

191 3004 241 3044 me
264 2981 379 3060 iugalis
402 3000 490 3038 meus
514 2977 592 3054 ille,
615 2990 859 3040 commouetme
883 2981 1050 3042 dulcitudo
1066 2995 1122 3042 tua
1146 2983 1173 3040 in
1195 2993 1262 3037 com-

190 3069 378 3148 pensatione
408 3081 515 3120 rerum
536 3069 673 3136 tuarum,
697 3061 784 3142 quod
805 3063 839 3121 in
871 3085 920 3122 me
948 3062 1086 3126 visus'cs
1104 3060 1260 3127 contulisses

191 3149 219 3208 si
240 3143 319 3203 mihi
352 3144 386 3202 in
417 3141 478 3202 hoe
509 3143 653 3203 seculum
677 3145 829 3225 suprestis
855 3147 967 3223 fueris,
990 3149 1101 3208 ornnes
1128 3169 1174 3206 res
1197 3156 1260 3200 msstt

192 3247 418 3310 quascunque,
442 3235 496 3283 aut
520 3225 717 3305 ubicunque,
740 3235 801 3285 tarn
824 3228 856 3286 in
878 3231 983 3306 terris,
1004 3242 1036 3290 et
1067 3233 1202 3309 reliqua,
1219 3219 1261 3279 sub

191 3333 253 3370 usu
271 3307 430 3369 benetieio
453 3308 761 3388 debeas-possidere,
782 3317 815 3367 et
834 3313 960 3370 nullum
980 3313 1174 3390 pontilieiurn
1194 3304 1261 3386 quic·

192 3415 289 3476 quam
311 3391 427 3450 exinde
449 3389 614 3450 alienandi
636 3401 691 3448 aut
714 3393 883 3452 minuendi
898 3403 1024 3474 praeter
1045 3417 1139 3454 usiam
1166 3399 1262 3452 tantun

192 3498 259 3535 non
285 3473 421 3547 habeas,
451 3479 575 3553 etpost
601 3474 888 3534 tuum-discessum
915 3476 953 3534 ad
982 3477 1142 3556 legitimos
1165 3477 1260 3534 naseas

193 3564 374 3618 revertatur
391 3553 535 3619 heredes.

356 3688 472 3748 Cbartu
492 3685 726 3746 obnoxiationis
747 3709 766 3744 a
786 3699 876 3770 putre
900 3689 933 3746 in
951 3685 1039 3771 filiis
1052 3691 1154 3772 factu.

275 3804 335 3870 IX.
377 3801 579 3862 Dulcissimis
602 3800 677 3860 filiis
699 3801 776 3862 meis
797 3824 855 3884 ego
882 3805 948 3863 ille.
972 3807 1128 3869 Omnibus
1152 3803 1260 3870 nuubt·

194 3895 290 3954 betur
326 3886 526 3968 incognitum
562 3885 701 3964 qualiter
731 3895 804 3954 astte
833 3887 887 3946 bos
922 3901 1022 3950 annos
1051 3895 1144 3951 villas
1168 3893 1260 3969 aliqrus

113 4051 115 4060 Ι
194 3980 419 4054 aruncupautes
443 3968 524 4044 illas,
546 3968 620 4027 sitas
642 3967 698 4043 ibi,
719 3968 882 4047 genetrice
904 3983 1010 4031 vestra
1033 3973 1099 4050 illa,
1122 3986 1262 4052 antequam

196 4077 270 4118 eam'
296 4075 367 4114 meo
393 4051 561 4111 sociassem
590 4050 759 4129 coniugio,
789 4073 846 4130 per
877 4054 1043 4133 epistolam
1066 4059 1208 4117 cessionis
1225 4057 1261 4107 aut

195 4138 353 4207 libellum,
375 4134 458 4194 dotis
491 4133 578 4193 visus
605 4154 676 4190 sum
704 4133 913 4198 condonasse,
955 4137 1020 4196 Sed
1045 4139 1121 4198 dum
1151 4139 1261 4217 etipsa,

195 4219 336 4307 peccatis
356 4217 435 4278 meis
457 4213 661 4292 facientibus,
691 4212 730 4273 ub
753 4213 813 4274 bae
834 4215 906 4300 lucc
927 4218 1081 4301 discessit,
1102 4234 1133 4285 et
1154 4245 1204 4287 vos
1218 4237 1263 4277 ou-
