2658 4978
178 301 251 376 136
396 317 528 371 acea.
620 317 875 408 'castrutium
976 323 1037 378 ssa.

176 483 237 548 pro
251 457 369 542 quibus
384 457 433 518 illi
450 456 496 518 sic
509 455 652 540 privatus
669 477 734 518 uon
753 467 821 519 erat
839 458 923 520 sicut
940 471 1033 522 antea
1044 461 1171 524 'fueratz
1195 485 1267 544 quas

177 545 205 607 si
221 543 278 604 ille
293 540 463 602 emendare
481 538 585 613 ¹vellet
599 539 683 598 sicut
698 540 727 600 ei
746 540 927 617 mandabat,
945 543 1128 604 voluntarie
1143 544 1190 615 illi
1206 557 1267 606 erat

176 626 261 688 sicut
276 624 415 706 diligens
432 629 562 703 patruus
574 619 693 682 dilecto
708 621 830 702 nepoti,
840 632 872 682 et
884 623 1085 686 Christianus
1098 626 1164 688 Rex
1173 627 1268 688 Chris·

176 709 267 770 tiano
281 707 363 788 Regi
385 725 453 766 esse
470 723 530 783 per
548 711 671 762 rectum
687 703 792 768 debet.
833 707 882 766 Dc
905 706 1022 787 quibus
1041 708 1145 768 causis
1167 729 1220 768 uos
1240 718 1267 770 et

174 789 330 885 Episcopi
352 786 411 868 qui
429 785 594 846 nobiscum
614 785 749 845 fuerunt
769 807 809 846 ex
826 795 915 868 parte
933 789 1061 869 nepotis
1088 790 1198 868 nostri,
1216 792 1268 850 lra-

178 880 220 932 trr
246 879 354 932 nostro
374 877 408 932 et
432 867 600 948 Episcopis
624 867 679 948 qui
706 889 779 928 eum
802 889 841 928 eo
877 878 969 929 erant
996 871 1060 931 tale
1093 892 1269 953 responsum

167 952 394 1020 'reddidimus;
416 952 493 1031 quia
520 950 591 1009 illas
621 971 750 1027 causas,
772 971 852 1032 quas
880 951 910 1012 ei
936 953 1127 1033 reputabat,
1154 963 1269 1035 paratus

180 1044 249 1096 erat
268 1043 322 1093 aut
337 1033 526 1108 emendare,
548 1039 603 1090 aut
621 1032 661 1094 de
679 1030 745 1092 illis
757 1036 876 1093 certam
891 1033 1028 1095 reddere
1050 1033 1223 1112 rationem,
1242 1045 1269 1098 et

179 1117 309 1197 diguam
322 1117 427 1176 facere
446 1111 703 1176 satisfactionem.
744 1115 841 1193 Quod
855 1135 1046 1196 responsum
1060 1118 1160 1176 frater
1175 1127 1269 1178 noster

179 1209 212 1260 et
225 1197 376 1280 Episcopi
394 1195 536 1258 libenter
556 1205 765 1277 receperunt;
796 1205 845 1272 et,
874 1199 945 1258 Deo
968 1199 1107 1280 gratias,
1139 1210 1211 1260 sunt
1232 1200 1270 1259 ita

181 1282 276 1342 ruodo
297 1281 398 1342 frater
414 1289 446 1338 et
462 1299 561 1361 nepos
578 1288 687 1338 noster
699 1277 782 1338 sicut
795 1299 854 1358 per
867 1289 992 1339 rectum
1007 1302 1078 1342 esse
1099 1281 1223 1342 debent

262 1362 322 1426 lll.
366 1361 408 1420 Et
424 1363 572 1422 volumus
594 1369 630 1420 ut
646 1358 730 1420 sicut
752 1359 844 1421 nobis
865 1363 1037 1440 convenit,
1062 1372 1099 1423 ut
1117 1363 1199 1424 inter
1219 1386 1266 1425 uos

180 1445 291 1508 fideles
306 1443 394 1504 Missi
416 1443 613 1520 discurrant,
636 1452 669 1502 et
689 1463 771 1524 quae
792 1442 825 1501 in
848 1443 1109 1524 uniuscuiusque
1142 1456 1269 1507 nostrum

179 1549 282 1610 regno
302 1525 502 1586 emendanda
514 1533 609 1601 sunt,
633 1533 664 1584 et
682 1525 764 1588 alter
782 1523 874 1585 alteri
896 1524 1089 1604 innotuerit,
1112 1527 1269 1588 emenden-

180 1620 251 1686 tur,
274 1619 306 1669 et
323 1628 411 1668 casae
427 1608 488 1666 Dei
512 1616 545 1667 et
559 1606 747 1668 Sacerdotes
770 1627 805 1666 ac
822 1606 908 1668 servi
927 1608 989 1668 Dei
1008 1610 1119 1692 legem
1137 1620 1168 1670 et
1183 1610 1269 1669 hono

180 1714 249 1752 rem
271 1690 416 1750 debitum
436 1689 592 1762 habeant,
626 1698 658 1748 et
679 1687 903 1770 unusquisque
927 1689 1076 1752 fidelium
1102 1700 1269 1752 nostrorum

180 1773 215 1832 iu
232 1772 339 1854 regnis
359 1770 493 1848 nostris,
522 1771 746 1852 cuiuscunque
772 1781 916 1832 nostrum
932 1773 973 1832 sit
991 1773 1103 1852 homo,
1126 1775 1224 1855 legem
1242 1781 1268 1832 et

181 1853 334 1915 iustitiam
355 1862 388 1913 et
402 1853 435 1912 in
457 1875 490 1914 se
509 1862 541 1914 et
555 1853 589 1914 in
607 1853 672 1914 suis
689 1853 959 1936 proprietatibus,
982 1864 1015 1916 et
1030 1855 1065 1914 iu
1090 1856 1155 1916 suis
1177 1855 1267 1914 bono·

180 1935 290 2014 ribus,
308 1936 424 1996 habeat
440 1935 524 1997 sicut
540 1946 684 2018 tempore
703 1945 938 1997 autecessorum
953 1947 1140 1998 nostrorum
1160 1935 1268 1995 hahue-

180 2026 280 2096 runt,
303 2027 335 2079 et
358 2017 539 2078 sicutinter
554 2039 611 2079 nos
627 2018 689 2076 iam
718 2018 892 2093 convenit,
915 2029 947 2080 et
974 2019 1008 2078 iu
1031 2020 1099 2081 illis
1129 2017 1270 2099 Capitulis.

181 2112 229 2163 est
243 2101 451 2162 constitutum
466 2121 548 2180 quae
566 2099 792 2160 intercessores
806 2099 907 2160 nostri
919 2102 1021 2184 Reges
1034 2101 1265 2174 constituerunt,

182 2193 214 2244 et
233 2185 316 2264 sicut
336 2204 394 2243 nos
413 2183 498 2265 apud
512 2183 672 2242 Marsuam
693 2182 905 2258 firmavimus,
928 2193 960 2244 et
979 2184 1066 2244 sicut
1096 2205 1183 2244 nanc
1204 2203 1266 2262 pro-

181 2266 267 2325 xime
289 2264 373 2345 apud
392 2263 601 2326 Confluentes
628 2265 810 2335 statuimus;
833 2265 955 2342 donec,
989 2265 1162 2342 adiuvante
1186 2267 1264 2340 Deo,

182 2369 325 2428 congruo
346 2355 488 2428 tempore
507 2355 539 2406 et
549 2357 736 2428 opportuno
756 2348 827 2406 loco
847 2347 964 2406 iterum
980 2348 1079 2408 simul
1107 2345 1265 2409 convenia-

182 2451 263 2504 mus,
286 2439 318 2490 et
338 2449 402 2487 una
417 2450 491 2489 cum
512 2429 673 2488 communi
687 2428 831 2492 fidelium
852 2438 1032 2489 nostrorum
1051 2429 1267 2507 consilioquae

179 2513 323 2594 perfecta
346 2531 409 2570 uon
426 2511 570 2587 fuerint,
591 2511 723 2591 pacifice
738 2520 909 2572 tractemus
936 2520 1031 2591 atque
1061 2511 1265 2594 perficiamus,

181 2593 272 2654 etita
292 2615 349 2654 uos
363 2593 403 2653 ad
423 2593 565 2654 invicem
586 2592 792 2670 adiuvemus,
815 2603 851 2652 ut
874 2615 946 2654 cum
961 2594 1023 2654 Dei
1047 2592 1204 2653 adiutorio
1219 2611 1268 2649 nos

183 2685 216 2736 et
228 2676 340 2738 fideles
358 2685 482 2736 nostros
497 2674 673 2752 salvemus,
695 2683 727 2733 et
750 2675 991 2756 oppressoribus
1015 2686 1143 2736 sauctae
1166 2672 1265 2734 Eccle-

181 2759 246 2820 siae
264 2759 455 2818 resistamus.
495 2757 538 2816 Et
556 2755 639 2817 hanc
659 2757 949 2838 adeognrtatiouem
972 2758 1044 2817 ideo
1074 2756 1170 2818 scribi
1192 2775 1265 2814 com-

180 2841 273 2900 muni
288 2862 447 2901 consensu
466 2839 602 2900 fecimus
613 2869 624 2910 ,¹
649 2849 683 2899 ut
702 2839 924 2920 unnsquisque
945 2849 1092 2899 nostrum
1117 2839 1201 2896 illam
1217 2835 1265 2894 ha«

181 2923 273 2999 beat,
299 2932 331 2982 et
351 2923 469 2986 certius
485 2921 563 2982 sciat
584 2921 664 3002 quid
686 2931 717 2981 et
741 2921 880 3002 qualiter
899 2921 1017 2982 exinde
1036 2921 1201 2981 observare
1219 2938 1265 2978 ex«

182 3006 322 3086 pressius
344 3005 477 3073 debeat;
498 3003 659 3084 quianon
680 3003 774 3070 decet
797 3013 833 3062 ut
852 3005 922 3066 Rex
944 3003 961 3062 d
981 3025 1038 3063 sna
1064 2999 1263 3083 cognitatione

182 3086 306 3163 deviet,
329 3086 413 3146 sicut
435 3107 500 3145 non
515 3083 667 3152 convenit
691 3095 728 3146 ut
742 3084 919 3166 Episcopus
939 3085 956 3144 d
973 3106 1029 3146 sua
1049 3095 1139 3148 recta
1153 3078 1265 3167 praedi-

185 3168 309 3230 catione
329 3167 500 3232 discordet.

478 3296 699 3360 Annunrrarro
726 3297 837 3358 Donru
867 3297 1003 3362 Kauorr.

161 3471 167 3480 ,
266 3411 293 3481 I.
335 3413 404 3473 Hoc
419 3412 508 3496 qaod
527 3412 665 3474 dilectus
685 3413 786 3474 frater
804 3422 914 3474 noster
941 3413 1022 3472 dixit
1048 3433 1107 3472 nos
1137 3408 1265 3494 proxime

183 3494 269 3578 apud
284 3495 492 3557 Confluentes
510 3495 736 3572 constituisse,
759 3505 915 3590 quantum
930 3517 979 3566 cx
1002 3517 1051 3556 me
1067 3487 1148 3567 fuit,
1168 3492 1264 3552 baete·

182 3602 244 3639 uus
263 3579 428 3642 observavi
439 3622 449 3655 ,
470 3588 503 3638 et
518 3578 685 3640 observare
704 3599 817 3659 cupro,
840 3579 866 3638 si
890 3588 922 3639 et
936 3599 1011 3659 erga
1038 3599 1088 3636 me
1116 3576 1158 3635 ita
1178 3569 1262 3634 fuerit

182 3663 399 3730 observatum
421 3669 454 3720 et
477 3656 507 3720 ei
522 3670 758 3741 reputare-non
783 3659 859 3720 volo
886 3670 923 3720 ut
938 3659 1006 3739 ipse
1033 3659 1178 3720 similiter
1200 3672 1261 3732 erga

183 3766 233 3803 me
250 3743 306 3802 illa
329 3742 493 3802 observata
512 3763 578 3801 non
608 3741 733 3806 habeat.
777 3742 882 3802 Credo
909 3741 1004 3802 etiam
1025 3741 1102 3824 quia
1131 3759 1187 3798 nec
1214 3735 1260 3794 ille

181 3825 279 3901 velit,
304 3823 495 3906 uec'aliquis
512 3823 594 3885 alius
614 3823 693 3882 mihi
722 3833 871 3906 reputare
898 3825 1014 3902 possit,
1044 3832 1080 3883 ut
1104 3841 1177 3902 erga
1201 3834 1268 3878 eum·

184 3908 241 3966 illa
263 3908 427 3967 observata
442 3928 505 3967 nou
519 3906 662 3970 habeam.
705 3907 801 3983 Quod
820 3905 846 3968 si
865 3905 980 3986 aliquis
999 3905 1131 3980 fecerit,
1152 3907 1261 3982 paratus

183 4012 251 4051 sum
267 4000 323 4050 aart
343 3989 398 4049 illa
418 4010 500 4070 quae
517 3987 716 4050 emendanda
743 3997 836 4065 sunt,
859 3987 1047 4063 emendare,
1079 3994 1133 4046 ant
1153 3985 1190 4045 de
1210 3980 1262 4039 h00

182 4073 272 4155 quod
289 4072 368 4132 mihi
389 4080 571 4153 reputatum
585 4069 704 4146 fuerit,
727 4080 845 4132 certam
863 4069 999 4131 reddere
1020 4068 1183 4129 rationem.

265 4153 309 4215 ΙΙ.
351 4155 394 4216 Et
414 4153 441 4214 si
461 4153 516 4215 hic
537 4151 716 4214 communis
734 4173 834 4235 nepos
850 4161 957 4214 noster
978 4151 1092 4212 fecerit
1112 4149 1191 4211 sicut
1206 4143 1260 4203 lra-

183 4244 233 4300 ser
246 4245 355 4304 noster
371 4246 405 4298 et
419 4235 572 4323 Episcopi
589 4234 736 4322 quicum
756 4235 897 4296 coluter
918 4239 975 4298 nos'
996 4233 1180 4296 mediatores
1200 4227 1258 4290 lae·
