2786 4980
164 331 260 406 20-
392 349 428 406 A.
448 347 534 405 cna.
639 349 898 412 csrrruanua
1000 350 1064 413 att.

166 515 172 538 ⁸
247 487 274 554 Ι.
317 489 439 574 Igitur,
460 487 545 552 sicut
565 487 770 570 dictumest,
793 493 834 555 ad
858 493 1003 554 omniurn
1023 499 1165 554 vestrum
1181 488 1276 552 uoti-

163 572 241 634 tiam
260 573 434 656 pervenire
448 573 616 649 volumus,
638 573 716 654 quia
740 576 870 636 eosdem
893 575 1040 638 homines
1059 575 1120 636 sub
1138 582 1275 656 proteo·-

162 655 252 718 tione
270 665 304 719 et
324 654 515 717 defensione
533 663 641 715 nostra
655 655 764 720 denuo
785 668 955 742 receptos,
977 659 1062 719 sicut
1084 657 1118 717 in
1144 655 1275 716 unitate

163 737 258 817 fidei,
281 738 327 800 sic
346 737 442 801 etiam
458 737 493 798 in
512 737 725 801 unanimitate
734 739 823 821 pacis
834 751 867 802 et
882 739 1066 804 dilectionis
1079 757 1276 802 conservare

163 821 386 891 decrevimus;
418 842 458 882 eo
495 818 651 882 videlicet
681 821 799 899 modo,
831 833 869 883 ut
898 822 983 884 sieut
1011 822 1130 884 caeteri
1164 817 1277 882 franci

162 902 312 974 homines
330 919 405 964 cum
420 901 544 964 Comite
560 923 619 963 suo
638 903 673 964 in
691 905 870 967 exercitum
887 915 1042 987 pergant,
1065 914 1098 966 et
1123 903 1158 964 in
1182 923 1276 962 mar·

163 985 226 1047 aba
244 995 352 1048 nostra
362 986 465 1046 *iuxta
481 983 705 1047 rationabilem
720 987 864 1049 eiusdem
877 988 1012 1050 Comitis
1029 985 1276 1049 ordinationem

163 1077 261 1149 atque
278 1067 532 1128 admonitionem
548 1067 788 1148 explorationes
804 1080 838 1130 et
854 1070 1025 1150 excubias,
1047 1070 1136 1152 quod
1150 1066 1274 1129 usitato

163 1149 323 1214 vocabulo
342 1163 463 1212 wactas
483 1149 617 1227 dicunt,
646 1151 753 1212 facere
780 1173 846 1213 non
878 1153 1071 1238 neglegant;
1102 1160 1134 1212 et
1161 1148 1275 1216 Missis

163 1232 299 1309 nostris,
321 1254 402 1314 quos
415 1253 474 1313 pro
496 1253 605 1293 rerum
622 1235 864 1315 opportunitate
893 1231 965 1296 illas
988 1236 1024 1296 in
1044 1243 1151 1316 partes
1169 1232 1274 1294 mise-

127 1331 130 1336 ‘
161 1317 281 1393 rimus,
303 1324 358 1376 aut
371 1314 499 1396 Legatis
513 1313 573 1396 qui
588 1315 635 1375 de'
644 1316 789 1397 partibus
815 1316 989 1400 Hispaniae
1015 1319 1056 1380 ad
1077 1339 1136 1378 nos
1162 1326 1275 1377 uana·

161 1397 250 1462 missi
274 1398 415 1474 fuerint,
437 1407 563 1480 paratas
587 1399 725 1475 faciant,
755 1408 788 1460 et
818 1400 859 1462 ad
889 1399 1132 1463 subvectionem
1154 1419 1273 1460 eorum

161 1480 297 1550 veredos
315 1480 448 1556 donent,
469 1479 531 1562 ipsi
544 1479 699 1542 videlicet
716 1491 748 1541 et
766 1480 815 1541 illi
832 1501 971 1564 quorum
988 1480 1271 1580 progenitoribus,

162 1561 361 1644 temporibus
377 1561 430 1622 avi
445 1562 547 1624 nostri
565 1561 688 1639 Karoli‚
711 1563 851 1645 idipsum
868 1566 976 1626 facere
997 1566 1182 1628 institutum
1194 1562 1272 1628 fuit.
1385 1597 1386 1612 2

161 1645 196 1708 Si
209 1653 314 1706 autem
335 1643 371 1704 hi
385 1644 442 1725 qui
459 1643 597 1706 veredos
613 1646 808 1727 acceperint,
822 1645 958 1708 reddere
977 1667 1033 1708 eos
1047 1645 1271 1729 neglexerint,
1385 1657 1386 1680 ³

161 1737 195 1790 et
211 1748 324 1788 eorum
340 1725 581 1788 interveniente
595 1727 801 1810 neglegentia
813 1728 935 1811 perditi
960 1749 1019 1791 seu
1050 1727 1170 1790 mortui
1193 1727 1273 1790 sue-

160 1808 246 1886 rint,
267 1808 446 1870 secnndum
462 1809 569 1891 legem
588 1809 788 1870 Francorum
803 1811 849 1872 eis
864 1831 1004 1893 quorum
1019 1812 1177 1891 fuerunt,
1196 1807 1272 1872 sine

160 1890 319 1956 dilatione
336 1890 551 1952 restituantur
567 1891 619 1952 vel
639 1901 872 1955 restaurentur.

160 2001 164 2006 ·
244 1972 290 2036 ll.
333 1973 555 2036 Ecclesiarum
570 1993 649 2037 vero
662 1993 790 2052 census,
806 1975 841 2037 id
862 1981 930 2054 est,
954 1997 1015 2038 nec
1034 1973 1200 2060 pascualia
1222 1973 1275 2034 in·

159 2059 211 2120 na
226 2076 339 2118 eorum
358 2055 515 2116 terminos
527 2055 580 2117 vel
599 2077 712 2117 eorum
731 2057 845 2136 villas,
868 2079 929 2119 nee
954 2060 1086 2134 telonea
1103 2058 1190 2117 infra
1211 2077 1274 2118 co·

160 2140 309 2201 unitatum
327 2137 362 2197 in
380 2159 447 2220 quo
467 2136 668 2217 consistunt,
690 2160 752 2200 nec
771 2139 833 2200 alia
848 2139 1014 2222 quaelibet
1027 2137 1193 2218 redibitio,
1212 2160 1274 2218 ne·

184 2244 225 2283 ue
241 2221 259 2280 d
275 2220 401 2282 Comite
424 2241 530 2303 neque
557 2220 574 2278 is
597 2219 780 2284 iunioribus
809 2231 864 2283 aut
891 2221 1157 2286 ministerialibus
1179 2221 1273 2300 eius,

159 2245 316 2384 deinceps
342 2303 381 2362 ab
406 2301 471 2362 illis
493 2301 654 2364 ullatenus
676 2302 832 2384 exigatur.

244 2385 308 2447 lll.
349 2385 392 2444 Et
412 2383 472 2444 nisi
495 2405 554 2466 pro
580 2381 683 2446 tribus
700 2385 921 2448 criminalibus
943 2384 1138 2464 actionibus,
1162 2385 1198 2448 id
1213 2395 1274 2464 est,

158 2463 352 2541 homicidio,
375 2476 485 2548 rapto,
508 2475 540 2526 et
560 2465 733 2544 incendio,
757 2489 815 2528 neo
847 2466 910 2550 ipsi
941 2489 1001 2529 nec
1025 2490 1139 2529 eorum
1161 2465 1275 2528 bomi-

159 2571 218 2612 nes
237 2553 253 2611 ai
276 2549 425 2634 quolibet
440 2547 564 2610 Comite
586 2558 642 2610 aut
662 2549 809 2610 ministro
832 2548 1021 2612 iudiciariae
1036 2550 1204 2632 potestatis
1224 2551 1277 2612 ul'·

158 2633 192 2694 lo
207 2633 303 2695 modo
322 2631 512 2692 iudicentur
536 2639 591 2690 aut
607 2630 857 2713 distringentum
880 2633 937 2695 sed
960 2633 1059 2693 liceat
1092 2633 1188 2716 ipsis,
1220 2654 1275 2694 se-

159 2717 305 2778 cundum
320 2735 432 2776 eorum
454 2714 578 2795 legem,
599 2713 639 2773 de
656 2712 728 2774 aliis
742 2713 927 2776 hominibus
941 2713 1063 2776 iudicia
1082 2717 1275 2790 terminare,

159 2806 192 2859 et
202 2807 331 2879 praeter
341 2795 422 2856 baec
438 2795 517 2871 tria,
541 2803 573 2854 et
593 2794 633 2855 de
650 2816 684 2856 se
702 2801 734 2854 et
752 2795 793 2856 de
814 2817 927 2856 eorum
947 2796 1133 2868 hominibus
1150 2821 1277 2860 secun-

161 2879 238 2940 dum
256 2877 421 2960 propriam
439 2877 545 2958 legem
565 2876 672 2936 omnia
687 2875 800 2937 mutuo
818 2876 967 2939 definire.
1271 2893 1275 2900 “

243 2972 303 3048 lvss
345 2984 388 3042 Et
410 2981 437 3041 si
456 2979 617 3060 quispiam
633 3001 745 3040 eorum
762 2981 797 3041 in
812 2992 937 3065 partem
956 3003 1055 3064 quam
1074 2985 1132 3046 ille
1148 2985 1190 3047 ad
1214 2985 1277 3046 ha·

156 3065 329 3128 bitandum
341 3062 402 3123 sibi
420 3062 581 3138 excoluit,
598 3062 678 3123 ulios
696 3061 843 3126 homines
858 3064 898 3126 de
917 3065 988 3127 aliis
1006 3067 1278 3148 generationibus

158 3147 330 3212 venientes
355 3143 552 3219 adtraxerit,
574 3152 607 3204 et
624 3165 733 3206 secum
749 3145 783 3204 in
801 3146 952 3228 portione
972 3170 1046 3219 sua,
1067 3171 1167 3232 quam
1187 3147 1277 3235 apri-

161 3229 281 3288 sionem
295 3234 431 3302 vocant,
454 3224 600 3286 habitare
622 3226 753 3302 fecerit,
773 3237 882 3288 utatur
895 3229 1028 3292 illorum
1043 3232 1179 3294 servitio
1198 3235 1276 3298 ubs-

160 3330 226 3390 que
240 3308 379 3368 aliouius
397 3306 652 3368 contradictione
673 3308 726 3369 vel
746 3307 987 3391 impedimento.

245 3425 289 3489 V.
328 3422 372 3483 Et
385 3422 410 3483 si
429 3419 548 3502 aliquis
564 3439 604 3481 ex
620 3419 696 3502 ipsis
717 3419 918 3502 hominibus,
940 3425 998 3508 qui
1019 3425 1058 3486 ab
1076 3448 1191 3488 eorum
1211 3429 1277 3490 ali-

163 3528 229 3589 quo
247 3505 407 3566 adtractus
425 3512 472 3564 est
494 3513 528 3565 et
557 3502 591 3562 in
619 3525 675 3564 sua
700 3505 851 3582 portione
877 3507 1073 3585 collocatus,
1096 3510 1217 3584 alium,
1242 3513 1277 3574 id

163 3599 230 3661 est,
254 3587 407 3661 Comitis,
429 3594 484 3645 aut
514 3583 741 3659 Vicecomitis,
769 3595 824 3645 aut
852 3588 994 3666 Vicarii,
1015 3599 1073 3650 aut
1098 3593 1281 3656 cuiuslibet

161 3668 306 3732 hominis
322 3667 526 3729 Senioratum
543 3664 698 3746 elegerit,
719 3665 855 3727 liberam
878 3668 997 3731 habeat
1025 3672 1197 3736 licentiam
1219 3678 1280 3738 ab·

164 3751 285 3822 eundi;
309 3759 521 3832 veruntamen
537 3769 579 3810 ex
592 3745 644 3808 his
658 3767 741 3826 quae
756 3749 919 3829 possidet,
943 3751 1029 3814 nibil
1054 3753 1192 3837 habeat,
1224 3761 1279 3820 ni-

161 3833 278 3916 hilque
298 3853 409 3894 secum
423 3832 519 3902 ferat;
542 3828 600 3890 sed
629 3828 738 3888 omnia
762 3829 796 3889 in
822 3831 1002 3896 dominium
1027 3846 1062 3898 et
1080 3849 1280 3922 potestatem

43 3923 48 3934 “
162 3937 281 4002 prioris
299 3912 436 3976 senioris
453 3910 639 3992 plenissime
653 3919 867 3978 revertantur.

246 3995 306 4063 Vl.
348 3993 600 4060 Placuitetiam
634 3991 727 4052 nobis
746 3992 828 4055 ,illis
863 3995 1068 4078 concedere,
1102 4007 1147 4063 vut
1178 4004 1280 4088 quic-

163 4077 322 4160 quidde
354 4075 481 4140 heremi
514 4073 663 4156 squalore
702 4073 738 4136 ia
774 4077 1183 4157 quolibetcomitatuad·
1203 4091 1280 4152 culs

162 4167 234 4218 tum
245 4161 377 4243 frugum
398 4155 580 4234 traxerint,
598 4164 655 4216 aut
672 4154 825 4240 deinceps
844 4159 931 4221 infra
953 4180 1068 4224 eorum
1091 4168 1281 4250 aprisionen

164 4239 314 4304 excolere
334 4239 522 4326 potuerint,
552 4236 759 4320 integerrime
789 4247 923 4305 teneant
960 4250 1058 4326 atque
1086 4252 1281 4332 possideant
