2786 4980
264 305 299 364 s.
319 302 400 356 cun.
517 300 644 356 moon
678 301 897 358 runconuu
1006 303 1071 358 sss.
1211 287 1254 358 οι

147 447 247 507 lutem
264 437 541 504 etauctoritatem
554 441 672 502 factum
688 452 756 504 erat
768 441 1036 505 emendareturet
1049 464 1091 504 ne
1109 441 1262 525 deinceps

148 525 415 600 committeretur,
438 525 637 588 omnimodis
657 535 846 600 careretur,
881 525 1110 585 damnabiliter
1132 531 1188 588 ista
1210 529 1263 584 in-

144 608 333 692 crepatione
356 627 422 666 nou
445 607 621 688 tangimur.
670 608 734 668 Sed
761 619 793 670 et
814 629 902 668 nunc
933 610 1050 668 nostris
1074 613 1204 670 numitis
1228 610 1265 666 il-

143 696 208 756 lius
231 691 359 751 monita
374 689 623 770 coniungentes,
639 700 669 749 et
685 689 773 752 illius
787 691 918 750 monitis
937 702 1042 750 nostra
1057 694 1176 752 inunita
1191 691 1264 752 snb-

142 779 338 858 iungenteS,
359 770 527 832 hortamur
543 783 579 832 ut
595 781 710 834 statum
732 774 1000 834 monasteriorum
1025 775 1055 832 in
1079 798 1179 852 riguo
1196 797 1263 834 rus·-

144 871 198 921 tro
223 855 483 932 consistentium,
505 856 599 914 aliter
626 877 723 936 quam
752 857 868 917 debeat
890 866 922 916 et
945 857 1055 915 deceat
1076 881 1262 938 perversum

147 965 188 1004 ac
212 941 402 1014 contusum,
423 937 647 1018 quantocitius
663 949 696 999 et
711 940 827 999 melius
844 961 879 1000 ac
899 939 1083 1018 possibilius
1101 953 1195 1020 atipie
1215 965 1262 1000 ra-

151 1022 349 1086 tionabilius
369 1020 550 1101 potueritis,
571 1020 741 1082 restituere
766 1032 800 1083 et
825 1025 987 1102 corrigere
1015 1024 1178 1082 studeatis.
1220 1026 1262 1085 Et

156 1129 228 1168 non
252 1105 358 1167 solum
377 1103 439 1162 hoc
457 1124 511 1164 ros
524 1111 554 1163 et
571 1105 753 1165 commissos
770 1104 860 1164 vobis
887 1105 920 1164 in
942 1125 1043 1184 regno
1066 1117 1171 1166 vestro
1191 1129 1262 1184 agc-

156 1211 195 1251 re
219 1207 466 1261 commonemus,
489 1188 711 1248 verumetiam
733 1209 911 1260 monemus,
934 1187 1110 1263 hortamur,
1132 1199 1162 1250 ct
1186 1213 1261 1270 pu·-

155 1293 270 1334 camur
285 1279 320 1328 ut
334 1269 469 1350 capitula
484 1288 567 1348 quae
589 1291 645 1330 ros
669 1271 735 1351 ipsc
758 1293 831 1330 cum
852 1271 1001 1330 lidclibns
1017 1273 1130 1331 vestris
1146 1272 1176 1330 in
1196 1275 1260 1330 Co-

150 1353 243 1415 lonia
266 1352 344 1412 villa
367 1373 462 1410 manu
480 1351 612 1432 propriu
627 1353 846 1430 confirmastis,
863 1353 918 1413 scd
937 1364 969 1413 et
989 1375 1025 1410 ca
1044 1355 1172 1433 quaein
1192 1355 1262 1412 llrl·

146 1457 229 1499 raco
250 1434 380 1494 civitate
402 1432 572 1515 Episcopis
592 1437 793 1496 tradentibus
806 1438 864 1496 suh
885 1435 1072 1496 conditione
1095 1438 1261 1496 notissima

142 1516 343 1600 suscepistis,
360 1515 417 1576 illa
436 1537 568 1597 quoque
585 1539 665 1598 quae
686 1541 759 1579 curn
777 1519 928 1578 fratribus
947 1519 1061 1579 vestris
1075 1539 1165 1580 secus
1179 1521 1263 1578 Tru·

144 1601 240 1664 donis
258 1599 374 1659 villam
392 1599 424 1656 in
450 1599 523 1658 loco
546 1601 602 1682 qui
625 1600 745 1662 dicitur
763 1601 922 1662 Iridicium
948 1602 1161 1682 approbastis,
1185 1604 1260 1661 illa-

144 1702 310 1766 quequae
333 1680 368 1739 in
388 1683 501 1743 Verno
522 1683 641 1764 palatio
662 1685 861 1767 synodaliter
877 1684 999 1763 prolata
1015 1685 1209 1766 suscepistis,
1224 1707 1261 1745 ra

149 1767 251 1827 etiam
271 1785 351 1846 quae
371 1764 406 1823 in
429 1765 593 1844 Sparnaco
621 1766 660 1826 de
686 1768 931 1848 Episcopalibus
955 1769 1104 1848 capitulis
1126 1791 1199 1828 cuin
1225 1771 1262 1828 il·

149 1847 311 1909 lustribus
331 1847 409 1907 uiris
436 1856 469 1906 et
494 1849 689 1930 sapientibus
717 1851 897 1910 Baronibus
921 1851 1033 1911 vestris
1059 1852 1261 1912 obseruanda

155 1929 331 2012 delegistis,
343 1929 398 1990 sed
420 1938 452 1990 et
473 1929 529 1991 illa
553 1954 635 2013 quae
652 1955 726 1994 cum
742 1933 907 1993 Fratribus
927 1933 1040 1993 restris
1059 1934 1143 2012 apiul
1161 1939 1261 1994 blans-

154 2035 231 2072 nam
248 2034 343 2072 mauu
357 2012 486 2094 propria
507 2015 728 2090 confirmastis,
750 2037 863 2074 rerum
881 2027 913 2076 et
936 2016 990 2075 illa
1006 2038 1087 2096 quae
1104 2017 1135 2074 in
1159 2019 1261 2100 Syno-

148 2095 194 2156 do
217 2094 443 2171 suessionica,
465 2095 517 2154 cui
545 2107 683 2157 vestram
712 2099 924 2179 praesentiam
951 2098 1104 2159 exbibere
1134 2100 1260 2181 dignati

146 2178 268 2254 fuistis,
290 2177 488 2260 acceptastis,
510 2198 637 2240 necnon
665 2190 696 2241 et
718 2181 773 2240 illa
798 2182 931 2261 quaein
953 2183 1078 2242 Silvaco
1095 2183 1261 2242 ‹lucraris-

146 2261 199 2339 tis,
223 2259 370 2320 cumbis
398 2281 480 2340 quae
505 2261 538 2320 in
569 2264 708 2324 Lcodico
734 2285 807 2323 cum
835 2265 932 2325 l'ratrc
960 2275 1066 2324 rostro
1091 2265 1259 2327 lllothario

148 2343 375 2420 adnuntiastis,
398 2343 576 2424 diligenter
590 2355 622 2406 et
642 2349 831 2427 frequenter
850 2349 890 2408 ad
915 2349 1100 2405 memoriam
1126 2351 1260 2408 reduca-

148 2426 191 2486 tis
207 2449 244 2488 ac
257 2425 420 2507 relegatis,
437 2435 469 2486 et
487 2447 569 2507 quae
588 2427 619 2486 in
640 2451 740 2511 regno
759 2439 866 2491 vestro
885 2440 996 2489 contra
1014 2430 1069 2488 illa
1087 2441 1154 2490 acta
1172 2442 1258 2510 sunt,

152 2519 329 2591 contraque
356 2508 500 2568 divinam
525 2519 557 2570 et
577 2511 737 2571 salubrem
758 2513 997 2588 auctoritatam,
1025 2534 1121 2591 quam
1145 2536 1259 2594 prage-

152 2592 273 2652 nitores
296 2602 329 2651 et
350 2592 612 2671 praedecessores
632 2595 730 2654 vestri
751 2597 875 2655 directo
893 2595 1007 2654 ordine
1029 2604 1207 2654 tenuerunt
1230 2606 1262 2655 ct

152 2675 414 2749 observaverunt,
437 2683 619 2755 perpetrata
632 2688 723 2755 sunt,
746 2677 938 2758 quantocius
964 2676 1045 2734 ratio
1070 2685 1102 2735 et
1124 2678 1261 2756 possibi-

150 2756 223 2818 litas
246 2755 427 2839 permittit,
461 2757 623 2838 corrigere
653 2761 844 2840 procuretis.
898 2761 939 2818 Et
963 2781 1002 2818 ne
1031 2758 1070 2818 de
1095 2769 1260 2820 caeteroa

147 2861 347 2922 quocunque
370 2849 483 2901 contra
503 2839 583 2900 baec
609 2837 754 2922 agantur,
777 2842 992 2902 communiter
1011 2863 1121 2902 omues
1146 2863 1260 2923 conpe-

144 2933 242 2982 rante
261 2922 402 2982 Domino
417 2944 593 2985 caveamus.
634 2927 676 2984 Et
696 2923 722 2986 si
743 2927 821 3006 quid
842 2935 954 2986 contra
969 2925 1048 2986 haec
1066 2936 1172 2986 actum
1191 2930 1260 2988 l'ue·

143 3005 208 3082 rit,
232 3005 337 3064 statim
364 3015 400 3064 ut
426 3005 519 3066 citius
541 3007 611 3066 ficri
638 3011 800 3088 potuerit,
832 3009 992 3092 aequitate
1019 3017 1051 3068 et
1073 3011 1198 3070 ratione
1222 3032 1259 3072 ac

171 3087 360 3148 ossibilitate
382 3087 547 3166 dictante,
570 3091 688 3172 absque
716 3092 801 3168 dolo,
824 3116 897 3153 cum
914 3103 999 3152 recta
1022 3093 1204 3152 intentione
1227 3104 1258 3154 ct

144 3111 222 3252 lege
240 3191 276 3229 ac
291 3171 478 3230 auctoritate
500 3183 701 3252 competente
726 3175 901 3258 unicuique
930 3176 1037 3237 ordini
1063 3180 1258 3258 conrigatur.

144 3252 190 3314 Et
215 3273 255 3312 ne
279 3253 349 3314 leve
373 3252 524 3334 cuiquam
550 3255 697 3315 videatur
716 3259 804 3338 quod
823 3261 893 3319 Deo
912 3268 1009 3335 teste,
1040 3280 1076 3318 ac
1095 3265 1256 3321 mediante

145 3356 247 3394 manu
271 3334 399 3417 propria
415 3336 647 3415 confirmatum,
671 3348 701 3399 et
714 3341 886 3422 sponsione
901 3363 974 3400 cum
999 3343 1153 3419 veritatis,
1174 3366 1256 3423 qum

142 3419 236 3478 Deus
258 3428 324 3494 est,
353 3419 526 3479 assertione
546 3421 707 3501 prolatum
725 3433 795 3499 est,
828 3422 926 3480 discat
946 3445 985 3482 ex
1004 3425 1258 3486 consumationis

145 3499 299 3561 cautione
315 3502 348 3559 in
364 3503 473 3573 terrm,
492 3512 524 3562 et
540 3525 579 3562 ex
591 3503 786 3581 baptismatis
799 3527 834 3564 ac
852 3513 1048 3563 caeterarum
1062 3508 1259 3566 observatio-

145 3605 228 3642 num
250 3583 492 3644 conlirmatione
515 3584 546 3642 in
563 3587 674 3664 coelis,
697 3588 826 3668 quantis
852 3586 988 3646 nexibus
1006 3583 1143 3668 quisque
1169 3599 1259 3648 tenc-

145 3676 221 3726 atur
245 3666 435 3737 obstrictus3
465 3688 640 3749 omnesque
662 3671 749 3749 quod
771 3668 882 3729 divino
897 3669 1010 3749 spiritu
1035 3671 1155 3729 dicitur
1174 3693 1258 3730 com-

144 3747 291 3808 muniter
312 3750 499 3812 audiamus:
528 3751 601 3809 Nisi
618 3755 766 3812 conversi
777 3752 929 3832 filatur,
950 3751 1091 3829 gladium
1102 3775 1194 3810 siurim
1210 3755 1257 3810 vi-

145 3831 253 3892 brabit
259 3855 271 3899 ;
293 3853 398 3891 arcum
414 3855 502 3892 aarum
520 3833 664 3905 tetendit,
689 3847 718 3894 et
729 3835 858 3917 paravit
877 3833 966 3890 'illum
985 3845 1015 3890 et
1031 3836 1064 3891 in
1081 3857 1116 3894 eo
1130 3839 1257 3915 parauit

144 3916 361 3978 oasamortis,
412 3920 460 3975 De
485 3915 603 3997 quibus
626 3933 690 3977 non
717 3939 826 3976 omnes
852 3916 891 3974 ad
918 3936 950 3974 se
977 3923 1008 3973 et
1033 3919 1256 3976 mandatorum

148 4016 284 4056 suorum
308 3996 565 4060 observationem
588 4020 772 4076 conversos,
796 4008 827 4058 ot
840 3998 873 4055 in
890 3997 1111 4058 observatione
1126 4020 1256 4058 eoram-

144 4077 219 4138 dem
240 4091 483 4160 permanentes,
514 4083 630 4164 eripiat
659 4083 746 4142 lesus
775 4081 919 4142 Christus
943 4080 1101 4140 Dominus
1128 4091 1254 4154 nostcr;

144 4160 199 4222 cui
222 4171 269 4222 est
289 4161 408 4234 honor,
429 4173 462 4224 et
481 4164 605 4248 gloria,
628 4175 786 4250 potestas,
808 4174 840 4227 et
868 4161 1040 4248 imperium
1059 4185 1135 4248 per·
1148 4165 1255 4227 omnia

143 4243 464 4313 seculascculorum.
505 4247 619 4310 Amen.
