2746 4992
274 337 404 391 arun.
512 337 870 392 rruaunrrnnconun
979 339 1037 402 ⁸77-
1145 317 1215 384 903

119 493 174 534 ‘uos
190 475 280 535 tantis
297 474 424 534 indiciis
442 475 596 536 divinitus
614 477 872 536 incumbentibus
891 475 963 536 luce
987 474 1121 535 clariusa
1146 476 1218 557 gni-

125 560 173 634 tis,
193 557 326 639 superni
348 558 460 618 secreti
477 559 647 618 consilium
665 560 831 618 manifeste
850 559 1064 638 cognovimus.
1084 558 1126 616 Et
1142 559 1218 638 quia

125 639 239 720 pridem
265 641 460 720 apostolicae
478 643 648 701 memoriae
670 641 828 702 decessori
849 650 956 699 nostro
973 641 1075 722 Papae
1085 639 1217 700 Nicolao

124 723 251 804 idipsum
267 723 332 782 ium
351 723 560 803 inspiratione
579 723 708 784 coelesti
729 723 906 782 revelatum
927 722 1024 782 fuisse
1056 722 1215 806 comperi-

124 827 206 882 mus,
228 804 385 886 elegimus
404 807 494 866 hunc
514 807 627 866 merito
648 814 680 865 et
701 805 941 887 approbavimus
966 827 1030 862 una
1054 826 1126 864 cuin
1158 827 1216 863 an-

125 887 187 948 nisu
206 895 239 950 ¹ct
261 898 338 947 voto
367 889 510 948 omnium
533 891 666 948 fratrum
695 898 726 947 et
750 888 1012 970 coepiscoporum
1037 897 1218 948 nostrorum

125 981 208 1050 atque
230 969 371 1029 aliorum
386 982 511 1032 sanetae
530 973 690 1031 Romanae
707 970 869 1030 Ecclesiae
892 970 1129 1047 ministrorum,
1153 993 1218 1028 am·

122 1052 222 1132 piique
237 1051 388 1128 Senatus,
406 1055 569 1134 totiusque
589 1053 723 1122 Romani
737 1053 854 1134 Populi
871 1053 1047 1134 Gentisque
1066 1055 1216 1134 Togatae,

125 1144 150 1194 ct
171 1133 350 1194 secundum
369 1135 503 1216 priscam
523 1136 790 1197 consuetudinem
813 1134 1001 1196 solemniter
1023 1135 1063 1194 ad
1085 1135 1216 1215 Imperii

123 1217 244 1277 Romani
265 1224 395 1300 sceptra
414 1219 641 1300 proveximus,
665 1227 696 1277 et
709 1217 876 1299 Augustali
889 1217 1019 1276 nornine
1053 1217 1217 1278 decoravi

124 1322 199 1376 mus,
219 1309 403 1381 unguentes
427 1321 500 1378 eum
526 1301 597 1361 oleo
613 1301 829 1377 extrinsecus,
852 1309 888 1359 ut
908 1297 1071 1359 interioris
1086 1321 1216 1382 quoquc

123 1383 247 1464 Spiritus
269 1383 374 1453 sancti
390 1382 552 1444 unctionis
566 1395 812 1444 monstraremus
838 1381 1008 1458 virtutem,
1037 1403 1099 1462 qna
1120 1381 1216 1464 unxit

124 1487 187 1524 eum
201 1465 362 1526 Dominus
389 1469 477 1526 Deus
505 1488 580 1525 suus
603 1487 678 1547 prae
710 1465 910 1525 consortibus
936 1464 1020 1540 suis,
1052 1463 1215 1523 Christum

123 1547 200 1608 bunc
218 1549 292 1608 oleo
311 1547 451 1608 lactitiae
467 1544 647 1609 delibutum
663 1547 860 1608 extrinsecus
875 1545 1013 1623 faciens,
1037 1555 1068 1605 et
1086 1546 1217 1607 Princi-

124 1651 186 1710 pem
209 1629 325 1711 populi
357 1629 404 1690 sui
436 1631 657 1706 constituens,
691 1631 729 1689 ad
762 1631 971 1690 imitationem
992 1628 1117 1689 scilicet
1149 1629 1217 1690 veri

109 1713 206 1794 'Regis
220 1711 344 1772 Christi
364 1711 423 1770 filii
441 1712 490 1772 sui
504 1712 634 1773 Domini
656 1713 754 1772 nostri
766 1760 773 1788 ,
798 1712 838 1773 ita
859 1723 894 1773 ut
917 1711 1004 1792 quod
1028 1711 1094 1794 ipse
1114 1711 1220 1793 p'ossi·

110 1794 173 1855 'det
185 1815 240 1876 per
261 1803 427 1870 naturam,
451 1795 509 1855 iste
539 1805 794 1876 consequeretur
820 1817 878 1877 per
902 1795 1043 1876 gratiam.
1090 1793 1217 1855 Deinde

111 1893 114 1899 ·
129 1899 180 1936 non
199 1877 252 1937 hic
266 1889 444 1960 perpetuus
457 1877 617 1960 Augustus
638 1880 677 1938 ad
695 1888 782 1937 tanta
797 1877 921 1959 fastigia
935 1898 968 1936 se
991 1877 1082 1938 velut
1095 1878 1219 1960 impro-

116 1959 175 2020 'bus
200 1960 331 2034 intulit,
362 1981 425 2019 non
456 1968 608 2042 tanquam
634 1961 834 2040 importunus
865 1959 978 2020 fraude
1006 1959 1138 2040 aliqua,
1163 1959 1218 2020 vel

130 2065 208 2124 prava
230 2042 493 2114 machinatione,
516 2052 570 2102 aut
592 2042 729 2102 inhianti
754 2043 926 2102 ambitione
955 2041 994 2102 ad
1019 2040 1217 2124 imperialem

129 2124 237 2204 apicem
257 2124 418 2208 aspiravit.
459 2124 559 2185 Absit.
601 2126 712 2206 neque
743 2126 828 2186 enim
859 2124 918 2186 sibi
944 2123 1100 2185 honorem
1120 2145 1218 2207 prae-

127 2207 286 2287 sumptiose
310 2206 483 2288 absumpsit
503 2216 539 2266 ut
560 2207 734 2289 Imperator
752 2208 858 2278 fieret;
880 2205 936 2267 sed
959 2217 1109 2288 tanquam
1136 2205 1217 2267 desi·

109 2289 259 2366 demtus,
282 2290 463 2370 postulatus
480 2292 496 2350 si
514 2291 624 2364 nobis,
647 2301 679 2350 et
698 2292 715 2350 al
733 2293 802 2350 Deo
818 2299 947 2352 recatus
968 2300 1000 2350 et
1019 2289 1216 2350 honorifica-

127 2380 190 2446 tus,
212 2373 248 2431 nd
276 2371 516 2433 defendendam
546 2373 748 2454 Religionem
771 2384 803 2434 et
822 2372 940 2433 Christi
964 2372 1077 2452 utique
1109 2391 1218 2434 servos

127 2454 250 2514 tuendos
265 2454 436 2515 humiliter
454 2463 549 2535 atque
573 2455 761 2518 obedienter
787 2453 937 2529 accessit,
971 2465 1159 2534 operaturus
1185 2463 1217 2514 et

127 2537 323 2598 roboraturus
350 2537 383 2596 in
406 2537 544 2618 Imperio
570 2561 722 2597 summam
750 2559 862 2618 pacem
888 2545 920 2596 et
948 2537 1217 2618 tranquillitatem

127 2626 154 2679 et
169 2619 199 2678 in
218 2619 366 2681 Ecclesia
390 2619 451 2679 Dei
468 2619 619 2680 iustitiam
637 2631 667 2681 et
689 2621 925 2684 exaltationem.
965 2619 1033 2678 Nisi
1055 2619 1142 2678 enim
1158 2638 1215 2678 nos

108 2723 110 2730 ’
126 2701 211 2760 talem
224 2703 294 2762 eins
316 2703 572 2782 cognovissemus
594 2703 817 2780 intentionem,
838 2722 1002 2782 nunquam
1017 2702 1142 2782 animus
1161 2699 1216 2761 fie-

126 2791 168 2842 ret
187 2795 294 2844 uoster
314 2793 378 2843 tam
400 2795 564 2867 promptus
582 2788 620 2846 ad
642 2785 740 2868 ipsius
763 2783 1006 2869 promotionem,
1029 2793 1060 2844 et
1074 2783 1136 2844 hoc
1157 2803 1215 2865 per

128 2865 324 2926 Sacerclotum
341 2867 471 2927 Domini
489 2889 599 2929 manus
615 2869 829 2929 ministrorum
845 2867 914 2928 eius
939 2867 1101 2944 officium,
1132 2865 1219 2928 sicut

108 2948 221 3008 'David
236 2961 268 3010 ct
291 2949 440 3009 Salomon
457 2961 489 3010 et
508 2952 657 3014 nonnulli
681 2950 735 3010 alii
753 2951 870 3012 Christi
886 2951 1028 3026 Domini,
1055 2971 1135 3030 quos
1163 2948 1215 3009 ni-

128 3031 231 3089 mirum
245 3054 310 3092 non
328 3053 394 3092 esse
419 3033 595 3114 tangendos
616 3033 752 3114 Spiritus
775 3044 902 3094 sanctus
931 3053 989 3115 per
1016 3033 1215 3094 Psalmorum

128 3113 241 3174 cantica
271 3123 471 3196 protestatur.
514 3118 734 3197 Quapropter,
765 3118 877 3178 fratres
905 3115 1077 3193 carissimi,
1106 3134 1215 3177 omnes

129 3197 285 3258 unanimes
304 3197 441 3277 idipsum
456 3199 629 3260 sentientes
645 3199 872 3260 benedicamus
888 3199 1038 3274 Domino,
1062 3207 1093 3259 et
1116 3198 1218 3260 totius.

130 3278 224 3338 cordis
258 3303 295 3338 ac
317 3280 460 3361 corporis
491 3279 619 3344 vocibus
653 3282 890 3357 collaudemus,
925 3283 1005 3361 qui,
1039 3281 1215 3342 secundum

130 3361 206 3438 qnod
223 3361 387 3442 pollicitus
409 3371 477 3439 est,
498 3373 685 3444 spernentes
700 3363 836 3445 sprevit,
871 3373 902 3424 et
925 3361 1156 3444 glorificantem
1181 3385 1215 3424 se

130 3441 328 3522 glorificavit,
351 3445 471 3525 quique
500 3443 588 3506 hunc
617 3455 740 3504 tuntum
767 3447 858 3508 nobis
886 3447 1047 3526 talemque
1076 3446 1215 3506 contulit

128 3545 287 3607 perquem
308 3528 520 3588 moerentium
537 3529 712 3588 consolatio
732 3539 763 3588 et
782 3529 983 3609 Paganorum
1007 3526 1158 3596 contritio
1183 3538 1214 3588 et

129 3605 374 3670 Christianorum
398 3610 613 3691 proculdubio
639 3621 785 3691 speretur
810 3612 871 3671 cita
901 3610 1099 3691 redemptio:
1127 3631 1215 3670 sum-

129 3709 263 3772 mamque
279 3692 471 3752 maiestatem
491 3694 558 3753 eius
579 3702 610 3752 et
629 3695 779 3774 pietatem
796 3695 875 3756 votis
892 3692 1054 3753 continuis
1072 3693 1216 3753 obsecre-

129 3792 190 3833 mus
210 3785 243 3834 ut
257 3775 425 3836 confirmet
439 3774 501 3835 hoc
527 3775 559 3834 in
585 3797 642 3852 eo,
673 3775 769 3837 immo
796 3787 827 3837 et
851 3777 884 3836 in
918 3775 1010 3835 nobis
1041 3797 1099 3856 per
1123 3797 1215 3852 eum,

130 3857 432 3939 quodoperatusest
454 3857 486 3916 in
506 3859 579 3918 eoa
597 3859 716 3941 templo
738 3869 848 3922 sancto
874 3882 954 3936 suo,
984 3859 1071 3938 quod
1099 3867 1146 3918 est
1179 3857 1215 3918 in

107 3959 110 3964 ·
130 3957 254 4016 superna
267 3940 476 4000 Hierusalem.
515 3942 644 4022 Nosque
665 3943 830 4024 quodiam
850 3943 883 4000 iu
899 3946 1039 4004 Romana
1056 3939 1215 4017 Ecclesia,

130 4032 263 4094 quaeest
288 4023 451 4104 magistra,
475 4032 591 4100 mater,
623 4035 654 4086 et
691 4033 786 4108 caput
813 4025 1048 4099 Ecclesiarum,
1086 4031 1216 4083 auctore

130 4103 192 4160 Deo
209 4105 373 4166 famulatus
393 4107 493 4167 nostri
508 4107 683 4168 ministerio
699 4109 868 4190 gessimus,
891 4129 1001 4190 preces
1017 4102 1215 4165 benedictio·
1232 4121 1264 4179 -.l

132 4183 175 4276 nis
198 4188 388 4265 fundentes,
422 4200 454 4250 et
477 4212 627 4250 coronam
651 4191 850 4274 imponentes
872 4190 989 4272 sceptri
1012 4197 1044 4248 et
1071 4187 1216 4248 diadema
1251 4191 1254 4198 '

109 4274 114 4284 '
132 4269 256 4358 tapetii,
272 4269 366 4336 etiam
383 4271 437 4336 bie
455 4272 487 4334 iu
503 4283 610 4336 saneta
629 4273 688 4360 hac
707 4275 848 4358 generali
865 4271 1072 4346 fraternitatis
1089 4279 1215 4336 nostrae
