2712 4992
432 309 558 438 'nrnsn
592 352 775 416 sanamus
1103 329 1174 402 309

63 490 145 575 ipso
165 511 257 552 serto
279 491 428 574 fugitivos
450 493 548 575 pedes
569 499 629 554 ne'c
643 492 743 554 rauba
764 511 821 552 sua
845 498 916 574 post
940 512 974 552 se
1005 513 1172 576 nunquam

62 573 257 654 recepisset.
299 575 363 635 Sed
383 575 459 647 dum
480 575 567 636 inter
582 596 614 636 se
631 575 853 646 intenderent,
876 573 922 636 sie
941 573 1045 634 eidem
1062 575 1172 656 apro-

63 657 202 716 ccribus
224 657 359 734 nostris,
373 657 414 714 'in
435 667 592 737 quantum
613 657 756 718 intustris
778 655 829 716 vir
842 655 899 716 ille
929 657 1042 716 Comes
1061 658 1172 738 palatii

62 737 175 816 nostri
190 737 418 798 testimoniavit
440 740 503 798 tuit
519 739 710 816 iudicatum,
733 745 769 796 ut
789 736 828 797 de
856 739 1001 818 quinque
1024 739 1180 800 denomi-‘

63 829 165 878 natos
183 819 267 879 idem
284 821 339 880 itte
354 821 451 903 ‚apud
469 831 532 882 tres
552 831 583 881 et
600 821 680 881 alios
700 831 870 897 tres,·2sna
898 842 992 880 manu
1020 821 1171 900 septima,

63 909 152 960 tunc
178 902 212 967 in
230 903 347 983 putatio
362 913 470 964 nostro
484 924 580 985 super
594 904 716 982 capella
731 902 850 962 Domni
862 901 992 960 Martini
1011 902 1066 962 ubi
1091 903 1171 985 relli-

65 1004 135 1061 qua
149 985 353 1055 'sac'rameuta
368 993 584 1066 percurrunt,
607 986 753 1064 debeant¹
766 983 935 1043 coniurare
954 985 1039 1064 quod
1058 1006 1170 1065 supra-

66 1065 193 1144 scripto
209 1087 301 1127 servo
314 1067 372 1126 illo
396 1078 585 1128 memoratus
613 1067 669 1126 ille
695 1065 792 1148 pedes
813 1066 975 1146 ,fugitivos
1007 1089 1072 1126 una
1096 1089 1171 1126 cum

66 1146 173 1206 rauba
194 1170 249 1207 sua
270 1148 303 1208 in
330 1149 449 1213 solidos
473 1160 577 1210 tantos
597 1159 668 1228 post
691 1169 724 1208 se
749 1169 914 1230 nunquam
933 1148 1116 1230 recepisset.
1136 1149 1171 1208 Si

67 1227 134 1288 boc
157 1231 333 1290 con-iurare·
351 1231 510 1313 potuerit,
533 1232 572 1292 de
592 1231 766 1297 hac1causa
792 1230 906 1290 ductus
929 1230 1047 1292 sedeat.
1110 1231 1169 1290 Sin

71 1322 179 1370 autem
200 1333 264 1372 non
283 1315 441 1394 potuerit,
464 1313 532 1394 ipso
548 1333 641 1374 servo
658 1335 723 1373 nna
741 1311 814 1373 cum
835 1313 933 1372 rauba
952 1334 1009 1372 sua
1033 1312 1067 1371 in
1092 1312 1171 1372 soli-

72 1393 128 1452 dos
147 1402 257 1454 'tantos
278 1416 351 1454 cum
367 1395 445 1477 tegis
463 1395 657 1460 beneficium
680 1394 821 1476 partibus
838 1393 999 1454 antedicto
1021 1394 1079 1453 illo
1093 1395 1170 1454 red-

71 1473 146 1548 dere
168 1469 302 1541 studeat.
345 1478 477 1537 Interim
497 1499 572 1540 vero
593 1498 694 1557 usque
715 1477 749 1535 in
776 1476 844 1557 ipso
865 1476 998 1557 placito,
1022 1498 1087 1535 non
1108 1499 1170 1537 nec

68 1567 139 1615 ntra
163 1579 236 1637 pars
253 1579 293 1618 ex
315 1559 390 1640 ipsis
406 1560 491 1621 victa
507 1569 672 1641 appareat,
695 1557 781 1619 unde
801 1558 949 1640 aequales
968 1560 1171 1643 praeceptio·
1196 1633 1197 1640 ἵ

9 1696 11 1699 ,
67 1659 124 1700 nes
144 1640 179 1700 ei
192 1639 263 1700 fieri
282 1649 314 1700 et
332 1639 477 1723 accipere
494 1641 653 1703 iussimus.

229 1773 271 1834 Ut
287 1796 347 1858 pro
369 1777 535 1836 nativitate
556 1771 797 1854 Regis'ingenui
817 1773 1011 1836 relaxentur.

148 1886 314 1956 XXXIX.
357 1890 415 1950 ttte
430 1892 498 1950 Rex
517 1891 716 1951 Francorum
729 1889 800 1951 viro
814 1889 949 1950 inlustro
965 1887 1023 1948 illo
1043 1889 1170 1951 Comi-ti.

9 2022 21 2044 Η.
67 1973 155 2029 Dum
169 1980 201 2031 et
218 1972 310 2033 nobis
332 1972 440 2034 divina
456 1973 554 2052 pietas
578 1973 667 2032 iuxta
690 1981 802 2046 votum
820 1972 983 2036 Fidelinm
997 1979 1028 2029 ct
1048 1972 1169 2031 Proce-

68 2075 138 2111 rum
160 2064 341 2114 nostrorum
358 2055 397 2114 de
422 2055 584 2115 nativitate
605 2055 665 2114 filii
693 2056 795 2115 nostri
813 2055 1072 2132 illiusmagnum
1096 2075 1170 2134 gau·

10 2157 27 2216 ἐς
71 2135 163 2195 dium
190 2135 308 2196 habere
338 2136 510 2208 concessit,
534 2147 569 2195 ut
604 2137 823 2198 misericordia
851 2136 911 2196 Dei
939 2135 1038 2195 vitam
1065 2135 1170 2196 eidem

70 2218 250 2278 concedere
274 2218 441 2299 dignetur,
463 2218 609 2296 iubemus
634 2229 670 2279 ut
696 2241 754 2301 per
777 2240 886 2278 omnes
915 2217 1007 2281 vittas
1029 2228 1169 2294 nostraS,

10 2307 21 2393 ’ω
69 2299 205 2376 quaein
223 2309 325 2360 vestra
345 2301 397 2360 vel
417 2301 449 2358 in
470 2311 587 2362 cuncto
615 2323 715 2382 regno
736 2311 843 2361 nostro
861 2298 999 2360 aliorum
1021 2299 1171 2361 domesti-

69 2401 183 2449 corum
200 2391 275 2440 sunt
293 2382 491 2457 actionibus,
514 2393 577 2444 tres
598 2383 744 2448 homines
763 2382 939 2442 servientes
967 2381 1001 2438 in
1031 2393 1168 2462 utroque

11 2449 33 2528 'is
66 2484 146 2522 sexu
171 2461 204 2519 in
223 2484 415 2544 unaquaque
445 2465 523 2524 villa
546 2487 585 2525 cx
617 2473 725 2526 nostra
745 2464 947 2546 indulgentia
967 2483 1026 2544 per
1044 2472 1170 2544 vestras,

9 2533 17 2647 p
68 2543 218 2625 epistolas
236 2545 395 2627 ingenuos
414 2548 558 2607 relaxare
579 2548 709 2608 faciatis.

11 2681 35 2729 ts
294 2654 296 2658 ³
314 2672 355 2733 Ut
376 2673 566 2735 leudesamio
580 2677 805 2759 promittantur
823 2677 909 2754 Regi,
952 2737 953 2744 .

18 2773 40 2868 ⁴¹¹²]
110 2857 112 2862 Ι
149 2783 219 2846 XL.
264 2787 322 2846 tlte
339 2788 408 2847 Rex
426 2786 475 2846 ilti
493 2788 619 2847 Comiti.
661 2792 793 2850 Dumet
824 2777 881 2851 nos
906 2813 1062 2856 unacum
1086 2815 1165 2852 con·

9 2865 43 2938 Μ]
67 2889 169 2928 sensu
185 2869 360 2928 Procerum
376 2879 557 2929 nostrorum
576 2871 608 2928 in
630 2892 729 2952 regno
750 2881 858 2932 nostro
876 2874 933 2932 itto
948 2875 1086 2955 glorioso
1098 2876 1166 2936 snio

11 2939 42 2984 ¹
69 2962 177 3011 nostro
195 2950 253 3009 illo
274 2971 409 3032 regnare
428 2951 751 3034 praecepimus,‚ideo
774 2953 919 3015 iubemus
934 2969 970 3017 ut
990 2980 1099 3018 onmes
1113 2981 1165 3040 pa-

10 3023 50 3110 't'iJ
69 3053 180 3111 genscs
196 3042 340 3109 vestros,
360 3043 422 3092 tam
438 3036 596 3112 Francos,
619 3037 795 3112 Romanos,
816 3038 870 3096 vei
891 3039 1017 3119 reliqua
1037 3041 1166 3114 natione

9 3113 40 3196 ..a
71 3113 256 3196 degentibus
272 3115 407 3176 bannire
429 3124 459 3174 et
476 3116 555 3176 locis
579 3119 729 3197 congruis
746 3141 803 3200 per
818 3120 979 3197 civitates,
1003 3122 1119 3198 vicos,
1135 3132 1166 3183 et

22 3187 37 3278 ’ἢ
70 3197 198 3256 castella
213 3218 408 3278 congregare
426 3199 565 3272 faciatis;
587 3209 745 3279 quatenus
769 3211 934 3281 praesente
957 3204 1053 3264 Misso
1090 3229 1164 3265 nos-

11 3285 48 3362 „e
69 3284 117 3336 tro
134 3279 265 3352 inlustri
285 3280 355 3338 viro
374 3279 447 3356 illo,
470 3301 565 3360 quem
589 3303 628 3340 ex
655 3279 886 3343 nostratuum
908 3285 988 3344 illuc
1003 3357 1005 3362 Ι
1018 3307 1075 3367 pro
1103 3289 1165 3348 hoe

11 3352 48 3428 taff
71 3358 262 3437 direximus,
284 3361 467 3422 fidelitatem
484 3363 647 3442 praecelso
666 3364 732 3426 fil'io
750 3376 858 3442 nostro
877 3367 928 3426 vet
948 3367 1046 3427 nobis
1060 3381 1092 3429 et
1117 3372 1165 3430 le·
1225 3435 1228 3443 ,

14 3434 48 3523 itt‘
71 3441 127 3500 ode
146 3453 178 3502 et
194 3444 292 3502 samio
309 3465 367 3522 per
380 3444 451 3503 toea
466 3445 655 3506 Sanctorum
677 3448 729 3506 vel
750 3447 882 3529 pignora
902 3470 983 3528 quac
1010 3449 1089 3512 ittuc
1107 3474 1165 3538 per

9 3517 47 3649 diii
72 3523 181 3585 eodem
198 3525 391 3604 direximus,
415 3526 553 3612 debeant
572 3527 757 3610 promittere
780 3539 812 3590 et
831 3531 1010 3596 coniurare.
1140 3534 1143 3538 ’

9 3616 31 3662 nt
168 3613 171 3624 ’
247 3655 248 3659 ,
812 3621 817 3626 ’

51 3791 52 3794 ¹
249 3788 251 3792 ,
311 3707 513 3768 LIBER
564 3707 940 3802 SECUNDUS.

9 3793 52 3917 mini,
233 3811 404 3893 Incipiunt,
418 3813 566 3896 Capitula
583 3815 633 3878 'de
655 3815 772 3878 chartis
798 3821 999 3902 pagensibus.

9 3893 51 4014 'Spin
92 3942 116 3984 Ι.
143 3911 274 4009 Sti-qais
301 3925 491 4000 'monasterio
526 3941 596 3991 aut'
670 3931 699 3998 3.
727 3937 808 3994 Item
836 3937 914 4013 alio
930 3939 1064 4018 prologo
1088 3949 1165 4000 'cum

9 4037 65 4095 ,p„„„
148 4009 438 4071 exsenodochio‘de
467 4035 580 4092 magna
729 4016 799 4098 ipsa
827 4017 995 4101 donatione
1029 4020 1074 4081 ad
1107 4024 1166 4084 two

9 4094 56 4179 Ἀθὺρ,
148 4111 182 4151 re
202 4093 273 4151 vult
292 4105 481 4160 construere.
530 4107 532 4110 ’
731 4120 819 4180 opas,

32 4189 52 4257 „2
90 4189 117 4236 2.
144 4173 530 4255 Prologuspuidernagna
545 4198 579 4238 re
669 4182 700 4262 4.
731 4180 836 4241 Cassio
857 4181 902 4242 ad
928 4183 980 4244 die
998 4201 1163 4270 praesente

9 4226 53 4285 ‘q'
139 4248 230 4336 facit
245 4255 395 4321 Ecclesia
419 4257 581 4367 donatiuo.
732 4261 777 4327 ad
792 4262 978 4342 Ecclesiam,
998 4267 1037 4330 d'e
1053 4271 1142 4336 vitta.
