2712 4992
203 281 277 357 364
655 300 837 358 erremus

202 439 344 522 quamvis
358 459 417 522 per
435 437 613 522 longinquo
632 444 732 526 spatia
753 439 836 522 ipsas
853 457 904 498 res
928 437 968 499 ad
995 435 1152 498 usandum
1175 433 1272 506 habeo,

204 543 297 603 agere
314 543 373 583 nec
387 533 533 604 repetere
550 544 615 582 non
642 525 824 584 debeamus.
846 521 943 597 Quod
957 520 1014 600 qui
1030 517 1160 594 lecerit,
1181 517 1273 576 inferat

203 603 294 664 vobis
311 603 362 664 vel
383 605 523 684 partibus
541 603 638 686 ipsius
657 603 843 666 Monasterii
865 603 994 682 suisque
1018 601 1202 660 Rectoribns
1222 600 1273 655 auri

201 685 285 746 libra
309 705 392 760 una,
416 695 546 766 argento
564 687 673 766 pondo
699 689 787 762 duo,
810 695 843 745 et
862 705 1014 766 praesens
1043 683 1184 764 precaria
1206 679 1273 738 firma

201 775 404 850 permaneat,
427 777 459 827 et
477 776 513 826 ut
530 767 607 828 alias
630 769 789 850 precarias
805 767 844 825 de
859 765 1125 847 quinquennium
1144 764 1176 822 in
1200 763 1273 842 qnin-

200 849 380 930 quennium
398 857 612 927 renovantur,
634 851 694 911 ists
714 870 790 910 vero
805 869 870 908 nou
888 849 929 908 sit
948 866 1080 908 necesse
1107 843 1273 918 renovandi,

201 930 258 991 sed
275 951 335 1014 per
359 932 558 1012 semetipsam
585 933 736 1014 omnique
765 941 907 1010 tempore
932 928 1080 989 obtineat
1099 927 1272 1000 firmitatem,

200 1031 275 1073 eum
298 1011 504 1095 stipulatione
519 1013 665 1076 subnixa.
681 1065 690 1082 ,
707 1015 824 1075 Actum
844 1012 912 1076 illo.

648 1127 846 1211 Praestiteris.
948 1223 951 1230 μ

269 1261 387 1328 XLII.
428 1262 619 1326 Dulcissimo
634 1263 753 1322 femina
773 1262 846 1338 illa,
868 1283 927 1341 ego
945 1261 1002 1320 illa
1020 1254 1192 1320 abbatissa.
1210 1251 1271 1311 Dan

201 1367 267 1408 non
291 1355 338 1406 est
354 1346 552 1426 incognitum
578 1346 719 1428 qualiter
732 1353 767 1403 tn
791 1353 864 1404 unte
888 1344 947 1404 hos
968 1343 1038 1402 dies
1060 1361 1132 1401 rem
1155 1334 1271 1416 proprie-

201 1429 274 1490 tatis
291 1436 363 1488 tuae
379 1427 413 1487 in
441 1449 522 1508 pago
541 1429 615 1504 illo,
639 1427 672 1485 io
692 1427 763 1486 loco
784 1426 840 1505 qui
866 1426 986 1486 dicitnr
1009 1423 1093 1498 ille,
1115 1418 1153 1478 ad
1172 1418 1272 1478 Menas-

200 1509 282 1572 terio
305 1517 429 1570 sanctae
449 1509 565 1570 Mariae
584 1508 770 1582 adfirmasti,
793 1509 880 1568 unde
901 1505 1048 1587 precaria
1065 1503 1157 1562 nobis
1178 1498 1225 1558 rel
1245 1497 1270 1552 ab

200 1591 486 1686 ipsoMonusterio
507 1592 675 1674 adpetisti,
696 1601 865 1672 propterea
884 1590 939 1648 has
959 1588 1088 1647 litteras
1104 1585 1137 1643 in
1155 1592 1183 1642 te
1201 1577 1272 1637 adfir-

200 1693 378 1750 mavimus,
400 1681 436 1732 nt
463 1673 538 1733 dum
566 1673 702 1747 advivis,
734 1673 889 1732 usualiter
911 1671 1010 1751 ipsam
1037 1689 1111 1728 rem
1136 1666 1272 1724 tenereet

200 1755 364 1816 dominare
387 1755 520 1831 debeas,
543 1766 575 1816 et
598 1754 696 1814 aliubi
724 1754 805 1834 ipsos
835 1754 976 1812 alienare
1003 1747 1205 1831 pontificium
1224 1759 1270 1799 noa

198 1837 323 1898 habeas.
366 1837 407 1896 Et
422 1837 447 1898 si
464 1837 525 1898 hoc
547 1837 713 1897 conareris
737 1837 861 1910 facere,
883 1836 982 1915 ipsam
997 1854 1069 1892 rem
1093 1828 1179 1890 adis
1202 1843 1270 1905 prae·

200 1929 290 1980 sente
318 1919 441 2001 perdas.
486 1922 528 1980 b't
552 1929 587 1980 ut
612 1918 667 1978 has
695 1918 815 1978 litteras
840 1917 925 1979 vires
949 1915 1110 1973 firmiores
1135 1907 1270 1997 obtineas,

199 2021 294 2060 manu
313 2009 419 2061 nostra
437 2002 546 2063 subter
565 2000 817 2078 adfirmavimus,
839 2021 911 2072 cum
924 1996 1137 2078 stipulatione
1156 1988 1269 2052 subruit·

198 2084 316 2144 Actum
331 2082 399 2148 illo.

570 2209 753 2270 Tradituria
774 2207 813 2268 de
833 2220 927 2268 terro.

278 2321 400 2386 xtlll.
442 2324 558 2384 Notitia
575 2325 713 2404 qualiter
733 2332 763 2384 et
786 2323 901 2402 quibus
922 2321 1144 2404 praesentibus
1160 2314 1266 2380 veniens

198 2405 430 2488 bomoaliquis
455 2407 634 2466 Adsecutus
650 2415 759 2468 saneto
776 2407 832 2464 illo
859 2406 898 2464 de
928 2403 1125 2464 Monasterio
1160 2399 1211 2458 illo
1237 2394 1265 2452 ad

198 2511 249 2553 res
277 2489 372 2564 illas,
394 2489 427 2548 iu
456 2511 536 2571 pago
564 2489 640 2563 illo,
663 2489 695 2546 in
719 2489 791 2548 loco
813 2487 904 2547 cuius
926 2485 1122 2546 vocabulum
1150 2491 1193 2541 est
1210 2477 1264 2547 ille,

199 2580 363 2654 quassante
383 2569 441 2630 hos
460 2571 527 2631 dies
549 2571 668 2630 fernina
689 2569 796 2650 aliqua
817 2569 945 2628 nomine
961 2568 1018 2626 illa
1032 2587 1094 2648 per
1111 2561 1265 2626 suoinstru·

198 2662 309 2716 mento
333 2651 458 2730 adipso
478 2652 670 2713 Monasterio
688 2653 756 2712 visu
774 2651 836 2711 fuit
851 2651 1011 2730 delegasse
1035 2669 1111 2708 cum
1133 2641 1209 2704 omni
1227 2641 1265 2697 in·

197 2735 365 2818 tegritate,
387 2733 470 2794 sieut
487 2735 520 2794 in
537 2734 545 2792 i
570 2757 602 2795 sa
617 2735 805 2794 donationet
818 2742 957 2799 constat;
986 2730 1077 2811 quod
1104 2724 1200 2809 portio
1224 2738 1266 2814 sua

199 2817 299 2880 estad
322 2817 516 2898 integrumd
542 2757 593 2877 die
619 2825 783 2897 praesente
808 2814 921 2874 Missus
945 2813 1044 2894 ipsius
1078 2801 1264 2870 seminastis

198 2898 299 2985 ipsius
319 2899 414 2959 Misso
436 2899 620 2959 Monasterii
638 2897 767 2958 nomine
788 2897 846 2955 illo
872 2917 929 2977 per
957 2897 1025 2976 ipso
1049 2893 1132 2954 ostio
1156 2889 1191 2948 de
1216 2886 1265 2974 ipsa

200 3004 270 3045 casa
288 3002 414 3064 pem...
441 2980 572 3041 herbam
593 2990 625 3039 et
647 2980 819 3060 cespitem,
841 2978 924 3038 sicut
944 2977 997 3036 lex
1013 2986 1084 3052 est,
1108 2970 1197 3052 ipsius
1206 2969 1263 3026 Ma-

199 3085 235 3127 so
259 3063 298 3122 ad
311 3070 433 3143 partem
449 3072 557 3123 sancto
578 3063 635 3122 itlo
652 3062 705 3122 rel
725 3061 850 3144 ipso...
880 3061 964 3120 visus
989 3070 1037 3118 est
1056 3051 1226 3118 tradidisse,
1243 3052 1265 3102 el

198 3167 259 3230 per
276 3166 332 3204 suu
359 3144 468 3205 fistuca
494 3145 561 3226 ipso
577 3144 673 3205 Misso
695 3145 748 3204 rel
772 3145 839 3224 ipse
866 3142 985 3202 femina
1008 3141 1048 3201 de
1079 3139 1159 3220 ipsas
1176 3151 1218 3192 res
1240 3144 1263 3186 te

140 3271 143 3282 ·
201 3228 301 3289 exitas
323 3248 363 3288 ex
389 3226 535 3288 omuibus
550 3247 616 3288 esse
641 3226 731 3289 dixit.
775 3225 812 3284 ld
827 3234 911 3285 sunt.

556 3345 719 3412 Enzituitas
741 3350 935 3413 Sanctorum.

227 3443 235 3468 ³
282 3468 403 3532 XLIV.
443 3469 504 3530 Ille
532 3469 601 3528 Rex
629 3468 826 3527 Francorum
854 3427 1077 3526 ririnluster.
1119 3456 1262 3538 Quotiens·

202 3575 332 3636 cunque
352 3551 521 3634 petitiones
539 3550 745 3610 sacerdotum
774 3557 827 3606 aut
851 3547 1040 3607 ancillarum
1060 3545 1119 3606 Dei
1136 3543 1171 3602 ed
1189 3535 1261 3598 ellec-

202 3649 273 3698 tum
287 3635 509 3720 perducimus,
530 3631 650 3712 regiam
671 3631 937 3690 consuetudinem
950 3648 1153 3700 exercemus,
1172 3629 1199 3681 et
1217 3635 1260 3702 ntj

201 3721 251 3782 bis
270 3720 309 3779 ad
328 3717 508 3778 mercedem
530 3715 581 3775 vel
616 3712 656 3772 ad
682 3713 884 3772 stabilitatem
919 3712 1012 3790 regni
1035 3708 1134 3770 nostri
1164 3705 1192 3762 in
1216 3700 1261 3785 Det

203 3802 334 3864 nomine
350 3799 510 3882 pertinere
532 3795 730 3859 confidimus.
761 3796 901 3874 Ideoque
917 3793 1062 3853 Dominis
1084 3787 1156 3853 viris
1171 3786 1260 3871 sanctis

203 3907 240 3946 ac
255 3882 489 3947 venerabilibus
513 3877 693 3959 apostolicis
713 3877 895 3936 in·Christ0
912 3876 1054 3956 patribus
1085 3868 1213 3932 omnibus
1227 3859 1260 3916 b-

202 3966 353 4053 piseopis,
374 3966 425 4026 vel
445 3963 590 4024 omnihus
607 3959 796 4035 Abbatibus,
819 3980 876 4019 seu
895 3957 1082 4018 inlustribus
1100 3961 1183 4042 atque
1196 3957 1258 4016 ¹11³&

204 4049 307 4110 nifieis
325 4044 403 4107 viris
422 4045 582 4120 Ducibus,
605 4039 803 4118 Comitibus,
825 4038 980 4115 Vicariis,
1003 4031 1259 4114 murenulam

162 4157 163 4162 ¹
204 4151 313 4193 omues
327 4131 442 4193 Vassos
456 4137 590 4201 nostros,
609 4123 660 4185 vel
676 4145 784 4184 omnes
798 4121 908 4182 Missos
928 4130 1050 4182 nostros
1070 4113 1257 4181 discurrentes·

200 4211 411 4298 -Gogooseatis
430 4209 516 4292 quod
534 4198 861 4282 inlustris-Abbatissa
885 4203 942 4284 illa
958 4202 997 4262 de
1016 4191 1191 4262 Moaaslcrio
1204 4183 1256 4252 illsss
