2786 4980
173 291 225 370 48
362 309 449 366 a
467 307 548 366 can.
654 307 894 366 carnunaau
996 311 1059 370 ssa.

175 461 300 517 caetera
319 447 538 514 ecclesiastica
554 448 681 531 negotia
707 451 747 512 de
772 446 947 514 ordinabili
977 449 1184 534 dispositione
1205 473 1278 516 mo-

174 535 305 597 nasterii
335 534 440 596 sancti·
466 532 616 615 Dyonisii
646 531 907 614 disponeremus,
940 545 1102 595 venerunt
1126 537 1280 598 Monachi

173 617 368 701 ipsiussacri
390 615 536 677 coenobii
557 615 588 674 in
612 616 791 695 praesentia
819 617 1024 678 venerandae
1054 617 1192 700 Synodi,
1224 619 1281 681 de-

173 705 316 763 ferentes
345 698 565 771 auctoritates,
596 697 750 758 videlicet
774 707 997 759 testamentum
1029 699 1117 780 quod
1149 710 1279 762 sauctae

92 848 95 859 p
172 782 407 846 recordationis
425 781 515 840 Abba
538 780 698 840 Fulradus
721 781 760 842 de
788 780 982 842 monasterio
1005 781 1191 859 Lebbraha,
1221 783 1281 843 ubi

172 874 300 929 sanctus
315 863 501 924 Alexander
519 872 638 945 martyr
653 862 791 943 quiescit
806 863 964 938 humatus,
985 871 1017 923 et
1034 864 1073 924 de
1095 864 1177 924 cella
1194 887 1281 946 quae

173 949 213 1010 ad
239 957 383 1008 sanctum
408 945 617 1027 Hippolytum
637 945 837 1023 nominatur,
859 968 915 1008 seu
932 949 971 1008 de
990 945 1084 1006 rebus
1101 947 1171 1008 aliis
1194 969 1275 1028 quas

106 1061 110 1072 ·
171 1053 232 1115 per
251 1029 336 1088 idern
352 1039 577 1088 testamentum
597 1027 698 1088 isdem
716 1029 910 1090 venerabilis
931 1027 1035 1090 Abbas
1064 1039 1175 1091 sancto
1196 1029 1282 1090 nio-

174 1111 266 1196 nysio
283 1110 479 1187 contulerat,
502 1131 628 1172 necnon
656 1120 688 1170 et
712 1111 1019 1194 priuilegiumnquod
1036 1110 1154 1172 exinde
1170 1120 1282 1172 saneta

175 1195 275 1258 Sedes
298 1193 471 1275 apostolica
490 1215 549 1274 per
567 1193 694 1252 beatum
720 1192 919 1274 Stephanum
940 1197 1058 1277 Papam
1079 1192 1185 1254 eidem
1206 1215 1280 1254 mo-

174 1276 313 1337 nasterio
343 1297 440 1356 super
470 1277 612 1355 praefato
636 1283 824 1335 testamento
850 1278 986 1352 fecerat,
1021 1274 1281 1359 dicentes-quod

173 1357 487 1421 venerabilisAbbas
514 1358 646 1416 illorum
674 1361 819 1418 Domnus
851 1359 1092 1434 Hludouvicus,
1122 1377 1160 1418 ex
1182 1379 1280 1440 prae-

174 1451 268 1523 cepto
286 1439 417 1521 gloriosi
432 1439 525 1520 Regis
543 1440 660 1499 Domni
676 1440 776 1499 nostri
801 1441 934 1519 Karoli,
957 1461 1011 1501 eos
1043 1441 1278 1516 consuluisset,

174 1547 211 1585 ac
234 1544 425 1584 consensum
449 1541 561 1582 eorum
581 1522 773 1602 quaesisset,
796 1533 954 1602 quatenus
968 1523 1199 1603 praescriptum
1214 1543 1281 1582 mo-

176 1606 349 1666 nasterium
371 1604 459 1665 vobis
485 1603 519 1662 in
547 1605 742 1685 precariam,
770 1605 908 1686 acceptis
927 1607 1022 1667 rebus
1048 1615 1151 1665 vestra
1178 1604 1281 1665 tradi-

174 1689 264 1749 tione
287 1687 327 1746 ad
347 1688 595 1746 eandcmcasam
617 1687 678 1746 Dei
705 1687 912 1768 delegandis,
938 1687 1164 1748 concessisset:
1190 1685 1282 1766 quod

176 1769 359 1831 consentire
378 1769 447 1830 siue
465 1766 617 1829 consultu
648 1769 698 1828 sui
728 1770 879 1850 Episcopi
899 1781 993 1852 atque
1021 1767 1279 1850 Archiepiscopi,

175 1853 273 1912 immo
285 1873 391 1911 sacrae
407 1850 548 1934 Synodi,
566 1872 630 1911 non
652 1852 817 1917 auderent.
840 1854 945 1930 Quam
967 1874 1093 1913 causam
1112 1851 1281 1912 subtiliter

175 1934 425 2014 investigantes,
469 1932 568 1993 etad
606 1933 767 2013 liquidnm
793 1945 1040 2016 cognoscentes,
1072 1933 1281 1995 diffinivimus

175 2018 265 2077 iuxta
283 2037 402 2076 sacram
423 2015 609 2075 etdivinam
631 2017 867 2093 auctoritatem,
890 2027 984 2099 atque
1013 2017 1192 2078 secundum
1215 2027 1282 2076 tes-

174 2108 354 2160 tamentum
369 2098 502 2180 praefati
520 2098 590 2180 piae
609 2099 842 2160 recordationis
862 2100 1011 2178 Fulradi,
1034 2119 1162 2159 necnon
1182 2107 1215 2159 et
1227 2117 1281 2158 se·

176 2181 319 2243 cundum
336 2180 501 2240 decretum
516 2182 709 2262 apostolicae
727 2181 834 2256 Sedis,
858 2182 950 2241 nullo
970 2202 1111 2263 unquam
1133 2190 1280 2263 tempore

178 2266 240 2324 iam
262 2264 385 2348 dictum
407 2263 636 2322 monasterium
654 2263 753 2324 sancti
786 2263 977 2340 Alexandri,
999 2284 1072 2324 eum
1094 2263 1189 2324 rebus
1217 2260 1280 2322 sihi

175 2343 429 2430 pcrtinentibus,
459 2344 608 2406 amaiore
630 2346 822 2405 monasterio
847 2346 946 2405 sancti
967 2344 1114 2426 Dionysii
1134 2365 1281 2424 quocun·

177 2450 241 2512 que
262 2427 643 2510 ingeniodivellendum,
679 2449 739 2486 nec
766 2427 972 2487 beneficiario
1000 2449 1105 2508 neque
1132 2426 1280 2508 precario

177 2512 249 2572 iure
286 2509 538 2570 distrahendum.
591 2509 839 2570 Subiunxerunt
875 2511 970 2570 etiam
999 2509 1097 2570 iidem
1128 2505 1281 2570 Monachi

177 2593 265 2675 quod
287 2603 390 2653 vestra
404 2592 679 2652 commendatione
698 2613 734 2651 ac
749 2593 900 2668 iussione,
916 2593 1011 2652 immo
1028 2592 1123 2652 etiarn
1141 2593 1281 2666 actione,

180 2677 267 2737 idern
289 2674 519 2735 monasterium
536 2696 608 2735 cum
622 2675 718 2734 rebus
736 2675 795 2734 sibi
814 2675 950 2736 subditis
967 2675 999 2732 in
1023 2683 1157 2734 vestram
1181 2673 1282 2733 ditio-

178 2781 253 2820 nem
267 2759 433 2821 redactum
452 2767 483 2818 et
503 2757 723 2838 adsumptum,
746 2757 824 2840 quin
841 2757 935 2817 etiam
951 2766 1138 2837 usurpatum
1154 2754 1284 2814 habuis·
1378 2747 1381 2822 J

178 2842 263 2905 setis.
286 2841 383 2916 Quod
405 2862 500 2921 quam
515 2839 686 2899 absurdum
704 2849 737 2900 et
757 2850 868 2900 contra
891 2841 994 2921 legem
1013 2849 1107 2920 atque
1126 2837 1283 2898 iustitiam

179 2925 239 2994 sit,
264 2921 289 2982 si
310 2931 415 2980 tamen
434 2923 476 2981 ita
491 2943 523 2982 se
541 2943 592 2982 res
612 2921 727 2998 habet,
751 2921 811 3002 ipsi
836 2922 930 2982 etiam
951 2921 1136 3003 pervidetis.
1186 2919 1281 2980 Unde

177 3015 317 3068 vestram
338 3013 469 3082 paterna
490 3013 521 3063 et
538 3004 701 3065 caritativa
714 3025 770 3084 seu
800 3004 1018 3064 auctoritativa
1043 3025 1115 3063 cum
1143 3000 1283 3083 interpo-

179 3087 296 3148 sitione
317 3086 420 3144 divini
438 3086 575 3145 nominis
597 3095 629 3145 et
652 3086 840 3168 episcopalis
861 3086 1058 3148 auctoritatis
1082 3084 1283 3144 nobilitatem

178 3165 387 3228 lrortamur'ct
398 3169 593 3228 obtestamur
601 3178 636 3227 ut
647 3167 708 3228 boc
725 3169 911 3229 nullatenus
923 3190 1016 3250 agere
1031 3168 1166 3228 ulterius
1178 3175 1284 3226 atten-

178 3250 271 3318 tetis;
288 3250 345 3310 scd
355 3260 388 3310 et
400 3251 425 3310 si
440 3251 588 3310 molitum
601 3250 704 3327 est,ah
714 3251 898 3311 huiusmodi
908 3250 1134 3311 molitionevel
1156 3250 1283 3308 actione

179 3355 236 3394 vos
247 3341 430 3412 vestrosque
440 3337 661 3413 compescatis;
682 3335 918 3413 quiaetcontra
928 3337 1033 3394 Deum
1049 3341 1080 3391 et
1094 3340 1204 3391 contra
1219 3351 1285 3390 om·

181 3437 256 3475 nem
272 3416 493 3474 auctoritatem
512 3424 687 3496 contraque
706 3426 842 3475 vestram
860 3417 995 3478 salutem
1009 3435 1075 3474 esse
1095 3411 1284 3477 dinoscitur.

179 3497 294 3558 Sciatis
309 3497 406 3556 etiam
424 3497 499 3578 quia
511 3500 673 3558 Domuum
690 3507 722 3557 et
737 3498 905 3559 Seniorem
926 3508 1068 3558 nostrum
1078 3497 1199 3576 Regem
1219 3493 1285 3574 glo-

101 3598 103 3602 ·
179 3580 391 3641 riesissimum
416 3580 569 3640 Karolum
588 3590 619 3640 et
641 3580 756 3639 humili
777 3579 981 3662 suggestione
1000 3588 1032 3640 et
1052 3577 1160 3638 divina
1177 3585 1286 3635 aucto-

180 3663 274 3723 ritate
295 3662 546 3738 obsecravimus,
569 3664 778 3745 praefatoque
801 3663 980 3724 venerabili
996 3659 1110 3722 Abbati
1130 3660 1285 3719 etlllona-

183 3745 251 3806 chis
267 3746 332 3804 suis
348 3745 569 3826 praecepimus
589 3756 626 3805 ut
647 3745 679 3802 in
700 3745 763 3805 hoc
785 3747 869 3806 nulli
899 3747 1068 3806 adsensum
1093 3741 1284 3821 praebeant,

182 3829 336 3910 quoniam
351 3849 410 3887 nec
431 3827 521 3902 vobis
545 3849 605 3887 nec
625 3828 774 3908 cuiquam
797 3828 941 3888 fidelium
968 3825 1099 3908 expedit
1113 3822 1191 3881 talia
1210 3841 1286 3902 pos-

182 3912 295 3970 tulare.
317 3909 450 3986 Valeto,
473 3911 522 3972 vir
544 3907 765 3989 nobilissime,
788 3920 819 3972 et
836 3910 1005 3972 admodum
1022 3905 1112 3968 nobis
1129 3905 1164 3964 in
1180 3902 1289 3978 Chris7

183 4003 215 4054 to
234 3991 406 4056 carissime.

226 4075 383 4158 (Capitale
395 4095 474 4156 quus
495 4075 528 4132 in
549 4073 679 4150 Synodo
699 4073 915 4135 Suessionensi
932 4067 1245 4156 propositnsuerant,

230 4157 236 4176 '
464 4156 499 4216 V
495 4155 645 4216 ermerr'ae
665 4157 780 4216 relecta
803 4169 834 4214 et
850 4161 1011 4238 suscepto.)

268 4235 331 4302 Ill.
373 4237 439 4302 Sed
467 4248 500 4302 et
524 4237 666 4324 capitula
691 4259 772 4324 quae
801 4238 949 4326 synodali
971 4233 1123 4302 consultu
1142 4234 1289 4296 Domnus
