2658 4978
181 242 251 318 mo
424 266 455 320 a.
474 263 558 324 cna
677 259 927 322 carrrunanu
1039 264 1097 326 sss.

177 406 325 467 tudinem
348 402 531 486 de·pulatio
554 411 663 466 nostro
686 403 858 487 accipiant,
881 415 914 467 ct
938 426 1002 466 nou
1019 429 1076 488 pro
1096 409 1151 474 hac
1173 436 1251 477 occa.

177 489 267 551 sione
298 511 315 548 a
343 487 532 549 mansuariis
556 488 606 546 vel
635 487 674 548 ab
702 486 753 547 his
776 489 834 569 qui
858 509 991 549 censum
1011 491 1140 570 dehent,
1167 499 1252 559 maior

176 572 313 647 modius,
336 570 398 630 uisi
424 569 509 630 sicut
529 569 729 630 consuetudo
755 571 835 648 fnit,
866 571 1021 652 exigatur.
1061 575 1101 634 Et
1125 575 1179 658 ipsi
1207 580 1253 640 ho·

175 655 279 714 mines
303 652 360 734 qui
381 674 439 734 per
460 652 554 713 villas
575 652 614 713 de
639 651 779 712 denariis
800 653 1037 734 providentiam
1056 656 1146 719 iurati
1168 660 1253 721 habe·

174 738 272 812 bunt,
303 735 362 816 ipsi
387 735 484 795 ctiam
508 735 548 794 de
577 755 748 809 mensura,
772 755 813 796 ne
838 737 1052 814 adulteretur,
1073 741 1252 820 provideant;

174 820 257 882 sicut
273 817 308 876 in
334 817 420 876 libro
440 817 537 878 tertio
559 817 801 897 Capitulorum,
823 819 965 899 capitulo
987 822 1060 898 XC,
1082 824 1255 888 continetur.

173 903 216 964 Et
246 901 270 961 si
294 900 366 980 quis
388 909 554 980 reputatus
577 899 676 958 luerit
698 919 882 959 mensuram
908 901 1121 982 adulterasse,
1143 915 1172 966 et
1194 929 1254 966 cum

172 982 288 1045 maiori
318 981 426 1042 modio
454 982 506 1042 vel
533 981 673 1042 sextario
697 1001 856 1042 annonam
883 984 936 1044 vel
960 985 1074 1046 vinum
1104 989 1252 1070 accepisse,

173 1078 206 1128 ct
233 1087 307 1126 cum
325 1063 441 1125 minori
464 1084 615 1123 mensura
637 1063 837 1141 venundare,
859 1065 884 1124 si
914 1066 999 1127 liber
1018 1067 1113 1128 homo
1136 1081 1192 1148 est,
1210 1081 1254 1129 ant

172 1148 352 1211 secuudum
368 1168 458 1206 suam
477 1146 584 1228 legem
607 1167 640 1205 se
662 1145 738 1204 inde
760 1158 958 1209 sacramento
981 1149 1132 1212 idoneum
1149 1153 1252 1229 reddat,

172 1243 228 1292 aut
246 1231 272 1292 si
297 1229 359 1290 hoc
383 1229 497 1290 fecisse
523 1227 574 1289 vel
600 1227 669 1288 fieri
694 1227 821 1290 iussisse
841 1238 896 1290 aut
913 1233 1112 1294 consensisse
1131 1256 1253 1316 compro·

169 1315 263 1376 batus
285 1312 395 1388 luerit,
417 1311 480 1371 hoc
501 1310 586 1370 unde
607 1331 789 1371 mensuram
805 1312 1008 1391 adulteravit,
1031 1315 1065 1376 id
1089 1325 1142 1393 est,
1160 1318 1252 1377 vinum

171 1409 203 1460 et
224 1416 362 1472 annona,
385 1417 403 1453 a
430 1392 585 1452 ministris
612 1392 811 1474 reipublicae
837 1395 970 1456 tollatur
995 1397 1112 1470 ab,eo;
1142 1399 1253 1479 insuper

170 1490 205 1543 et
224 1480 367 1538 bannum
387 1485 542 1552 nostrum,
564 1475 676 1550 idest,
698 1475 817 1537 solidos
841 1479 1018 1560 sexaginta,
1042 1491 1208 1562 componat.
1227 1481 1251 1541 si

169 1572 277 1622 autem
292 1561 427 1619 colonus
451 1559 503 1618 vel
528 1579 637 1619 servus
660 1558 735 1617 inde
756 1569 921 1640 reputatus
944 1562 1054 1640 suerit,
1078 1573 1130 1622 aut
1153 1563 1252 1622 iudicio

167 1645 231 1706 Dei
255 1665 287 1704 se
312 1643 388 1702 inde
409 1641 586 1711 examinet;
610 1649 665 1701 ant
685 1641 711 1700 si
726 1638 803 1700 inde
828 1642 999 1706 convictus
1021 1645 1129 1723 fuerit,
1149 1643 1253 1722 hoc,ut

167 1725 436 1808 supradiximus,
458 1724 546 1784 unde
572 1743 755 1783 mensuram
773 1724 977 1804 adulteravit,
999 1728 1123 1810 perdet,
1143 1727 1253 1808 iusuper

168 1819 202 1872 et
221 1807 319 1890 virgis
343 1807 431 1866 nudo
458 1826 593 1886 corpore
611 1812 640 1881 α)
663 1806 805 1886 vapulet.
847 1809 887 1867 Et
908 1809 976 1869 sive
996 1810 1082 1872 liber
1097 1809 1160 1870 sive
1180 1811 1252 1869 colo-

167 1914 229 1952 nus
246 1891 299 1950 vel
326 1911 437 1949 servus
461 1889 501 1948 de
518 1888 580 1947 hoc
597 1887 763 1948 convictus
787 1889 896 1966 fuerit,
918 1901 991 1971 post
1012 1893 1149 1974 legalem
1166 1913 1253 1952 emen·

167 1975 329 2036 dationem
344 1971 525 2052 episcopale
539 1970 696 2030 iudicium
713 1971 875 2052 suscipiat,
897 1974 974 2052 quia
997 1986 1110 2036 contra
1133 1975 1190 2035 tale
1211 1974 1252 2030 in·

166 2057 340 2116 terdictum
364 2052 495 2114 Domini
527 2053 616 2130 fecit,
639 2052 791 2113 dicentis:
828 2055 891 2136 Qui
915 2060 1079 2128 pecuniam
1101 2079 1182 2118 suam
1202 2077 1251 2115 non

166 2138 257 2198 dedit
278 2137 322 2196 od
342 2157 467 2195 usuram
478 2160 490 2204 ;
524 2135 765 2216 underegnum
788 2137 850 2198 Dei
872 2137 932 2197 sihi
954 2139 1088 2216 clausit,
1119 2149 1149 2200 et
1167 2138 1250 2196 inler-

166 2243 246 2280 num
261 2219 321 2280 sibi
341 2217 475 2299 apernit.
506 2217 601 2294 Quod
623 2228 790 2298 peccatum
811 2218 897 2278 inter
915 2220 972 2280 illa
995 2221 1170 2282 criminalia
1185 2241 1251 2301 pec·

164 2312 234 2364 cata
259 2310 463 2383 computatur
485 2300 659 2379 dequibus
680 2300 759 2362 dicit
778 2301 961 2382 Apostolus,
1005 2304 1072 2364 uod
1091 2294 1145 2384 qui
1160 2323 1192 2362 ea
1207 2303 1251 2362 le-

166 2386 265 2462 cerit,
289 2407 362 2444 cum
385 2383 571 2443 huiusmodi
598 2404 657 2443 nec
684 2383 937 2445 cibum'snmere
965 2388 989 2446 C
1017 2386 1149 2446 ristiano
1178 2385 1247 2451 licet,

166 2479 199 2530 et
222 2468 298 2528 inde
323 2467 405 2526 sacri
424 2463 559 2526 Nicaeni
591 2467 740 2526 Canoncs
759 2466 902 2527 Clericus
925 2469 1043 2550 gradus
1066 2469 1193 2550 perdere
1213 2467 1249 2524 in·

163 2552 253 2612 heut.
294 2551 335 2610 Et
358 2550 396 2608 de
416 2548 472 2606 tali
493 2569 586 2610 causa
606 2548 693 2608 unde
720 2549 880 2610 seculares
903 2549 1053 2612 homines
1081 2552 1173 2612 vitam
1188 2570 1248 2631 per·

166 2635 265 2710 dunt,
294 2633 369 2692 inde
399 2631 517 2691 Clerici
550 2629 801 2690 ecclesiasticum
832 2633 965 2712 gradum
997 2634 1154 2698 amittunt.
1199 2628 1248 2692 lli-

165 2717 256 2778 nistri
280 2727 386 2776 autem
405 2712 600 2794 reipublicae
623 2733 656 2774 se
676 2722 768 2772 caute
789 2715 983 2792 custodiant,
998 2737 1040 2776 ne
1066 2739 1123 2798 pro
1141 2714 1195 2774 hac
1210 2733 1249 2772 oc-

165 2801 294 2861 casione
331 2796 419 2856 ducti
453 2795 628 2877 cupiditate
659 2817 718 2876 per
747 2794 882 2875 aliquod
909 2799 1029 2857 malum
1057 2798 1249 2880 ingeniuma

164 2883 275 2944 liberis
291 2879 485 2954 hominihus,
508 2878 561 2940 vel
580 2877 703 2938 colonis
718 2899 775 2938 seu
791 2879 905 2956 servis,
921 2902 977 2939 sna
998 2880 1118 2942 iniuste
1138 2879 1247 2944 tollant;

164 2967 241 3047 quia
266 2964 292 3024 si
315 2963 390 3021 inde
413 2961 453 3020 ad
477 2983 534 3020 nos
555 2961 676 3021 clarnor
693 2961 832 3036 venerit,
855 2971 888 3022 et
912 2961 988 3022 inde
1020 2961 1161 3023 convicti
1187 2961 1245 3017 fue-

163 3049 247 3123 rint,
275 3045 321 3107 sic
348 3043 538 3103 iniustitiam
568 3043 662 3104 istam
690 3042 857 3103 exsolvent
886 3043 970 3104 sicut
995 3044 1047 3104 illi
1075 3045 1130 3126 qui
1153 3042 1183 3100 in
1203 3059 1247 3100 suo

163 3127 344 3189 ministerio
366 3136 488 3187 tortum
510 3125 639 3187 faciant.
661 3126 698 3183 ln
720 3124 785 3184 illis
809 3134 916 3186 autem
934 3127 1123 3208 regionibus
1139 3125 1169 3182 in
1187 3120 1247 3202 qui-

162 3212 222 3272 hus
245 3209 423 3272 secundum
447 3211 565 3291 Legem
582 3209 757 3268 Romanam
774 3207 960 3269 iudicantur
976 3209 1097 3270 iudicia
1116 3208 1197 3268 iuxta
1208 3204 1247 3284 ip-

164 3317 230 3356 sam
250 3295 357 3374 legem
374 3291 610 3352 committentes
631 3289 708 3348 talia
733 3289 937 3352 iudicentur:
961 3292 1038 3374 quia
1064 3311 1158 3374 super
1175 3287 1247 3347 illam

162 3378 267 3459 legem
286 3375 337 3435 vel
358 3384 469 3436 contra
483 3375 583 3456 ipsam
604 3373 709 3453 legem
727 3393 792 3440 nec,
810 3384 1026 3435 antecessores
1043 3373 1142 3436 nostri
1160 3367 1246 3452 quod·

124 3507 126 3512 ,
163 3481 294 3539 cunque
321 3458 499 3539 capitulum
522 3463 714 3531 statuerunt,
737 3475 798 3514 nec
817 3477 873 3517 nos
889 3456 1013 3538 aliquid
1033 3453 1245 3540 constituimus,

163 3542 320 3606 Similiter
346 3563 404 3622 per
422 3540 567 3601 civitates
592 3548 625 3599 et
646 3537 734 3598 vicos
758 3546 854 3619 atque
884 3561 943 3620 per
966 3549 1106 3601 mercata
1128 3534 1245 3595 ministri

161 3625 361 3708 reipublicae
383 3623 575 3705 provideant
596 3641 637 3681 ne
665 3620 716 3680 illi
742 3620 799 3701 qui
820 3643 936 3702 panem
963 3632 1089 3682 coctum
1116 3628 1168 3679 aut
1190 3635 1244 3676 car-

162 3731 238 3770 nem
263 3728 323 3790 per
345 3708 522 3780 deneratas,
545 3713 599 3764 aut
620 3702 732 3764 vinum
752 3725 813 3783 per
829 3703 977 3781 sextaria,
1000 3704 1156 3777 vendunt,
1174 3696 1245 3758 adul·

163 3802 267 3854 terere
291 3800 325 3850 et
353 3789 501 3848 minuere
527 3784 659 3869 possint.
701 3786 766 3846 Sed
788 3796 925 3867 quantos
955 3785 1181 3848 mensurabiles
1200 3800 1245 3860 pa·

163 3896 221 3936 nes
240 3874 274 3933 in
296 3891 490 3954 unaquaque
514 3869 646 3929 civitate
665 3868 705 3929 de
726 3867 810 3930 iusto
832 3868 940 3930 modio
959 3868 1110 3953 Episcopi
1128 3857 1246 3958 velldb·

160 3956 244 4019 batis
267 3976 324 4016 sen
352 3953 486 4016 Comitis
509 3948 734 4012 ministeriales
759 3973 777 4009 a
804 3948 979 4032 pistoribus
1004 3952 1069 4014 suis
1093 3947 1244 4032 recipiunt,

160 4049 267 4101 tantos
290 4035 521 4099 mensurabiles
544 4054 643 4120 panes
663 4032 704 4096 dc
728 4031 832 4117 aequ’o
850 4033 959 4098 modio
978 4056 997 4096 a
1019 4031 1185 4122 pistoribus
1201 4041 1245 4106 qm

140 4293 142 4298 Ι
196 4226 230 4296 a)
249 4227 286 4282 sl.
305 4243 365 4282 mss.
385 4225 473 4282 corto.
