2712 4992
453 351 553 404 uruca
591 351 777 404 secuunus
962 326 964 332 ’
1115 341 1188 412 325

74 499 138 549 tua
166 490 219 551 vel
246 499 417 571 pareutum
440 499 569 550 tuorum
601 491 790 566 voluntate,
824 497 916 571 rapto
942 493 1084 572 scelere,
1114 518 1188 560 meo

73 571 237 652 coniugio
251 572 390 650 sociavi,
412 571 524 649 idest,
548 574 625 634 dum
639 583 671 634 et
683 583 714 635 te
730 571 868 633 faciente
885 575 1044 637 conturno
1059 579 1089 658 h)
1106 600 1187 638 con-

70 665 128 715 tra
142 656 346 714 voluntatem
359 664 529 735 parentum
554 665 685 716 tuorum
712 664 802 738 rapto
829 657 951 718 scelere
975 658 1009 717 in
1034 661 1186 744 coningio

72 737 224 813 sociavi,
247 737 334 797 uude
352 737 435 798 vitae
454 738 635 818 periculum
652 740 818 800 incurrere
835 737 951 817 debui,
973 741 1030 801 sed
1045 742 1187 805 interve·

70 819 208 880 nientes
225 819 412 892 Sacerdotes
428 821 481 882 vel
499 821 593 884 bonis
620 819 804 881 hominibus
833 821 931 882 vitam
959 823 1104 904 obtinui,
1138 827 1210 889 sic*

67 913 186 963 tamen
206 912 242 961 ut
257 902 344 984 quod
365 902 424 962 tibi
442 903 476 961 iu
492 913 582 963 tanto
596 902 702 980 douo,
724 904 776 964 vel
796 901 827 961 iu
847 903 931 965 dotis
944 905 1088 985 titulum,
1110 920 1185 970 urite

70 986 130 1046 die
151 984 359 1068 nuptiarum,
382 985 409 1046 si
430 994 460 1045 te
475 986 688 1066 disponsatam
716 985 913 1064 habuissem,
948 989 1096 1052 conferre
1124 992 1182 1053 de-

70 1067 231 1143 bueram,
252 1067 409 1150 perhanc
427 1068 594 1148 epistolam
617 1067 912 1153 compositionalem
932 1080 1003 1146 aut,
1023 1071 1050 1132 si
1064 1095 1185 1136 conve-

74 1151 152 1228 nit,
175 1150 353 1210 cessionem
370 1151 496 1210 firmare
512 1151 673 1212 deberem.
716 1150 814 1228 Quod
843 1149 886 1210 ita
912 1153 1034 1214 etfeci.
1087 1157 1184 1216 ldeo-

76 1253 145 1314 que
161 1233 245 1293 dono
267 1232 325 1292 tibi
347 1233 464 1294 locello
487 1244 696 1316 nuncupante
715 1233 789 1310 illo,
812 1232 909 1294 situm
928 1234 961 1294 in
992 1257 1074 1318 pago
1099 1237 1184 1316 illo,

78 1337 157 1376 cum
172 1314 316 1376 domibus
338 1316 378 1376 ad
393 1316 589 1377 manendum
605 1317 792 1398 condignis,
814 1315 869 1377 vel
895 1317 1002 1378 omnia
1025 1319 1181 1381 intrinse-

76 1419 138 1458 cus
162 1397 310 1458 utensilia
332 1397 531 1476 necessaria,
561 1421 635 1459 eum
661 1399 774 1474 terris,
802 1399 991 1476 accolabus,
1022 1401 1183 1484 mancipia

74 1489 165 1540 tauta
187 1480 261 1556 illa,
283 1479 407 1557 vineis,
429 1480 536 1554 silvis,
557 1480 671 1562 pratis,
691 1479 836 1565 pascuis,
868 1481 920 1542 vel
944 1483 1080 1568 reliquis
1106 1484 1182 1566 qui-

69 1562 267 1642 buscunque
281 1561 467 1639 beneficiis,
489 1565 629 1625 caballos
651 1574 775 1638 tantos,
798 1563 896 1624 boves
913 1573 1029 1643 tantos,
1052 1587 1181 1649 gregem

71 1665 256 1725 equorum,¹
275 1667 405 1728 gregem
422 1657 658 1724 armentorum,
681 1667 810 1728 gregem
840 1667 1029 1726 porcorum,
1052 1670 1182 1731 gregem

70 1728 210 1804 ovium,
233 1727 320 1788 inter
337 1750 451 1788 aarum
466 1737 498 1789 et
516 1729 723 1790 fabricaturas
742 1732 775 1788 iu
793 1729 912 1790 solidos
937 1739 1060 1806 tantos,
1084 1731 1180 1813 drap-

66 1833 129 1890 pos
148 1819 267 1886 tautos,
282 1809 362 1871 haec
377 1809 484 1871 omnia
502 1813 649 1894 superius
665 1810 895 1892 comprehensa
910 1811 926 1870 a
943 1812 995 1872 die
1013 1825 1180 1894 praesente

67 1895 104 1952 in
123 1902 185 1954 tna
202 1891 320 1954 tradidi
332 1902 489 1976 potestate
508 1904 540 1957 et
555 1895 773 1955 dominatione
792 1894 1032 1975 possidendum,
1054 1895 1179 1956 haben-

72 1975 131 2048 di,
153 1975 311 2052 tenendi,
334 1976 389 2037 vel
405 1976 564 2060 quicquid
579 1977 697 2038 exinde
719 1976 855 2058 elegeris
875 1976 1017 2040 faciendi
1043 1977 1180 2043 liberam

71 2057 404 2142 habeaspotestatem.
445 2058 480 2121 Si
506 2059 680 2141 quisvero.
720 2059 767 2122 Et
788 2069 922 2120 caetera.
953 2132 955 2134 Ι

75 2189 228 2274 Qualiter
247 2191 281 2254 iu
302 2212 363 2253 uuo
387 2189 541 2255 uolumine
571 2204 787 2334 τεεᾶαιηεητιιηι
815 2189 949 2254 duarum
973 2213 1181 2280 personarum

549 2295 607 2336 con
633 2287 714 2341 atur,

156 2385 267 2450 XVII.
297 2387 464 2470 Regnante
483 2389 516 2448 in
535 2397 691 2471 perpetuo
707 2389 847 2451 Domino
861 2400 970 2452 nostro
986 2391 1058 2452 lesu
1073 2389 1182 2452 Chris·

68 2467 131 2546 to,
149 2471 221 2532 loco
240 2471 319 2548 illo,
342 2493 427 2553 auno
449 2471 525 2549 illo,
548 2483 704 2552 regnante
722 2473 779 2533 illo
803 2474 909 2555 Rege,
939 2473 997 2532 snb
1024 2475 1075 2535 die
1102 2473 1177 2550 illo,

71 2575 135 2634 rgo
155 2553 211 2613 ille
241 2563 272 2614 et
292 2555 412 2614 coniux
428 2577 498 2614 mea
523 2554 579 2613 illa
594 2576 669 2615 sana
690 2565 797 2615 mente
814 2555 1005 2636 integroque
1027 2555 1176 2630 consilio,

69 2643 254 2696 metuentes
275 2657 365 2696 casus
380 2637 536 2696 hnmanae
558 2636 755 2718 fragilitatis,
777 2647 1005 2697 testamentum
1032 2645 1178 2696 nostrnm'

69 2719 295 2794 condidimus,
318 2741 413 2800 quem
434 2719 484 2778 illi
497 2720 628 2780 Notario
644 2719 851 2780 scribendum
873 2719 1110 2796 commisimus,
1142 2729 1178 2778 ut

66 2801 235 2884 quomodo
252 2802 319 2861 dies
342 2800 503 2882 legitimus
517 2803 539 2880 ι)
559 2811 631 2880 post
648 2803 818 2862 transitum
835 2812 980 2864 nostrum
997 2801 1177 2877 advenerit,

66 2884 248 2964 recognitis
266 2883 398 2965 sigillis,
421 2884 523 2944 inciso
547 2884 635 2961 lino,
670 2893 703 2942 ut
728 2885 889 2946 Romanae
913 2883 1007 2968 Legis
1031 2883 1178 2944 decrevit

66 2964 248 3026 auctoritas
259 3011 268 3043 ,
291 2988 350 3047 per
368 2966 512 3026 inlustris
528 2965 614 3027 viros
634 2967 726 3040 illos,
749 2989 830 3049 quos
849 2967 883 3026 in
901 2967 961 3028 bac
983 2967 1100 3050 pagina
1115 2974 1182 3026 tes-¹

66 3047 207 3107 tumenti
228 3047 327 3108 nostri
347 3048 516 3130 legatarios
538 3049 751 3127 instituimus,
775 3051 869 3133 gestis
887 3050 1084 3131 reipublicae
1108 3071 1178 3108 mu·

67 3129 265 3210 nicipalibns
301 3130 402 3191 titulis
426 3153 537 3191 eorum
570 3131 796 3214 prosecutione
824 3133 862 3192 ab
899 3132 974 3216 ipsis
1001 3133 1182 3194 muniatur.v

67 3213 176 3295 Igitur
197 3235 287 3289 cum,
311 3213 442 3273 iubente
473 3214 611 3274 Domino
642 3214 681 3274 de
705 3213 795 3275 istius
820 3216 904 3276 vitae
936 3237 1033 3276 cursu
1056 3216 1181 3296 migra-·

70 3296 230 3373 serimus,
253 3305 330 3356 tunc
354 3296 509 3378 quiequid
529 3297 560 3355 in
579 3297 727 3356 omnibus
748 3295 852 3380 pridie
876 3319 973 3381 qnam
1001 3298 1177 3357 moriamur

68 3389 185 3438 tenere
219 3377 384 3457 videmur,
421 3380 577 3461 quicquid
607 3401 646 3438 ex
670 3381 869 3461 proprietate
894 3389 1083 3460 parentum,
1122 3379 1175 3438 vel

68 3459 203 3542 proprio
219 3460 344 3538 labore,
367 3483 425 3522 seu
455 3484 495 3522 ex
512 3462 732 3521 munificentia
754 3463 771 3522 si
790 3462 852 3543 piis
872 3462 1078 3544 Principibus
1097 3481 1175 3542 per-

70 3543 181 3624 cipere
199 3543 391 3622 meruimus,
413 3546 467 3605 vel
482 3545 521 3605 de
535 3545 733 3626 quibuslibet
759 3545 865 3608 titulis
884 3554 980 3626 atque
1001 3543 1178 3605 contracti-

69 3627 131 3686 bus
148 3625 364 3703 venditionis,
387 3627 560 3705 cessionis,
584 3626 782 3704 donationis,
803 3629 855 3688 vel
876 3628 1044 3708 undique,
1067 3624 1176 3686 Domi·

70 3731 113 3768 no
132 3707 323 3786 adiuvante,
342 3709 382 3768 ad
399 3721 537 3770 nostram
559 3711 708 3791 pervenit
737 3710 1010 3787 dominationem,
1041 3719 1076 3769 tn
1095 3719 1182 3768 tunc¹

71 3788 257 3850 dulcissima
279 3791 398 3850 coniux
412 3815 481 3852 mea
504 3793 578 3868 illa,
600 3791 734 3854 heredes
748 3814 980 3873 qnoqucmeos
1002 3814 1082 3876 quos
1107 3811 1176 3851 esse

70 3873 168 3949 volo,
190 3871 404 3934 hereditatem
419 3897 521 3935 meam
545 3873 704 3936 habetote.
745 3875 875 3956 Reliqui
898 3897 977 3936 vero
998 3873 1176 3942 exheredes

71 3955 146 4020 sint.
188 3957 273 4038 Ergo
299 3967 433 4038 excepto
459 3958 546 4040 qnod
571 3957 755 4040 unicnique
776 3978 835 4039 per
863 3957 925 4018 hoc
948 3965 1177 4018 testamcutum

71 4037 193 4098 dedero
211 4039 352 4120 dareque
371 4040 512 4117 iussero,
535 4040 568 4100 id
583 4050 620 4100 nt
649 4041 721 4116 liat,
749 4041 860 4115 detur,
888 4036 1085 4121 praestetur,
1114 4039 1175 4097 im·

70 4121 216 4202 plentur,
240 4131 294 4197 te,
317 4122 518 4205 omnipotens
536 4125 640 4202 Deus,
662 4133 777 4188 testem
791 4124 966 4186 committo.
996 4123 1101 4184 Villas
1117 4142 1177 4184 ve-

83 4243 187 4252 -·
767 4239 772 4266 Ι

107 4291 142 4362 Ιι)
159 4293 239 4350 Forte
258 4293 367 4363 leterii.
394 4293 584 4352 contutatum
669 4321 693 4351 η
729 4322 732 4328 ’
761 4296 789 4364 ι’)
808 4294 843 4354 sl.
862 4312 911 4358 ms.
929 4295 1074 4368 legitonos.
