2786 4980
159 325 210 398 ot
379 337 513 392 acar.
618 333 863 390 carusium
964 334 1025 395 sss

502 475 802 537 strutus
864 476 943 538 xx

379 594 438 654 An
473 613 634 654 coenan
677 614 805 653 urssu
845 614 893 654 nr
934 576 1064 659 rasta.

163 716 245 788 tata
275 713 452 810 Capitale
476 711 580 782 misit
605 711 689 780 Rex
712 713 759 780 de
781 711 904 781 Basia
936 737 1007 808 per
1026 711 1281 786 Hadobran··

465 889 469 896 ⁴
525 835 613 881 num
639 823 674 880 et
698 811 906 886 Batonem.

240 975 269 1040 Ῑ·
311 943 471 1060 Mandat
490 999 580 1060 vobis
607 999 725 1059 Senior
745 1009 852 1059 noster
870 999 998 1066 salutes.
1031 999 1271 1062 Mandat-etiam

162 1083 255 1148 vobis
271 1083 346 1166 quia
366 1083 459 1144 valde
474 1082 608 1142 miratur
627 1083 714 1162 quod
738 1083 893 1184 placitum
909 1084 973 1143 tale
999 1103 1064 1142 non
1087 1083 1270 1145 custodistis

161 1169 248 1232 sicut
267 1189 323 1230 ros
347 1165 396 1224 illi
415 1165 620 1245 promisistis,
643 1174 676 1226 et
690 1165 773 1225 sicut
797 1165 864 1243 ipse
883 1166 974 1226 vobis
992 1164 1165 1231 mandavit.

243 1250 287 1312 Il.
329 1251 461 1310 Mandat
492 1247 584 1309 vobis
615 1247 733 1316 Senior
756 1260 864 1308 noster
890 1249 980 1328 quod
1005 1258 1176 1331 propterea
1205 1247 1269 1310 hoc

159 1333 317 1420 placitum
339 1331 503 1408 dimisistis
522 1340 559 1390 ut
579 1328 687 1390 fratris
708 1329 777 1390 eius
806 1341 976 1413 expectare
998 1331 1181 1394 voluissetis
1210 1331 1270 1392 ad·

159 1425 307 1492 ventum,
328 1414 417 1474 iuxta
435 1414 524 1496 quod
537 1411 587 1473 illi
608 1413 799 1488 mandastis,
822 1435 886 1473 non
908 1415 979 1475 sine
1004 1413 1076 1474 aliis
1089 1414 1155 1475 suis
1166 1413 1271 1475 fideli-

160 1499 239 1576 bns,
262 1519 344 1579 quos
362 1495 457 1557 modo
475 1517 585 1558 secum
605 1515 669 1556 non
686 1495 820 1572 habuit,
841 1497 990 1560 invenire
1004 1496 1130 1579 potuit,
1153 1506 1189 1558 ut
1209 1519 1269 1560 ne·

161 1602 250 1645 cesse
274 1590 356 1642 esset
373 1580 447 1639 inde
465 1579 607 1661 aliquam
623 1579 882 1661 expectationem
904 1579 1021 1641 facere.

242 1662 302 1724 lll.
345 1661 447 1725 Habet
464 1663 582 1723 Senior
606 1671 717 1722 noster
739 1662 950 1722 constitutum
984 1661 1074 1723 aliud
1111 1661 1270 1744 placitum

159 1745 233 1812 Kal.
259 1744 422 1826 Septemb.
444 1743 478 1803 in
501 1744 580 1806 villa
599 1744 723 1818 Nialia,
752 1743 807 1804 ubi
835 1744 865 1804 ei
890 1766 1060 1805 occurrere
1085 1745 1135 1806 sui
1156 1745 1269 1806 fideles

159 1827 289 1891 debent.
330 1827 504 1908 Propterea
520 1828 652 1888 mandat
675 1827 766 1888 vohis
787 1836 823 1886 ut
849 1849 905 1887 vos
932 1828 988 1887 tali
1012 1827 1089 1887 -loco
1119 1838 1152 1889 et
1175 1827 1269 1890 vobit

159 1930 305 1994 congruo
323 1918 355 1968 et
370 1910 475 1970 eidem
493 1911 665 1992 praemisso
678 1911 751 1970 loco
772 1911 938 1992 proximo,
962 1909 1118 1986 veniatis,
1141 1911 1198 1970 ubi
1222 1922 1270 1973 ta-

158 1993 207 2056 les
223 2012 295 2054 suos
317 1989 428 2052 fideles
448 1993 664 2054 transmittere
681 1993 789 2054 advos
807 1991 908 2074 possit
920 2015 1001 2076 quos
1023 1992 1115 2054 vobis
1136 1993 1270 2055 mitten·

160 2076 218 2138 dos
232 2074 481 2158 postulaveritis.
971 2113 975 2124 ι

242 2155 300 2222 lv,
343 2155 456 2216 Sciatis
482 2156 559 2237 qnia
588 2155 661 2217 vult
686 2155 777 2216 robis
806 2157 869 2219 hoo
891 2157 1061 2219 observare
1088 2154 1269 2220 secundum

158 2242 247 2324 quod
272 2237 362 2299 vobis
383 2237 414 2297 in
436 2237 603 2303 vermeria
621 2239 799 2314 concessit,
821 2251 853 2301 et
873 2241 958 2301 sicut
985 2240 1111 2322 scriptis
1135 2250 1168 2300 et
1192 2261 1269 2302 ver·

159 2325 207 2386 bis
224 2332 317 2384 antea
338 2323 563 2397 mandaverat,
586 2330 619 2382 ct
635 2321 793 2404 quicquid
809 2323 944 2405 amplius
964 2322 1048 2384 iuste
1071 2332 1103 2383 et
1122 2323 1271 2384 rationa-

65 2468 76 2492 ,
158 2406 270 2468 biliter
285 2405 448 2486 postulare
465 2403 573 2466 vultis.
614 2403 741 2466 Pariter
761 2414 793 2464 et
815 2405 854 2465 de
878 2405 1123 2488 expectatione,
1157 2426 1275 2466 sccun-

159 2491 236 2551 dum
253 2487 342 2572 quod
363 2508 437 2546 cum
453 2485 603 2548 fidelibus
625 2485 691 2546 suis
707 2486 872 2549 invenerit
887 2487 977 2570 qnod
1001 2488 1063 2548 Dei
1091 2478 1274 2566 uoluntati,

160 2580 194 2635 ct
210 2572 278 2632 eius
301 2569 512 2650 fideliumque
529 2589 667 2633 suorum·
682 2569 815 2646 honori,
837 2592 903 2629 non
921 2571 962 2631 sit
978 2569 1160 2651 indignum,
1176 2591 1275 2651 prop-

160 2663 210 2716 ter
227 2655 334 2714 Deum
353 2661 386 2711 et
401 2652 636 2712 nutrimentum
658 2652 790 2711 Domini
807 2661 840 2712 et
858 2653 1012 2734 genitoris
1029 2653 1079 2712 sui
1097 2674 1133 2722 ac
1161 2653 1275 2731 illius,

160 2746 193 2799 ct
214 2734 385 2797 servitium
399 2735 449 2796 illi
464 2735 482 2794 a
497 2733 588 2796 vohis
610 2733 808 2817 impensum,
830 2733 892 2796 hoc
908 2735 1000 2798 vobis
1023 2735 1186 2797 adsentire
1202 2757 1273 2796 non

164 2818 368 2882 contradicit.
399 2879 401 2884 ,
1117 2876 1121 2880 ,

245 2900 284 2961 V.
326 2895 459 2961 Mandat
470 2897 560 2959 vobis
583 2908 620 2959 ut
637 2919 795 2962 memores
813 2899 882 2961 sitis
906 2899 969 2959 Dei
984 2908 1017 2961 et
1029 2910 1154 2961 vestrae
1165 2899 1278 2962 Chris-

161 2981 336 3058 tianitatis,
352 2989 390 3042 'et
411 2981 600 3041 nutrimenti
623 2982 777 3062 genitoris
797 2982 866 3042 eius
883 2992 917 3052 et
932 2983 983 3041 sui
1002 2992 1035 3042 ct
1052 2982 1177 3042 debitae
1197 2983 1279 3042 fide-

160 3065 259 3126 litatis
288 3074 321 3124 et
348 3063 441 3144 regni
462 3063 722 3144 supervenientis
739 3064 893 3147 periculi,
916 3065 1069 3125 studeatis
1085 3088 1142 3126 vos
1160 3065 1279 3125 fideles
1300 3115 1304 3122 .

160 3157 290 3209 sanctae
310 3145 419 3208 matris
435 3145 601 3206 Ecclesiae
619 3155 652 3207 et
669 3146 718 3206 sui
737 3149 906 3209 unanimes
921 3145 1004 3220 fieri,
1024 3157 1057 3208 et
1073 3146 1280 3230 omnipoten-

163 3228 284 3292 tis-Dei
303 3227 559 3291 voluntatemne
582 3227 672 3290 illius
690 3228 881 3292 fidelitatem
895 3250 1164 3310 communemque
1183 3229 1279 3289 salu·

161 3320 226 3374 tem
243 3311 338 3372 simol
356 3331 429 3369 cum
449 3309 519 3392 ipso
538 3309 681 3372 fideliter
700 3313 858 3396 explere,
882 3312 922 3380 ad
936 3312 1153 3374 resistendum
1168 3311 1280 3372 inimi-

162 3393 208 3456 cis
236 3403 269 3456 et
288 3391 465 3456 Christiani
479 3391 619 3454 nominis
644 3395 915 3478 persecutoribus.

368 3557 828 3622 ‘TITULUS
906 3559 1033 3628 xxl.

282 3672 337 3736 An
359 3694 541 3752 rosnau,
572 3695 642 3736 rra
665 3694 921 3736 anaraanuu
945 3695 1150 3737 aararau.

161 3796 282 3867 Istum
299 3789 541 3862 Miscoticum
558 3793 769 3862 transmisit
787 3791 963 3863 Domnus
986 3793 1070 3862 Rex
1084 3782 1285 3884 gloriosus

161 3891 332 3968 Karalus
349 3911 422 3988 per
441 3889 686 3964 Adalordum
710 3889 919 3979 Achatem,
954 3904 989 3962 et
1016 3893 1283 3986 moduinum,

384 4002 420 4062 et
446 3990 678 4085 Rodulsum,
708 4005 744 4064 et
761 3991 1052 4085 Berengarium.

240 4156 270 4226 Ῑ·
308 4117 468 4238 Mandat
483 4173 574 4237 vobis
586 4173 704 4238 Senior
726 4184 836 4238 noster
852 4176 992 4238 salutes:
1014 4186 1048 4237 et
1070 4177 1201 4240 mandat
1217 4199 1288 4240 ro·

161 4263 212 4330 ti·
232 4262 310 4350 quia
333 4257 495 4350 quicquid
516 4257 551 4321 in
570 4266 677 4359 restra
697 4279 791 4322 cansa
808 4260 988 4325 secundum
1005 4261 1179 4327 consilium
1199 4282 1287 4325 suo-
