2746 4992
195 307 270 387 248
418 329 451 385 s.
468 329 548 388 cas.
651 327 925 385 concussiones
1023 333 1084 388 sss.

195 472 363 547 dantibus,
385 468 634 554 accipientibus,
657 480 691 532 et
706 467 962 554 dispensantibus
984 469 1024 530 ad
1042 468 1202 551 praesentis
1220 472 1259 531 si-

195 565 247 616 tae
275 555 464 632 subsidium,
486 574 522 613 ac
542 554 795 636 redemptionem
813 554 999 627 animarum,
1022 559 1114 632 atque
1135 553 1261 618 advitans

196 637 420 722 capessendam
437 635 608 720 proficiant
624 637 859 720 sempiternam.
900 637 964 698 Per
986 636 1162 697 Dominum.
1256 695 1258 704 χ

455 841 875 904 TITULUS
951 839 1031 906 IV.

196 981 432 1045 Essussrsrnss
453 982 612 1058 mesaia,
651 1000 773 1053 cusano
796 998 932 1040 sscasrs
954 1001 1010 1040 aar
1032 999 1110 1042 ssuo
1130 999 1264 1045 noscaris.

396 1107 491 1150 usura
514 1104 655 1146 susurro
678 1084 855 1144 subsanno
879 1103 1098 1148 suessionensi.

193 1220 394 1320 ⁸,Adlocsstio
421 1223 579 1291 duorum
608 1218 884 1311 Episcoporum
909 1219 949 1287 in
973 1217 1148 1287 Ecclesia
1169 1220 1267 1288 sancti
1337 1273 1338 1284 i

240 1320 419 1390 Medores·
444 1321 590 1416 quando
617 1316 898 1388 Hermiatrudis
918 1317 1002 1409 suit
1027 1330 1233 1390 consecrata
1337 1349 1338 1352 ¹

606 1419 645 1488 in
679 1417 874 1510 Reginam.

194 1553 373 1673 Volumus
395 1630 450 1670 vos
470 1609 564 1686 scire,
585 1608 722 1684 Fratres,
744 1607 821 1689 quia
838 1611 981 1670 Domnus
1000 1617 1035 1668 et
1049 1606 1165 1670 Senior
1183 1611 1268 1666 noster

196 1692 328 1758 Karolus
354 1695 422 1753 Rex
442 1691 599 1774 gloriosus
616 1701 741 1751 nostrae
761 1690 949 1752 humilitatis
971 1691 1069 1772 petiit
1089 1687 1269 1750 devotionem

201 1787 227 1838 st
248 1773 435 1836 auctoritate
456 1771 625 1834 ministerii
648 1773 739 1834 nobis
764 1796 782 1832 a
805 1777 874 1836 Deo
899 1773 1041 1849 conlati,
1064 1773 1147 1834 sicut
1168 1771 1227 1853 ipsa
1244 1769 1268 1827 in

202 1859 308 1940 legem
329 1866 376 1917 est
397 1864 511 1916 unctus
532 1864 566 1916 et
583 1864 785 1916 consecratus
800 1855 975 1940 episcopali
990 1855 1187 1930 auctoritate,
1210 1873 1269 1912 unc·

199 1941 278 2000 ,ione
308 1961 395 2000 sacra
424 1947 457 1998 et
479 1937 723 2014 bencdictione,
751 1939 851 2000 veluti
883 1940 917 1999 in
951 1937 1129 2021 Scripturis
1156 1934 1270 2016 legimus

194 2019 363 2082 Dominum
383 2019 582 2103 praecepisse
604 2029 640 2080 ut
653 2021 754 2102 Reges
775 2029 975 2104 ungerentur
992 2029 1024 2081 ct
1043 2028 1235 2081 sacrarentur
1245 2015 1269 2073 in

187 2102 309 2186 regiam
327 2110 532 2184 potestatem,
561 2102 605 2161 ita
629 2123 762 2163 uxorem
782 2125 870 2163 suam
898 2102 1075 2164 Dominam
1097 2109 1226 2161 nostram
1244 2097 1269 2156 in
1337 2101 1338 2104 ’

188 2185 319 2246 nomine
340 2184 480 2266 Reginae
496 2184 731 2260 benedicamus,
761 2186 843 2247 sicut
866 2194 898 2246 et
925 2185 1041 2244 assde
1056 2182 1230 2266 Apostolica
1247 2186 1270 2237 et

187 2290 206 2328 a
236 2266 351 2328 nostris
386 2266 605 2328 decessoribus
633 2276 726 2326 antea
752 2269 791 2328 de
818 2267 889 2328 aliis
920 2268 1042 2327 factum
1067 2263 1268 2345 comperimus.

185 2349 228 2412 Et
244 2360 281 2410 ut
298 2369 362 2407 non
389 2347 478 2410 volsis
500 2347 541 2408 sit
563 2349 679 2407 mirum
698 2369 795 2428 qnare
809 2349 871 2412 hcc
888 2357 985 2429 petat,
1007 2347 1197 2410 fraternitati
1212 2365 1268 2404 ves-

185 2439 254 2492 trae
283 2430 440 2490 rationem
468 2429 604 2490 reddere
635 2441 836 2492 maturamus.
885 2429 1050 2496 Videlicet
1079 2431 1176 2512 quia,
1201 2428 1268 2488 sicut

186 2513 296 2577 multis
316 2520 364 2574 est
378 2512 552 2594 cognitum,
573 2514 660 2572 Deus
684 2514 884 2596 omnipotens
909 2535 964 2574 sua
988 2513 1089 2591 gratia
1116 2511 1195 2572 istud
1214 2529 1271 2586 reg·

186 2617 266 2658 num
292 2594 325 2654 in
352 2615 465 2655 manus
494 2614 623 2654 suorum
653 2604 888 2656 autecessorum
911 2596 1104 2656 mirabiliter
1127 2591 1268 2654 adunavit.

187 2679 283 2758 Quod
310 2678 369 2760 ipsi
401 2678 581 2738 decessores
609 2676 658 2737 sui
683 2679 835 2737 nobiliter
858 2678 1141 2760 gubernaverunt,
1170 2685 1200 2735 et
1224 2691 1276 2754 pen

187 2761 406 2826 successiones
434 2781 489 2819 sua
520 2759 689 2839 progenies
721 2781 822 2840 usque
850 2760 889 2819 ad
919 2760 998 2820 hacc
1021 2770 1166 2842 tempora
1192 2754 1269 2816 rexit·

186 2846 230 2910 Et
252 2842 303 2902 isti
328 2851 436 2902 nostro
462 2840 590 2903 Seniori
611 2842 698 2902 Deus
726 2842 828 2918 filios,
858 2842 941 2902 sicut
974 2843 1063 2904 vobis
1094 2849 1202 2902 uotum
1224 2843 1269 2910 cst,

187 2924 293 2986 dedit:
324 2924 357 2982 in
382 2943 518 3003 quorum
544 2921 710 2984 nobilitate
738 2923 776 2984 ad
799 2933 939 2985 sanctam
965 2923 1145 2987 Ecclesiam
1166 2931 1270 2999 streg-

187 3028 276 3081 num,
300 3006 388 3085 quod
407 3007 493 3064 Deus
515 3004 565 3063 illi
589 3003 628 3062 ad
650 3006 828 3088 regendum
852 3005 1030 3082 commisit,
1061 3006 1174 3068 fideles
1198 3001 1270 3062 illins

187 3106 277 3172 spem
300 3086 467 3146 maximam
495 3107 529 3146 se
556 3085 673 3146 babere
695 3098 770 3148 suut
796 3089 954 3170 gratulati.
1006 3091 1055 3149 De
1080 3088 1195 3171 quibus
1215 3084 1269 3164 ipsc

187 3169 312 3250 aliquos
337 3171 406 3228 Deo
430 3167 557 3244 obtulit,
588 3176 622 3225 ut
642 3169 735 3230 etiam
758 3171 797 3231 de
821 3172 928 3232 fructu
947 3171 1068 3231 ventris
1085 3170 1136 3232 sui
1157 3165 1270 3230 oblatio-

137 3311 139 3314 .
187 3273 262 3314 nem
290 3254 360 3310 Dco
390 3250 527 3312 offerret.
564 3248 717 3330 ¹Aliquos
746 3253 965 3312 Deusadhuc
994 3262 1098 3314 aetate
1123 3251 1269 3312 immatura

132 3346 141 3412 ¹.
186 3356 243 3397 suas
262 3332 370 3416 vgratia
396 3333 435 3402 de
461 3333 521 3394 lsoc
548 3333 657 3391 seculo
684 3334 801 3414 rapuit,
824 3355 882 3409 ne,
906 3345 942 3395 ut
963 3329 1196 3418 scriptumest,
1215 3351 1270 3388 ma-

167 3476 169 3483 ,
186 3415 255 3482 litia
275 3423 411 3475 mutaret
428 3416 523 3475 corda
545 3435 664 3478 eorum.
707 3416 877 3495 Aliquibus
897 3424 1013 3493 autem,
1031 3417 1125 3496 ,quod
1147 3435 1199 3476 vos
1216 3431 1268 3472 nnn

185 3500 282 3575 latet,
304 3518 361 3557 suo
389 3497 509 3558 iudicio
533 3494 628 3556 talem
653 3498 832 3579 passionem
853 3498 999 3578 permisit
1018 3496 1183 3559 incurrere
1202 3494 1270 3554 sicut

184 3580 315 3643 Fideles
345 3579 434 3640 illins
464 3589 683 3662 agnoscuntur
706 3580 826 3641 dolere.
870 3582 1046 3661 Propterea
1080 3580 1162 3661 petit
1183 3578 1269 3636 hene-

186 3662 360 3726 dictionem
381 3662 593 3745 episcopalem
619 3683 715 3742 super
739 3683 870 3723 uxorein
901 3683 990 3722 suam
1010 3663 1143 3732 venire;
1173 3669 1206 3719 ut
1229 3665 1268 3714 ta-

186 3747 251 3806 lem
282 3743 424 3806 sobolem
456 3745 486 3804 ei
515 3742 676 3804 Dominus
710 3744 748 3804 de
775 3744 831 3803 illa
862 3744 1013 3825 dignetur
1050 3743 1168 3803 donare
1196 3737 1267 3799 unde

186 3837 292 3889 sancta
316 3827 461 3888 Ecclesia
486 3825 654 3901 solatium,
677 3835 709 3885 et
733 3846 868 3906 reguum
892 3823 1102 3886 necessariam
1128 3819 1267 3884 defensio·

187 3931 271 3985 nem,
295 3917 327 3970 et
347 3909 475 3969 Fideles
492 3907 580 3967 illius
598 3907 810 3971 desiderabile
829 3907 1034 3984 adiutorium,¹
1050 3915 1081 3967 et
1107 3906 1165 3967 ista
1176 3901 1267 3964 Chris·

186 3992 313 4052 tianitas
342 3989 513 4072 optabilem
538 3989 805 4068 tranquillitatem
829 4001 861 4050 et
881 3991 984 4068 legem
1001 3998 1101 4070 ,atque
1123 3983 1265 4054 iustitiam,

165 4096 259 4146 ‚icum
282 4073 346 4134 illis
372 4095 451 4154 quos
478 4073 587 4149 ¹adhuc
612 4072 728 4147 habet,
759 4081 920 4132 aunuente
947 4081 979 4129 et
999 4079 1187 4150 cooperante
1210 4067 1265 4125 Do-

181 4146 303 4232 buino,
326 4157 424 4236 possit
443 4155 570 4215 habero.
626 4157 667 4214 Et
692 4154 731 4213 dc
751 4153 811 4213 lsoc
835 4153 866 4210 iu
890 4153 1005 4212 sanctis
1032 4146 1265 4234 Scripturislss·

187 4240 297 4302 massus
313 4239 550 4313 auctoritatem,
574 4237 649 4324 quia
668 4236 750 4307 sicut
772 4235 927 4299 Dominus
949 4235 987 4296 ad
1004 4233 1159 4296 Abrabam
1180 4227 1262 4292 dixit:
