2712 4992
220 275 292 354 358
683 297 863 352 Arsurum

218 439 311 500 annis
332 433 466 520 singulis
485 433 518 494 iu
542 433 715 503 festivitate
736 444 845 498 sarreto
871 434 930 500 ilIo
955 456 1050 498 censo
1069 436 1107 498 ad
1130 437 1227 500 quen
1245 446 1279 502 rel

218 518 410 582 sacrificium
428 515 546 580 solidos
573 526 677 579 tantos
698 539 758 602 pcr
779 519 962 600 temetipsos
991 519 1116 580 solvere
1136 521 1236 592 faciem
1261 537 1280 586 et

217 621 279 664 nec
307 621 365 663 nos
387 601 466 685 ipse,
486 619 547 662 nee
560 601 670 662 nullus
683 601 722 662 de
744 600 980 663 successoribus
1002 601 1128 679 nostris,
1148 626 1203 664 nee
1221 607 1280 683 quis-

214 683 298 745 libet
325 684 365 745 de
386 691 476 767 purte
501 691 619 761 nostra,
641 681 724 766 ipsas
745 705 796 743 res
820 694 963 764 tempore
981 682 1066 744 vitae
1092 694 1163 747 tuae
1184 685 1281 747 tibiab-

214 765 360 827 strabere
390 785 451 826 nec
473 765 618 827 minuare
646 786 711 828 uon
736 765 917 830 debeamus.
977 766 1021 828 Et
1050 776 1087 828 ut
1114 766 1169 828 has
1191 769 1281 830 litteras

216 847 337 910 firmius
355 855 426 930 post
446 856 477 908 tc
499 847 656 910 firmiores
678 846 828 926 retineas,
849 868 947 908 mauu
972 847 1103 932 propria
1126 850 1226 912 subter
1243 851 1280 911 de·

216 931 375 995 crevimus
396 928 572 998 adfirmare.

506 1059 629 1122 Notitiae
649 1058 690 1121 de
710 1059 833 1121 bomine
844 1056 1035 1140 forbatudo.

293 1174 418 1243 XXIX.
458 1175 580 1238 Notitia
591 1174 741 1258 'qualiter
757 1185 789 1236 et
805 1175 922 1257 quibus
940 1172 1165 1258 praesentibus
1182 1173 1280 1238 veniens

212 1259 310 1323 homo
335 1257 469 1343 aliquis,
491 1257 622 1320 nomine
649 1258 725 1334 ilie,
746 1258 781 1318 iu
806 1279 887 1341 pago
904 1256 978 1335 ilio,
1002 1257 1039 1316 in
1060 1258 1134 1317 Ioco
1152 1257 1227 1337 quod
1247 1258 1280 1318 di-

214 1344 300 1405 citur
335 1342 415 1424 ilie,
451 1341 485 1402 in
508 1341 605 1402 mallo
634 1340 785 1422 publico,
818 1351 892 1403 aute
925 1342 994 1422 ipso
1021 1339 1150 1402 Comite
1178 1339 1226 1400 iilo
1246 1340 1279 1398 rel

210 1426 282 1488 aliis
302 1425 395 1487 bonis
417 1422 600 1486 hominibus
624 1423 683 1504 qni
708 1423 818 1484 subter
840 1423 1068 1502 firmaverunt,
1092 1421 1189 1503 posita
1212 1442 1279 1480 manu

214 1529 273 1570 sua
301 1528 399 1588 super
423 1513 623 1568 sacrosancto
645 1506 757 1566 altario
783 1515 894 1568 sancto
920 1506 977 1566 iIIo
1003 1504 1053 1564 sic
1074 1503 1190 1564 iuratus
1209 1503 1278 1564 dixit:

214 1591 275 1652 Hic
301 1591 372 1650 iuro
395 1609 454 1686 per
474 1587 562 1649 huuc
589 1587 661 1648 loco
682 1597 792 1648 sancto
820 1598 853 1650 et
871 1590 941 1649 Deo
962 1586 1121 1648 altissimo
1142 1594 1172 1646 et
1187 1585 1280 1646 virtutis

211 1673 329 1733 Sancto
356 1671 444 1732 illius
474 1671 563 1753 qnod
589 1668 685 1730 homo
711 1670 829 1752 aliquis
853 1669 984 1731 nomine
1012 1670 1092 1744 iIIe,
1123 1667 1166 1727 ita
1193 1668 1279 1739 Iactus,

212 1755 298 1836 npud
318 1775 403 1816 arma
419 1773 475 1814 suu
495 1773 591 1833 super
606 1773 656 1814 me
672 1754 773 1829 venit,
795 1762 828 1814 et
846 1755 956 1836 colpus
976 1772 1079 1836 super
1100 1771 1150 1811 me
1169 1749 1245 1825 misit,
1260 1758 1280 1806 et

210 1837 257 1898 sic
282 1837 362 1898 mihi
382 1838 470 1898 Dens
497 1835 655 1910 directum
680 1835 786 1914 dedit,
808 1857 867 1918 ego
891 1837 958 1918 ipso
978 1835 1019 1896 de
1042 1853 1132 1891 arma
1155 1849 1279 1913 meaper·

210 1920 316 1998 cusai,
339 1928 372 1981 et
401 1918 473 1979 talis
496 1918 607 1998 colpus
633 1917 664 1978 ei
697 1917 771 1978 dedi
799 1938 858 2000 pro
880 1917 960 1998 quid
982 1917 1051 1998 ipse
1083 1919 1278 1978 mortunsest;

210 2010 243 2064 et
269 2001 440 2084 quodfeci
464 2019 632 2081 superine
654 1999 735 2069 scci3
766 2008 797 2060 et
819 2022 878 2080 ego
905 1998 1001 2059 hodie
1032 1999 1106 2078 ipso
1126 1993 1278 2056 facioinin
1312 2039 1313 2046 ,

211 2083 326 2144 damno
348 2092 380 2144 et
397 2079 565 2143 forbatudo
585 2080 671 2140 infra
692 2088 803 2142 noctes
820 2081 918 2142 x1.11.
940 2081 1023 2142 sicut
1042 2079 1100 2139 lex
1121 2088 1167 2140 est
1189 2086 1215 2138 et
1230 2097 1278 2134 nos
1312 2081 1313 2106 ¹

209 2173 259 2225 tra
280 2165 489 2240 consuetudo,
509 2161 594 2243 apud
614 2172 678 2223 tres
698 2162 845 2240 aloarius,
868 2173 901 2224 et
923 2161 1097 2222 duodecim
1118 2158 1278 2221 conlauden-

210 2256 259 2308 tes
292 2248 499 2322 iuraverunt,
529 2251 563 2306 et
589 2243 629 2307 de
647 2244 774 2328 liugnes
796 2266 907 2307 eorum
926 2244 1052 2328 legibus
1073 2243 1222 2305 dixerunt.
1251 2237 1277 2300 ld

209 2338 285 2390 sunt
304 2329 361 2412 qui
381 2347 527 2411 praesen.

603 2454 767 2517 Indiculns
798 2455 920 2536 regalis.

290 2569 391 2636 XXX.
432 2567 494 2631 Ille
515 2569 584 2630 Rex
604 2569 802 2630 Francorum
822 2570 873 2631 vir
892 2568 1030 2630 Inluster
1056 2567 1214 2652 magnifico
1229 2563 1274 2622 fra·

209 2649 254 2711 tri
275 2650 324 2711 illi
347 2652 473 2718 Comiti.
514 2653 694 2732 Cognosces
723 2651 800 2731 quia
829 2650 887 2712 iste
918 2673 1070 2733 praesens
1100 2653 1154 2712 iile
1180 2648 1213 2708 ab
1233 2645 1274 2704 hac
1311 2693 1312 2728 ,

99 2787 101 2792 .
210 2733 304 2794 missa
324 2734 479 2815 petitione
499 2733 590 2793 uobis
610 2734 765 2814 suggessit
784 2754 822 2793 eo
845 2737 933 2814 quod
956 2734 1051 2794 bomo
1075 2733 1184 2814 aliquis
1203 2725 1274 2787 noni·

210 2836 252 2876 ne
281 2815 336 2875 iiie
366 2837 416 2876 res
440 2837 511 2876 suas
537 2815 571 2873 in
598 2825 706 2875 vestro
731 2814 909 2876 ministerio
932 2817 1108 2876 ad'sauc'to
1137 2813 1189 2872 iiio
1209 2808 1273 2869 deie-

209 2906 321 2978 gasset,
344 2907 375 2956 et
395 2897 473 2958 dicit
494 2896 582 2978 quod
596 2895 660 2964 ¹iiie
688 2898 740 2960 vel
763 2896 819 2956 alii
839 2896 984 2956 homiues
1000 2897 1084 2979 ipses
1103 2917 1152 2957 res
1171 2899 1273 2978 conten-¹

210 2980 291 3040 dunt
312 2980 397 3038 maio
422 2979 544 3044 ordine.
584 2979 759 3061 Propterea
782 2979 913 3040 omnino
935 2979 992 3038 tibi
1017 2999 1163 3061 rogamus
1186 2982 1232 3048 ut,
1255 2991 1272 3027 ⁵¹

208 3061 328 3122 veritas
350 3069 416 3138 est,
450 3060 606 3142 integram
631 3060 784 3122 iustitiam
807 3062 881 3123 aine
910 3062 977 3121 ulia
1002 3062 1177 3122 moratione
1200 3055 1222 3115 ei
1239 3054 1272 3145 ia·

209 3143 275 3202 cies
305 3142 431 3203 exinde.
493 3143 536 3202 Et
566 3141 593 3203 si
625 3153 718 3203 antea
742 3143 872 3203 minime
893 3143 1070 3205 definitum
1101 3164 1162 3202 non
1185 3140 1271 3204 fuent,

207 3231 286 3284 tunc
310 3223 394 3305 ipsos
416 3222 562 3285 homines
590 3224 647 3306 qni
674 3224 736 3286 boc
762 3225 963 3286 contendunt
986 3227 1071 3286 malo
1093 3223 1214 3293 ordine,
1230 3233 1271 3297 per

209 3305 409 3368 fideiussores
434 3305 570 3387 positos,
599 3329 695 3389 super
717 3316 826 3368 noctes
852 3317 954 3369 tentes
979 3317 1147 3390 postquam
1169 3302 1214 3362 has
1236 3297 1271 3355 iit·
1310 3335 1311 3348 .

208 3397 291 3448 teras
312 3387 468 3470 recipies,
490 3397 563 3448 ante
587 3410 645 3449 nos
674 3389 770 3450 facies
792 3389 955 3454 advenire.
1016 3391 1140 3452 Taliter
1157 3403 1229 3466 ngas,
1251 3375 1268 3435 εἰ

209 3469 341 3552 gratiam
363 3479 501 3531 nostrum
522 3469 604 3532 velis
624 3471 753 3532 habere.

565 3599 645 3660 Item
666 3600 746 3663 alins
766 3597 939 3663 Indicetes.

287 3714 402 3776 XXXI.
445 3701 505 3776 Ille
526 3715 597 3778 Rex
624 3717 820 3776 Francorum
844 3714 896 3776 vir
924 3715 1061 3776 inluster
1081 3713 1138 3774 illo
1162 3705 1266 3776 Comite,

206 3819 264 3859 seu
290 3797 468 3858 iunioribus
495 3807 591 3879 atque
613 3797 850 3858 successoribus
871 3797 995 3875 restris,
1022 3817 1079 3858 scu
1103 3791 1194 3858 Missis
1211 3808 1265 3847 nos·

204 3880 263 3941 tris
293 3879 555 3942 discurrentibus.
596 3878 800 3962 Cognoscatis
820 3878 896 3962 quia
917 3879 951 3938 in
976 3889 1083 3942 nostm
1102 3878 1266 3951 eleemosyna
1309 3941 1310 3946 ἵ

205 3963 313 4024 taliter
340 3962 399 4022 isto
428 3969 579 4045 presente
606 3961 680 4038 ilio,
711 3962 838 4023 dumet
860 3960 927 4043 ipse
949 3983 1044 4023 senus
1071 3982 1134 4023 esse
1157 3955 1262 4022 videtun

205 4045 313 4105 taliter
334 4045 363 4106 ei
389 4042 614 4121 concessimus,
634 4053 670 4105 ut
684 4043 723 4104 de
748 4063 857 4104 omnes
877 4043 980 4105 hostes
998 4044 1050 4106 vel
1067 4035 1263 4104 omnibusban·

206 4125 256 4186 nis
284 4148 342 4187 seu
363 4135 396 4188 et
420 4126 610 4187 arribannus
629 4126 671 4186 sit
691 4133 905 4201 conservatus,
929 4135 965 4186 ut
982 4146 1088 4206 neque
1116 4141 1165 4186 vos
1183 4129 1262 4193 neqss‘³

205 4208 347 4272 iuniores
371 4218 466 4294 atque
497 4227 696 4272 successores
722 4205 819 4272 vestri
839 4206 909 4294 ipso
936 4227 994 4292 pro
1025 4207 1092 4294 hoe
1116 4198 1259 4286 inquietare
