2658 4978
150 331 223 414 138
375 351 522 414 nona·
616 351 858 412 certamina
962 349 1020 412 soa.

147 495 244 557 lectas
261 496 387 580 penitus
402 494 594 565 reiecerunt,
618 511 656 552 ne
667 491 787 577 populo
805 491 991 572 legerentur,
1011 505 1045 554 ut
1064 493 1237 558 eartsaHlo·

148 580 245 640 tlzarii
261 580 385 659 penitus
403 588 578 646 taceretur,
600 575 680 664 bane
706 595 784 657 quae
813 578 956 656 sequitur
979 574 1235 638 adnuntiationem

146 661 287 720 Domnns
313 659 449 720 Karalus
470 657 540 716 istis
568 657 646 739 ipsis
673 657 779 718 verbis
807 656 869 714 iam
898 659 1025 740 uesperi
1055 659 1236 721 adnuntiavit

146 742 234 822 aprici
247 741 476 808 Sablonarias,
498 759 580 798 anno
596 739 827 799 Incornationis
837 739 1023 800 Dominicae
1034 739 1235 820 uocetur,

146 825 324 884 Indictione
346 823 405 893 XI,
436 825 500 882 Ill.
521 823 630 882 Nonas
653 821 840 882 Nouembris
849 866 862 892 ‚
890 824 925 881 in
944 823 1014 903 ipsa
1032 843 1105 882 casa
1122 823 1172 883 ubi
1191 846 1236 884 re·

147 907 245 965 lectae
262 900 565 988 suntpraecedentes
584 901 855 980 adnuntiationes,
886 905 919 964 in
953 923 1048 982 petam
1067 905 1160 982 pauci
1187 907 1237 964 alii

144 989 340 1046 intraverant
368 1005 461 1070 priam
488 985 543 1068 qui
561 997 653 1046 antea
679 983 833 1066 suerunt,
868 987 1016 1070 quoniam
1047 983 1123 1068 sere
1149 986 1235 1069 plena

145 1068 185 1128 de
202 1070 281 1153 ipsis
299 1081 377 1129 erat.

491 1193 711 1256 Annunrrsrro
752 1191 891 1258 Ksnom

226 1311 319 1372 Sicut
343 1329 402 1392 ego
421 1309 528 1371 verbis
548 1319 580 1370 et
595 1307 721 1390 scriptis
738 1328 797 1390 per
808 1308 940 1367 fratrem
958 1327 1069 1368 meum
1086 1316 1119 1369 et
1134 1309 1234 1392 perE-

143 1394 291 1476 piscopos
335 1393 444 1475 nepoti
484 1415 555 1452 meo
587 1390 754 1467 mandavi,
783 1398 816 1449 et
840 1389 890 1449 illi
918 1389 958 1452 de
982 1413 1038 1451 sue
1067 1400 1154 1472 parte
1182 1393 1234 1451 mi-

142 1476 178 1536 hi
211 1476 496 1552 renuntiaverunt,
530 1475 575 1544 sic
608 1471 658 1531 illi
687 1472 805 1532 amicus
837 1491 904 1532 esse
936 1481 968 1533 et
997 1474 1092 1533 illum
1122 1474 1233 1534 salvare

99 1573 103 1580 ¹
143 1561 218 1620 volo
234 1560 317 1619 sicut
337 1558 517 1616 avunculus
534 1575 594 1638 per
606 1563 730 1613 rectum
745 1563 895 1634 nepotem
925 1556 1050 1616 salvare
1079 1555 1188 1634 debet,
1211 1555 1233 1618 si

144 1638 216 1716 ille,
238 1641 319 1702 sient
336 1660 434 1718 nepos
453 1645 646 1722 perrectum
664 1639 864 1698 avunculum
881 1636 1003 1699 salvare
1024 1637 1131 1717 debet,
1146 1660 1192 1700 me
1206 1648 1234 1701 et

145 1743 232 1785 meos
250 1719 431 1784 salvaverit.

326 1880 1048 1963 'r1rucusxxxvi

489 2035 683 2076 luterum
724 2036 926 2082 PISTBRSB·

191 2129 254 2200 De
264 2153 365 2223 pace
382 2129 422 2200 in
446 2129 576 2223 Regno
597 2131 842 2228 stabilienda3
868 2133 916 2202 de
938 2131 1190 2211 Monoateriis.

327 2256 545 2322 Annunrrsrio
568 2264 677 2324 Dounr
699 2264 825 2324 Ksnom
847 2283 927 2325 eruo
948 2284 1065 2330 mar-ss.

224 2405 251 2471 Ῐ·
288 2373 430 2493 Multas
449 2429 563 2512 gratias
583 2431 672 2494 vohis
688 2431 808 2514 agimus
829 2431 869 2493 de
897 2443 1003 2494 vestra
1034 2433 1180 2495 fidelitate
1201 2439 1228 2492 st

142 2513 184 2576 de
204 2524 307 2576 vestra
319 2517 402 2576 bona
415 2517 581 2574 voluntate
598 2536 694 2595 quam
708 2536 834 2596 semper
853 2537 926 2597 erga
946 2537 1003 2576 nos
1022 2516 1057 2576 in
1084 2517 1167 2576 omni
1183 2515 1227 2574 ad·

142 2596 480 2680 iutorioetobsequic
511 2596 754 2672 demonstratis,
785 2596 869 2658 sicut
896 2598 994 2659 vestri
1026 2609 1226 2659 antecessores
1314 2603 1315 2678 i

143 2701 219 2760 erga
241 2693 364 2742 nostros
384 2689 598 2740 antecessores
614 2680 924 2744 demonstraverunt.
968 2681 1008 2740 Et
1025 2681 1102 2762 qnia
1119 2700 1225 2760 pacem,

142 2783 238 2844 qnam
252 2763 507 2844 iampraeterito
527 2761 621 2820 tertio
636 2783 722 2820 anno
740 2761 794 2822 hic
817 2762 1030 2822 communiter
1045 2759 1226 2823 confirmavi·

141 2865 212 2904 mus
231 2855 263 2904 et
281 2845 477 2926 adcognitari
499 2843 647 2918 fecimus,
670 2844 847 2904 secundum
871 2847 960 2926 quod
986 2867 1080 2905 cansa
1104 2845 1134 2904 in
1162 2840 1225 2923 qui-

140 2925 274 2987 busdam
294 2928 372 2987 locis
388 2925 559 2998 coniacuit,
583 2927 641 2986 etsi
661 2947 725 2985 non
743 2948 863 3002 omnes,
878 2928 962 2987 sicut
979 2925 1224 2997 desideravimus,

140 3018 247 3069 tamen
269 3031 309 3069 ex
328 3007 437 3066 maiori
461 3015 549 3086 parte
569 3007 776 3083 observastis,
800 3017 831 3067 et
849 3009 923 3088 quia
942 3010 1085 3092 pleniter
1104 3017 1135 3069 et
1162 3027 1225 3068 cam

140 3111 219 3174 pace
238 3091 354 3151 adhoc
370 3098 512 3148 nostrum
527 3090 681 3168 placitum
700 3090 906 3150 convenistis.

225 3172 266 3237 ll.
307 3173 349 3232 Et
370 3170 446 3252 quia
473 3171 590 3230 honam
616 3172 815 3232 voluntatem
838 3182 975 3233 vestram
995 3172 1030 3232 in
1053 3170 1119 3233 istis
1140 3179 1169 3230 et
1194 3165 1223 3226 in

141 3253 213 3314 aliis
232 3253 377 3316 videmus
398 3261 431 3324 et
452 3255 577 3335 experti
603 3275 727 3331 sumus,
759 3255 940 3316 faliscialius
970 3277 1026 3316 vos
1057 3258 1223 3315 commone·

140 3358 211 3396 mus
232 3346 267 3396 ut
287 3338 374 3397 etde
393 3336 458 3418 ipsa
477 3357 553 3416 pace
576 3336 772 3397 observanda
795 3347 827 3397 et
844 3337 884 3396 de
902 3337 969 3398 istis
985 3337 1222 3419 operibus,qaao

120 3428 253 3482 ¹contra
270 3419 330 3479 Dei
354 3428 386 3478 et
415 3428 541 3478 sanctas
568 3419 637 3478 eius
666 3419 830 3480 Ecclesiae
852 3428 885 3478 et
905 3429 1028 3480 nostros
1054 3432 1223 3480 communes

139 3501 288 3562 inimicos
304 3503 517 3562 Nortmannos
538 3499 732 3582 incepimus,
755 3502 823 3561 sine
849 3501 980 3561 defectu
1013 3511 1047 3562 et
1068 3496 1220 3562 lassatione

140 3585 281 3646 viriliter
298 3583 467 3655 laboretis,
489 3583 625 3644 scientes
642 3583 781 3663 qualiter
804 3582 893 3642 nobis
911 3585 1100 3665 placuisset,
1122 3579 1145 3641 si
1161 3577 1225 3637 istas.

139 3665 303 3726 firmitates
326 3666 377 3726 hic
393 3666 489 3726 factas
516 3664 753 3740 habuissemus,
776 3665 906 3745 quamdo
932 3667 964 3724 in
988 3668 1045 3727 tali
1070 3660 1219 3744 angustia,

139 3749 224 3811 sicut
242 3749 366 3829 experti
380 3748 473 3824 estis,
496 3747 536 3806 ad
553 3747 667 3807 Meldis
689 3758 800 3806 contra
816 3768 869 3806 eos
886 3751 1098 3808 communiter
1116 3744 1220 3804 labora·

139 3832 254 3893 vimus.
298 3831 468 3890 Undenas
499 3832 604 3904 Deus,
627 3829 709 3888 sicut
728 3851 803 3888 sune
833 3829 1068 3892 misericordiae
1091 3822 1217 3911 placuit,

137 3914 308 3974 manifesto
324 3933 398 3973 suae
418 3912 607 3971 clementiae
623 3911 742 3972 indicio
758 3911 929 3980 adiuvavit.

217 3995 280 4056 Ill.
325 3997 365 4056 Et
382 3994 533 4074 quoniam
558 3993 612 4052 illa
626 4016 707 4074 quae
725 3994 785 4052 iam
799 3993 894 4053 tertio
914 4015 998 4054 anno
1014 3993 1066 4056 hic
1084 4015 1144 4053 una
1157 4008 1217 4050 cum

140 4087 341 4140 consensnet
355 4076 490 4138 consilio
505 4075 648 4136 fidelium
667 4087 846 4138 nostrorum
862 4077 1092 4154 constituimus,
1103 4070 1217 4136 etvnbis

135 4159 331 4243 adcognitari
342 4161 484 4234 fecimus,
495 4159 636 4219 libenter
645 4159 769 4220 audisse
779 4168 812 4218 et
824 4158 999 4240 suscepisse
1012 4157 1215 4240 comperimus,

136 4263 219 4326 qaas
238 4243 437 4306 nuncetiam
458 4242 497 4303 ad
519 4250 657 4304 nostram
680 4260 883 4304 communem
907 4241 1042 4304 salutem
1063 4251 1215 4325 etpacem,
