<?xml version="1.0" encoding="UTF-8"?>
<!DOCTYPE html PUBLIC "-//W3C//DTD XHTML 1.0 Transitional//EN"
    "http://www.w3.org/TR/xhtml1/DTD/xhtml1-transitional.dtd">
<html xmlns="http://www.w3.org/1999/xhtml" xml:lang="en" lang="en">
 <head>
  <title>
</title>
<meta http-equiv="Content-Type" content="text/html;charset=utf-8" />
  <meta name='ocr-system' content='tesseract 3.04.00' />
  <meta name='ocr-capabilities' content='ocr_page ocr_carea ocr_par ocr_line ocrx_word'/>
</head>
<body>
  <div class='ocr_page' id='page_1' title='image "./corpusiurisgerm01visigoog_0100.png"; bbox 0 0 2786 4980; ppageno 0'>
   <div class='ocr_carea' id='block_1_1' title="bbox 282 308 1291 390">
    <p class='ocr_par' dir='ltr' id='par_1_1' title="bbox 282 308 1291 390">
     <span class='ocr_line' id='line_1_1' title="bbox 282 308 1291 390; baseline -0.002 -4"><span class='ocrx_word' id='word_1_1' title='bbox 282 334 315 386; x_wconf 78' lang='lat' dir='ltr'><strong>n.</strong></span> <span class='ocrx_word' id='word_1_2' title='bbox 343 331 411 386; x_wconf 87' lang='lat' dir='ltr'><strong>can</strong></span> <span class='ocrx_word' id='word_1_3' title='bbox 527 329 653 386; x_wconf 83' lang='lat' dir='ltr'><strong>aucun</strong></span> <span class='ocrx_word' id='word_1_4' title='bbox 673 328 891 384; x_wconf 80' lang='lat' dir='ltr'><strong>rnauconuu</strong></span> <span class='ocrx_word' id='word_1_5' title='bbox 1002 330 1064 390; x_wconf 79' lang='lat' dir='ltr'><strong>ass.</strong></span> <span class='ocrx_word' id='word_1_6' title='bbox 1177 308 1291 384; x_wconf 84' lang='lat'><strong>89·</strong></span> 
     </span>
    </p>
   </div>
   <div class='ocr_carea' id='block_1_2' title="bbox 114 467 1232 1536">
    <p class='ocr_par' dir='ltr' id='par_1_2' title="bbox 114 467 1232 1536">
     <span class='ocr_line' id='line_1_2' title="bbox 125 467 1229 549; baseline -0.005 -13"><span class='ocrx_word' id='word_1_7' title='bbox 125 473 242 549; x_wconf 85' lang='lat' dir='ltr'><strong>lehitis,</strong></span> <span class='ocrx_word' id='word_1_8' title='bbox 265 473 292 534; x_wconf 86' lang='lat' dir='ltr'><strong>si</strong></span> <span class='ocrx_word' id='word_1_9' title='bbox 307 493 366 534; x_wconf 82' lang='lat' dir='ltr'><strong>vos</strong></span> <span class='ocrx_word' id='word_1_10' title='bbox 387 491 451 530; x_wconf 92' lang='lat' dir='ltr'><strong>non</strong></span> <span class='ocrx_word' id='word_1_11' title='bbox 467 468 679 530; x_wconf 80' lang='lat' dir='ltr'><strong>stimulaverit</strong></span> <span class='ocrx_word' id='word_1_12' title='bbox 692 489 782 527; x_wconf 89' lang='lat' dir='ltr'><strong>amor</strong></span> <span class='ocrx_word' id='word_1_13' title='bbox 796 467 948 549; x_wconf 64' lang='lat' dir='ltr'><strong>privatum</strong></span> <span class='ocrx_word' id='word_1_14' title='bbox 971 469 998 531; x_wconf 89' lang='lat' dir='ltr'><strong>si</strong></span> <span class='ocrx_word' id='word_1_15' title='bbox 1019 491 1086 531; x_wconf 90' lang='lat' dir='ltr'><strong>non</strong></span> <span class='ocrx_word' id='word_1_16' title='bbox 1107 492 1164 533; x_wconf 81' lang='lat' dir='ltr'><strong>vos</strong></span> <span class='ocrx_word' id='word_1_17' title='bbox 1181 470 1229 531; x_wconf 91' lang='lat' dir='ltr'><strong>iu-</strong></span> 
     </span>
     <span class='ocr_line' id='line_1_3' title="bbox 127 551 1230 633; baseline -0.004 -15"><span class='ocrx_word' id='word_1_18' title='bbox 127 555 335 618; x_wconf 86' lang='lat' dir='ltr'><strong>flammaverit</strong></span> <span class='ocrx_word' id='word_1_19' title='bbox 360 552 517 633; x_wconf 78' lang='lat' dir='ltr'>cupiditas</span> <span class='ocrx_word' id='word_1_20' title='bbox 545 552 665 632; x_wconf 79' lang='lat' dir='ltr'><strong>gloriae</strong></span> <span class='ocrx_word' id='word_1_21' title='bbox 687 551 892 626; x_wconf 89' lang='lat' dir='ltr'><strong>divitiarum,</strong></span> <span class='ocrx_word' id='word_1_22' title='bbox 920 553 1176 631; x_wconf 85' lang='lat' dir='ltr'><strong>possessionum,</strong></span> <span class='ocrx_word' id='word_1_23' title='bbox 1197 563 1230 614; x_wconf 90' lang='lat' dir='ltr'><strong>et</strong></span> 
     </span>
     <span class='ocr_line' id='line_1_4' title="bbox 119 632 1229 722; baseline -0.003 -25"><span class='ocrx_word' id='word_1_24' title='bbox 119 647 330 722; x_wconf 87' lang='lat' dir='ltr'><strong>potentatus;</strong></span> <span class='ocrx_word' id='word_1_25' title='bbox 360 636 386 698; x_wconf 88' lang='lat' dir='ltr'><strong>si</strong></span> <span class='ocrx_word' id='word_1_26' title='bbox 408 634 475 694; x_wconf 84' lang='lat' dir='ltr'><strong>nod</strong></span> <span class='ocrx_word' id='word_1_27' title='bbox 495 633 567 715; x_wconf 92' lang='lat' dir='ltr'><strong>plus</strong></span> <span class='ocrx_word' id='word_1_28' title='bbox 590 632 792 694; x_wconf 79' lang='lat' dir='ltr'><strong>credideritis</strong></span> <span class='ocrx_word' id='word_1_29' title='bbox 816 633 939 692; x_wconf 90' lang='lat' dir='ltr'><strong>alienae</strong></span> <span class='ocrx_word' id='word_1_30' title='bbox 961 634 1109 716; x_wconf 77' lang='lat' dir='ltr'><strong>linguae,</strong></span> <span class='ocrx_word' id='word_1_31' title='bbox 1133 658 1229 716; x_wconf 89' lang='lat' dir='ltr'><strong>quam</strong></span> 
     </span>
     <span class='ocr_line' id='line_1_5' title="bbox 117 715 1229 804; baseline -0.001 -25"><span class='ocrx_word' id='word_1_32' title='bbox 117 720 273 804; x_wconf 88' lang='lat' dir='ltr'><strong>propriae</strong></span> <span class='ocrx_word' id='word_1_33' title='bbox 304 716 540 786; x_wconf 81' lang='lat' dir='ltr'><strong>conscientiae3</strong></span> <span class='ocrx_word' id='word_1_34' title='bbox 574 716 599 776; x_wconf 93' lang='lat' dir='ltr'><strong>si</strong></span> <span class='ocrx_word' id='word_1_35' title='bbox 624 738 680 776; x_wconf 89' lang='lat' dir='ltr'><strong>vos</strong></span> <span class='ocrx_word' id='word_1_36' title='bbox 710 737 775 773; x_wconf 91' lang='lat' dir='ltr'><strong>non</strong></span> <span class='ocrx_word' id='word_1_37' title='bbox 804 715 920 774; x_wconf 90' lang='lat' dir='ltr'><strong>roserit</strong></span> <span class='ocrx_word' id='word_1_38' title='bbox 955 715 1041 776; x_wconf 84' lang='lat' dir='ltr'><strong>tinea</strong></span> <span class='ocrx_word' id='word_1_39' title='bbox 1069 718 1229 779; x_wconf 90' lang='lat' dir='ltr'><strong>adulatio-</strong></span> 
     </span>
     <span class='ocr_line' id='line_1_6' title="bbox 116 796 1229 870; baseline -0.004 -9"><span class='ocrx_word' id='word_1_40' title='bbox 116 802 189 870; x_wconf 80' lang='lat' dir='ltr'><strong>nis3</strong></span> <span class='ocrx_word' id='word_1_41' title='bbox 211 801 237 860; x_wconf 91' lang='lat' dir='ltr'><strong>si</strong></span> <span class='ocrx_word' id='word_1_42' title='bbox 260 823 325 860; x_wconf 91' lang='lat' dir='ltr'><strong>non</strong></span> <span class='ocrx_word' id='word_1_43' title='bbox 362 822 416 860; x_wconf 91' lang='lat' dir='ltr'><strong>vos</strong></span> <span class='ocrx_word' id='word_1_44' title='bbox 442 798 558 859; x_wconf 88' lang='lat' dir='ltr'><strong>usserit</strong></span> <span class='ocrx_word' id='word_1_45' title='bbox 579 798 660 856; x_wconf 89' lang='lat' dir='ltr'><strong>livor</strong></span> <span class='ocrx_word' id='word_1_46' title='bbox 678 797 803 856; x_wconf 88' lang='lat' dir='ltr'><strong>alienae</strong></span> <span class='ocrx_word' id='word_1_47' title='bbox 822 796 1000 868; x_wconf 79' lang='lat' dir='ltr'><strong>felicitatis3</strong></span> <span class='ocrx_word' id='word_1_48' title='bbox 1031 799 1058 862; x_wconf 86' lang='lat' dir='ltr'><strong>si</strong></span> <span class='ocrx_word' id='word_1_49' title='bbox 1083 823 1138 860; x_wconf 90' lang='lat' dir='ltr'><strong>vos</strong></span> <span class='ocrx_word' id='word_1_50' title='bbox 1162 821 1229 860; x_wconf 87' lang='lat' dir='ltr'><strong>non</strong></span> 
     </span>
     <span class='ocr_line' id='line_1_7' title="bbox 115 880 1229 962; baseline 0 -18"><span class='ocrx_word' id='word_1_51' title='bbox 115 884 290 946; x_wconf 74' lang='lat' dir='ltr'><strong>vexaverit</strong></span> <span class='ocrx_word' id='word_1_52' title='bbox 312 883 479 962; x_wconf 77' lang='lat' dir='ltr'><strong>neglectus</strong></span> <span class='ocrx_word' id='word_1_53' title='bbox 507 880 629 940; x_wconf 89' lang='lat' dir='ltr'><strong>animae</strong></span> <span class='ocrx_word' id='word_1_54' title='bbox 655 888 687 940; x_wconf 91' lang='lat' dir='ltr'><strong>et</strong></span> <span class='ocrx_word' id='word_1_55' title='bbox 714 881 943 948; x_wconf 76' lang='lat' dir='ltr'><strong>amoroarnis3</strong></span> <span class='ocrx_word' id='word_1_56' title='bbox 975 882 1002 942; x_wconf 88' lang='lat' dir='ltr'><strong>si</strong></span> <span class='ocrx_word' id='word_1_57' title='bbox 1027 883 1229 944; x_wconf 85' lang='lat' dir='ltr'><strong>credideritis</strong></span> 
     </span>
     <span class='ocr_line' id='line_1_8' title="bbox 114 961 1231 1046; baseline -0.001 -19"><span class='ocrx_word' id='word_1_58' title='bbox 114 968 245 1046; x_wconf 81' lang='lat' dir='ltr'><strong>Regem</strong></span> <span class='ocrx_word' id='word_1_59' title='bbox 273 965 434 1025; x_wconf 85' lang='lat' dir='ltr'><strong>Christum</strong></span> <span class='ocrx_word' id='word_1_60' title='bbox 447 984 521 1026; x_wconf 70' lang='lat' dir='ltr'><strong>,uon</strong></span> <span class='ocrx_word' id='word_1_61' title='bbox 550 984 608 1044; x_wconf 92' lang='lat' dir='ltr'><strong>pro</strong></span> <span class='ocrx_word' id='word_1_62' title='bbox 628 983 672 1039; x_wconf 89' lang='lat' dir='ltr'><strong>sc,</strong></span> <span class='ocrx_word' id='word_1_63' title='bbox 693 961 800 1038; x_wconf 87' lang='lat' dir='ltr'><strong>idest,</strong></span> <span class='ocrx_word' id='word_1_64' title='bbox 823 982 888 1020; x_wconf 90' lang='lat' dir='ltr'><strong>uon</strong></span> <span class='ocrx_word' id='word_1_65' title='bbox 910 984 967 1043; x_wconf 89' lang='lat' dir='ltr'><strong>pro</strong></span> <span class='ocrx_word' id='word_1_66' title='bbox 980 986 1038 1024; x_wconf 87' lang='lat' dir='ltr'><strong>sua</strong></span> <span class='ocrx_word' id='word_1_67' title='bbox 1056 964 1231 1026; x_wconf 83' lang='lat' dir='ltr'><strong>necessita-</strong></span> 
     </span>
     <span class='ocr_line' id='line_1_9' title="bbox 115 1043 1229 1126; baseline -0.001 -18"><span class='ocrx_word' id='word_1_68' title='bbox 115 1058 152 1108; x_wconf 86' lang='lat' dir='ltr'><strong>te</strong></span> <span class='ocrx_word' id='word_1_69' title='bbox 175 1058 351 1122; x_wconf 88' lang='lat' dir='ltr'><strong>mortuum,</strong></span> <span class='ocrx_word' id='word_1_70' title='bbox 369 1045 425 1106; x_wconf 89' lang='lat' dir='ltr'><strong>sed</strong></span> <span class='ocrx_word' id='word_1_71' title='bbox 448 1067 507 1126; x_wconf 93' lang='lat' dir='ltr'><strong>pro</strong></span> <span class='ocrx_word' id='word_1_72' title='bbox 528 1044 638 1120; x_wconf 90' lang='lat' dir='ltr'><strong>nobis,</strong></span> <span class='ocrx_word' id='word_1_73' title='bbox 670 1055 706 1104; x_wconf 92' lang='lat' dir='ltr'><strong>ut</strong></span> <span class='ocrx_word' id='word_1_74' title='bbox 729 1043 912 1104; x_wconf 86' lang='lat' dir='ltr'><strong>viveremus</strong></span> <span class='ocrx_word' id='word_1_75' title='bbox 938 1045 995 1126; x_wconf 87' lang='lat' dir='ltr'><strong>qni</strong></span> <span class='ocrx_word' id='word_1_76' title='bbox 1020 1048 1140 1108; x_wconf 87' lang='lat' dir='ltr'><strong>mortui</strong></span> <span class='ocrx_word' id='word_1_77' title='bbox 1161 1069 1229 1108; x_wconf 90' lang='lat' dir='ltr'><strong>era·</strong></span> 
     </span>
     <span class='ocr_line' id='line_1_10' title="bbox 117 1125 1229 1208; baseline 0 -20"><span class='ocrx_word' id='word_1_78' title='bbox 117 1151 214 1198; x_wconf 86' lang='lat' dir='ltr'><strong>mus;</strong></span> <span class='ocrx_word' id='word_1_79' title='bbox 250 1139 282 1188; x_wconf 91' lang='lat' dir='ltr'><strong>et</strong></span> <span class='ocrx_word' id='word_1_80' title='bbox 303 1150 358 1188; x_wconf 91' lang='lat' dir='ltr'><strong>vos</strong></span> <span class='ocrx_word' id='word_1_81' title='bbox 376 1128 449 1208; x_wconf 92' lang='lat' dir='ltr'><strong>plus</strong></span> <span class='ocrx_word' id='word_1_82' title='bbox 470 1126 623 1187; x_wconf 81' lang='lat' dir='ltr'><strong>studeatis</strong></span> <span class='ocrx_word' id='word_1_83' title='bbox 642 1126 713 1186; x_wconf 91' lang='lat' dir='ltr'><strong>aliis</strong></span> <span class='ocrx_word' id='word_1_84' title='bbox 735 1125 844 1186; x_wconf 90' lang='lat' dir='ltr'><strong>vivere</strong></span> <span class='ocrx_word' id='word_1_85' title='bbox 867 1125 899 1184; x_wconf 89' lang='lat' dir='ltr'><strong>iu</strong></span> <span class='ocrx_word' id='word_1_86' title='bbox 923 1130 1034 1189; x_wconf 77' lang='lat' dir='ltr'><strong>salutis</strong></span> <span class='ocrx_word' id='word_1_87' title='bbox 1059 1151 1134 1190; x_wconf 89' lang='lat' dir='ltr'><strong>suae</strong></span> <span class='ocrx_word' id='word_1_88' title='bbox 1163 1129 1229 1190; x_wconf 91' lang='lat' dir='ltr'><strong>uti-</strong></span> 
     </span>
     <span class='ocr_line' id='line_1_11' title="bbox 116 1207 1225 1290; baseline 0 -18"><span class='ocrx_word' id='word_1_89' title='bbox 116 1211 281 1288; x_wconf 89' lang='lat' dir='ltr'><strong>litatibus,</strong></span> <span class='ocrx_word' id='word_1_90' title='bbox 303 1231 398 1290; x_wconf 90' lang='lat' dir='ltr'><strong>quam</strong></span> <span class='ocrx_word' id='word_1_91' title='bbox 416 1208 506 1271; x_wconf 89' lang='lat' dir='ltr'><strong>vobis</strong></span> <span class='ocrx_word' id='word_1_92' title='bbox 524 1209 600 1290; x_wconf 89' lang='lat' dir='ltr'><strong>ipsis</strong></span> <span class='ocrx_word' id='word_1_93' title='bbox 623 1207 655 1268; x_wconf 92' lang='lat' dir='ltr'><strong>in</strong></span> <span class='ocrx_word' id='word_1_94' title='bbox 678 1207 816 1290; x_wconf 92' lang='lat' dir='ltr'><strong>propriis</strong></span> <span class='ocrx_word' id='word_1_95' title='bbox 842 1208 1075 1282; x_wconf 82' lang='lat' dir='ltr'><strong>voluntatibus;</strong></span> <span class='ocrx_word' id='word_1_96' title='bbox 1098 1211 1124 1272; x_wconf 91' lang='lat' dir='ltr'><strong>si</strong></span> <span class='ocrx_word' id='word_1_97' title='bbox 1142 1211 1225 1272; x_wconf 88' lang='lat' dir='ltr'><strong>scie-</strong></span> 
     </span>
     <span class='ocr_line' id='line_1_12' title="bbox 117 1289 1228 1375; baseline -0.001 -21"><span class='ocrx_word' id='word_1_98' title='bbox 117 1293 194 1354; x_wconf 89' lang='lat' dir='ltr'><strong>ritis</strong></span> <span class='ocrx_word' id='word_1_99' title='bbox 222 1315 279 1354; x_wconf 90' lang='lat' dir='ltr'><strong>vos</strong></span> <span class='ocrx_word' id='word_1_100' title='bbox 300 1313 366 1353; x_wconf 89' lang='lat' dir='ltr'><strong>esse</strong></span> <span class='ocrx_word' id='word_1_101' title='bbox 387 1292 577 1366; x_wconf 88' lang='lat' dir='ltr'><strong>morituros,</strong></span> <span class='ocrx_word' id='word_1_102' title='bbox 609 1300 640 1351; x_wconf 91' lang='lat' dir='ltr'><strong>ct</strong></span> <span class='ocrx_word' id='word_1_103' title='bbox 664 1313 718 1351; x_wconf 90' lang='lat' dir='ltr'><strong>vos</strong></span> <span class='ocrx_word' id='word_1_104' title='bbox 743 1289 943 1352; x_wconf 80' lang='lat' dir='ltr'><strong>credideritis</strong></span> <span class='ocrx_word' id='word_1_105' title='bbox 966 1294 1005 1352; x_wconf 88' lang='lat' dir='ltr'><strong>de</strong></span> <span class='ocrx_word' id='word_1_106' title='bbox 1036 1294 1129 1354; x_wconf 81' lang='lat' dir='ltr'><strong>factis</strong></span> <span class='ocrx_word' id='word_1_107' title='bbox 1153 1315 1228 1375; x_wconf 89' lang='lat' dir='ltr'><strong>pro-</strong></span> 
     </span>
     <span class='ocr_line' id='line_1_13' title="bbox 116 1374 1232 1461; baseline -0.013 -27"><span class='ocrx_word' id='word_1_108' title='bbox 116 1375 204 1458; x_wconf 87' lang='lat' dir='ltr'><strong>priis</strong></span> <span class='ocrx_word' id='word_1_109' title='bbox 223 1375 381 1434; x_wconf 89' lang='lat' dir='ltr'><strong>rationem</strong></span> <span class='ocrx_word' id='word_1_110' title='bbox 401 1374 540 1434; x_wconf 88' lang='lat' dir='ltr'><strong>Domino</strong></span> <span class='ocrx_word' id='word_1_111' title='bbox 562 1374 760 1443; x_wconf 62' lang='lat' dir='ltr'><strong>redditurum</strong></span> <span class='ocrx_word' id='word_1_112' title='bbox 783 1381 816 1431; x_wconf 90' lang='lat' dir='ltr'><strong>ct</strong></span> <span class='ocrx_word' id='word_1_113' title='bbox 838 1395 919 1452; x_wconf 89' lang='lat' dir='ltr'><strong>quae</strong></span> <span class='ocrx_word' id='word_1_114' title='bbox 946 1376 1043 1457; x_wconf 79' lang='lat' dir='ltr'><strong>digne</strong></span> <span class='ocrx_word' id='word_1_115' title='bbox 1066 1376 1232 1461; x_wconf 77' lang='lat' dir='ltr'><strong>receperi..</strong></span> 
     </span>
     <span class='ocr_line' id='line_1_14' title="bbox 118 1454 997 1536; baseline 0.001 -19"><span class='ocrx_word' id='word_1_116' title='bbox 118 1458 176 1536; x_wconf 87' lang='lat' dir='ltr'><strong>tis,</strong></span> <span class='ocrx_word' id='word_1_117' title='bbox 199 1457 271 1518; x_wconf 89' lang='lat' dir='ltr'><strong>sine</strong></span> <span class='ocrx_word' id='word_1_118' title='bbox 292 1457 356 1516; x_wconf 86' lang='lat' dir='ltr'><strong>fiae</strong></span> <span class='ocrx_word' id='word_1_119' title='bbox 381 1455 434 1516; x_wconf 88' lang='lat' dir='ltr'><strong>vel</strong></span> <span class='ocrx_word' id='word_1_120' title='bbox 457 1456 676 1516; x_wconf 84' lang='lat' dir='ltr'><strong>immutatione</strong></span> <span class='ocrx_word' id='word_1_121' title='bbox 697 1455 806 1536; x_wconf 86' lang='lat' dir='ltr'><strong>aliqua</strong></span> <span class='ocrx_word' id='word_1_122' title='bbox 823 1454 997 1523; x_wconf 85' lang='lat' dir='ltr'><strong>habituros.</strong></span> 
     </span>
    </p>
   </div>
   <div class='ocr_carea' id='block_1_3' title="bbox 120 1582 1231 1826">
    <p class='ocr_par' dir='ltr' id='par_1_3' title="bbox 120 1582 1231 1826">
     <span class='ocr_line' id='line_1_15' title="bbox 120 1582 1231 1668; baseline 0.004 -23"><span class='ocrx_word' id='word_1_123' title='bbox 120 1585 314 1668; x_wconf 79' lang='lat' dir='ltr'><strong>(Quomodo</strong></span> <span class='ocrx_word' id='word_1_124' title='bbox 336 1585 522 1646; x_wconf 81' lang='lat' dir='ltr'><strong>domesticos</strong></span> <span class='ocrx_word' id='word_1_125' title='bbox 538 1605 661 1663; x_wconf 74' lang='lat' dir='ltr'><strong>regere,</strong></span> <span class='ocrx_word' id='word_1_126' title='bbox 685 1582 765 1664; x_wconf 65' lang='lat' dir='ltr'><strong>qiud</strong></span> <span class='ocrx_word' id='word_1_127' title='bbox 783 1584 851 1644; x_wconf 86' lang='lat' dir='ltr'><strong>Deo</strong></span> <span class='ocrx_word' id='word_1_128' title='bbox 861 1628 873 1656; x_wconf 92' lang='lat'><strong>,</strong></span> <span class='ocrx_word' id='word_1_129' title='bbox 904 1585 985 1666; x_wconf 73' lang='lat' dir='ltr'><strong>perid</strong></span> <span class='ocrx_word' id='word_1_130' title='bbox 1005 1585 1139 1647; x_wconf 81' lang='lat' dir='ltr'><strong>subditis</strong></span> <span class='ocrx_word' id='word_1_131' title='bbox 1161 1587 1231 1649; x_wconf 84' lang='lat' dir='ltr'><strong>red-</strong></span> 
     </span>
     <span class='ocr_line' id='line_1_16' title="bbox 164 1665 1190 1753; baseline 0.001 -23"><span class='ocrx_word' id='word_1_132' title='bbox 164 1669 263 1747; x_wconf 83' lang='lat' dir='ltr'><strong>dere,</strong></span> <span class='ocrx_word' id='word_1_133' title='bbox 296 1683 326 1729; x_wconf 85' lang='lat' dir='ltr'><strong>et</strong></span> <span class='ocrx_word' id='word_1_134' title='bbox 351 1671 458 1753; x_wconf 78' lang='lat' dir='ltr'><strong>quales</strong></span> <span class='ocrx_word' id='word_1_135' title='bbox 482 1665 597 1750; x_wconf 80' lang='lat' dir='ltr'><strong>palatii</strong></span> <span class='ocrx_word' id='word_1_136' title='bbox 617 1687 652 1725; x_wconf 83' lang='lat' dir='ltr'><strong>ac</strong></span> <span class='ocrx_word' id='word_1_137' title='bbox 685 1666 875 1748; x_wconf 83' lang='lat' dir='ltr'><strong>reipublicae</strong></span> <span class='ocrx_word' id='word_1_138' title='bbox 890 1669 1053 1730; x_wconf 83' lang='lat' dir='ltr'><strong>ministros</strong></span> <span class='ocrx_word' id='word_1_139' title='bbox 1073 1671 1190 1732; x_wconf 83' lang='lat' dir='ltr'><strong>cousti-</strong></span> 
     </span>
     <span class='ocr_line' id='line_1_17' title="bbox 549 1747 804 1826; baseline -0.008 -18"><span class='ocrx_word' id='word_1_140' title='bbox 549 1761 633 1808; x_wconf 83' lang='lat' dir='ltr'><strong>tuere</strong></span> <span class='ocrx_word' id='word_1_141' title='bbox 664 1747 804 1826; x_wconf 85' lang='lat' dir='ltr'><strong>debeat).</strong></span> 
     </span>
    </p>
   </div>
   <div class='ocr_carea' id='block_1_4' title="bbox 122 1864 1234 2445">
    <p class='ocr_par' dir='ltr' id='par_1_4' title="bbox 122 1864 1234 2445">
     <span class='ocr_line' id='line_1_18' title="bbox 209 1864 1230 1949; baseline 0.003 -22"><span class='ocrx_word' id='word_1_142' title='bbox 209 1864 289 1932; x_wconf 87' lang='lat' dir='ltr'><strong>XII.</strong></span> <span class='ocrx_word' id='word_1_143' title='bbox 329 1867 469 1926; x_wconf 89' lang='lat' dir='ltr'><strong>Domum</strong></span> <span class='ocrx_word' id='word_1_144' title='bbox 499 1873 635 1926; x_wconf 85' lang='lat' dir='ltr'><strong>vestram</strong></span> <span class='ocrx_word' id='word_1_145' title='bbox 658 1864 864 1924; x_wconf 87' lang='lat' dir='ltr'><strong>domesticam</strong></span> <span class='ocrx_word' id='word_1_146' title='bbox 889 1864 935 1926; x_wconf 89' lang='lat' dir='ltr'><strong>sic</strong></span> <span class='ocrx_word' id='word_1_147' title='bbox 961 1865 1098 1944; x_wconf 87' lang='lat' dir='ltr'><strong>nutrite,</strong></span> <span class='ocrx_word' id='word_1_148' title='bbox 1126 1867 1230 1949; x_wconf 84' lang='lat' dir='ltr'><strong>regite</strong></span> 
     </span>
     <span class='ocr_line' id='line_1_19' title="bbox 131 1946 1230 2030; baseline 0 -20"><span class='ocrx_word' id='word_1_149' title='bbox 131 1957 164 2010; x_wconf 87' lang='lat' dir='ltr'><strong>et</strong></span> <span class='ocrx_word' id='word_1_150' title='bbox 184 1948 361 2030; x_wconf 84' lang='lat' dir='ltr'><strong>disponite,</strong></span> <span class='ocrx_word' id='word_1_151' title='bbox 383 1957 419 2007; x_wconf 90' lang='lat' dir='ltr'><strong>ut</strong></span> <span class='ocrx_word' id='word_1_152' title='bbox 439 1948 568 2028; x_wconf 86' lang='lat' dir='ltr'><strong>quando</strong></span> <span class='ocrx_word' id='word_1_153' title='bbox 592 1946 683 2028; x_wconf 81' lang='lat' dir='ltr'><strong>regni</strong></span> <span class='ocrx_word' id='word_1_154' title='bbox 713 1948 851 2029; x_wconf 83' lang='lat' dir='ltr'><strong>populus</strong></span> <span class='ocrx_word' id='word_1_155' title='bbox 873 1948 913 2008; x_wconf 90' lang='lat' dir='ltr'><strong>ad</strong></span> <span class='ocrx_word' id='word_1_156' title='bbox 940 1968 997 2009; x_wconf 91' lang='lat' dir='ltr'><strong>vos</strong></span> <span class='ocrx_word' id='word_1_157' title='bbox 1019 1953 1230 2028; x_wconf 85' lang='lat' dir='ltr'><strong>convenerit,</strong></span> 
     </span>
     <span class='ocr_line' id='line_1_20' title="bbox 128 2029 1231 2114; baseline 0.003 -24"><span class='ocrx_word' id='word_1_158' title='bbox 128 2031 166 2090; x_wconf 87' lang='lat' dir='ltr'><strong>in</strong></span> <span class='ocrx_word' id='word_1_159' title='bbox 188 2031 275 2094; x_wconf 88' lang='lat' dir='ltr'><strong>vobis</strong></span> <span class='ocrx_word' id='word_1_160' title='bbox 297 2040 329 2090; x_wconf 91' lang='lat' dir='ltr'><strong>et</strong></span> <span class='ocrx_word' id='word_1_161' title='bbox 356 2030 389 2090; x_wconf 89' lang='lat' dir='ltr'><strong>in</strong></span> <span class='ocrx_word' id='word_1_162' title='bbox 415 2029 596 2090; x_wconf 88' lang='lat' dir='ltr'><strong>domesticis</strong></span> <span class='ocrx_word' id='word_1_163' title='bbox 621 2031 733 2092; x_wconf 88' lang='lat' dir='ltr'><strong>vestris</strong></span> <span class='ocrx_word' id='word_1_164' title='bbox 752 2029 885 2090; x_wconf 88' lang='lat' dir='ltr'><strong>videant</strong></span> <span class='ocrx_word' id='word_1_165' title='bbox 910 2030 1050 2110; x_wconf 90' lang='lat' dir='ltr'><strong>qualiter</strong></span> <span class='ocrx_word' id='word_1_166' title='bbox 1072 2053 1106 2092; x_wconf 84' lang='lat' dir='ltr'><strong>se</strong></span> <span class='ocrx_word' id='word_1_167' title='bbox 1134 2041 1231 2114; x_wconf 89' lang='lat' dir='ltr'><strong>atque</strong></span> 
     </span>
     <span class='ocr_line' id='line_1_21' title="bbox 128 2111 1234 2194; baseline 0.003 -21"><span class='ocrx_word' id='word_1_168' title='bbox 128 2113 278 2185; x_wconf 86' lang='lat' dir='ltr'><strong>domum,</strong></span> <span class='ocrx_word' id='word_1_169' title='bbox 300 2121 513 2194; x_wconf 80' lang='lat' dir='ltr'><strong>cumquanta</strong></span> <span class='ocrx_word' id='word_1_170' title='bbox 541 2111 721 2173; x_wconf 88' lang='lat' dir='ltr'><strong>humilitate</strong></span> <span class='ocrx_word' id='word_1_171' title='bbox 747 2121 842 2192; x_wconf 88' lang='lat' dir='ltr'><strong>atque</strong></span> <span class='ocrx_word' id='word_1_172' title='bbox 867 2113 1029 2191; x_wconf 88' lang='lat' dir='ltr'><strong>castitate,</strong></span> <span class='ocrx_word' id='word_1_173' title='bbox 1060 2134 1158 2192; x_wconf 91' lang='lat' dir='ltr'><strong>quam</strong></span> <span class='ocrx_word' id='word_1_174' title='bbox 1183 2137 1234 2176; x_wconf 89' lang='lat' dir='ltr'><strong>so·</strong></span> 
     </span>
     <span class='ocr_line' id='line_1_22' title="bbox 125 2193 1234 2276; baseline 0.003 -21"><span class='ocrx_word' id='word_1_175' title='bbox 125 2195 211 2274; x_wconf 90' lang='lat' dir='ltr'><strong>brie,</strong></span> <span class='ocrx_word' id='word_1_176' title='bbox 242 2217 340 2276; x_wconf 91' lang='lat' dir='ltr'><strong>quam</strong></span> <span class='ocrx_word' id='word_1_177' title='bbox 360 2196 454 2272; x_wconf 88' lang='lat' dir='ltr'><strong>iuste,</strong></span> <span class='ocrx_word' id='word_1_178' title='bbox 477 2216 571 2276; x_wconf 89' lang='lat' dir='ltr'><strong>quam</strong></span> <span class='ocrx_word' id='word_1_179' title='bbox 593 2194 644 2275; x_wconf 89' lang='lat' dir='ltr'><strong>pie</strong></span> <span class='ocrx_word' id='word_1_180' title='bbox 669 2193 805 2269; x_wconf 90' lang='lat' dir='ltr'><strong>nutrire,</strong></span> <span class='ocrx_word' id='word_1_181' title='bbox 836 2194 1006 2274; x_wconf 88' lang='lat' dir='ltr'><strong>disponere</strong></span> <span class='ocrx_word' id='word_1_182' title='bbox 1031 2197 1178 2275; x_wconf 89' lang='lat' dir='ltr'><strong>debeant,</strong></span> <span class='ocrx_word' id='word_1_183' title='bbox 1201 2204 1234 2258; x_wconf 81' lang='lat' dir='ltr'><strong>et·</strong></span> 
     </span>
     <span class='ocr_line' id='line_1_23' title="bbox 126 2276 1233 2360; baseline 0.003 -23"><span class='ocrx_word' id='word_1_184' title='bbox 126 2280 328 2360; x_wconf 82' lang='lat' dir='ltr'><strong>gubernare:</strong></span> <span class='ocrx_word' id='word_1_185' title='bbox 349 2277 436 2358; x_wconf 89' lang='lat' dir='ltr'><strong>quia,</strong></span> <span class='ocrx_word' id='word_1_186' title='bbox 458 2277 541 2336; x_wconf 91' lang='lat' dir='ltr'><strong>sicut</strong></span> <span class='ocrx_word' id='word_1_187' title='bbox 564 2277 695 2357; x_wconf 87' lang='lat' dir='ltr'><strong>quidam</strong></span> <span class='ocrx_word' id='word_1_188' title='bbox 707 2276 832 2359; x_wconf 91' lang='lat' dir='ltr'><strong>sapiens</strong></span> <span class='ocrx_word' id='word_1_189' title='bbox 850 2278 942 2353; x_wconf 77' lang='lat' dir='ltr'><strong>dixit,</strong></span> <span class='ocrx_word' id='word_1_190' title='bbox 965 2279 1142 2338; x_wconf 82' lang='lat' dir='ltr'><strong>seeundum</strong></span> <span class='ocrx_word' id='word_1_191' title='bbox 1161 2302 1233 2341; x_wconf 90' lang='lat' dir='ltr'><strong>mo-</strong></span> 
     </span>
     <span class='ocr_line' id='line_1_24' title="bbox 122 2358 1232 2445; baseline 0.001 -24"><span class='ocrx_word' id='word_1_192' title='bbox 122 2381 178 2422; x_wconf 87' lang='lat' dir='ltr'><strong>res</strong></span> <span class='ocrx_word' id='word_1_193' title='bbox 206 2359 328 2420; x_wconf 88' lang='lat' dir='ltr'><strong>domini</strong></span> <span class='ocrx_word' id='word_1_194' title='bbox 353 2360 416 2421; x_wconf 89' lang='lat' dir='ltr'><strong>erit</strong></span> <span class='ocrx_word' id='word_1_195' title='bbox 446 2358 567 2418; x_wconf 85' lang='lat' dir='ltr'><strong>familia</strong></span> <span class='ocrx_word' id='word_1_196' title='bbox 595 2358 762 2418; x_wconf 90' lang='lat' dir='ltr'><strong>custodita.</strong></span> <span class='ocrx_word' id='word_1_197' title='bbox 823 2360 864 2419; x_wconf 88' lang='lat' dir='ltr'><strong>Et</strong></span> <span class='ocrx_word' id='word_1_198' title='bbox 892 2360 965 2420; x_wconf 86' lang='lat' dir='ltr'><strong>ideo</strong></span> <span class='ocrx_word' id='word_1_199' title='bbox 994 2361 1106 2424; x_wconf 89' lang='lat' dir='ltr'><strong>domus</strong></span> <span class='ocrx_word' id='word_1_200' title='bbox 1137 2362 1232 2445; x_wconf 84' lang='lat' dir='ltr'><strong>Regis</strong></span> 
     </span>
    </p>
   </div>
   <div class='ocr_carea' id='block_1_5' title="bbox 123 2440 1247 4332">
    <p class='ocr_par' dir='ltr' id='par_1_5' title="bbox 123 2440 1247 4332">
     <span class='ocr_line' id='line_1_25' title="bbox 125 2440 1233 2521; baseline 0.001 -18"><span class='ocrx_word' id='word_1_201' title='bbox 125 2441 237 2503; x_wconf 88' lang='lat' dir='ltr'><strong>schola</strong></span> <span class='ocrx_word' id='word_1_202' title='bbox 256 2442 384 2518; x_wconf 88' lang='lat' dir='ltr'><strong>dicitur,</strong></span> <span class='ocrx_word' id='word_1_203' title='bbox 407 2441 440 2502; x_wconf 92' lang='lat' dir='ltr'><strong>id</strong></span> <span class='ocrx_word' id='word_1_204' title='bbox 462 2449 509 2501; x_wconf 85' lang='lat' dir='ltr'><strong>est</strong></span> <span class='ocrx_word' id='word_1_205' title='bbox 529 2441 716 2521; x_wconf 87' lang='lat' dir='ltr'><strong>disciplina;</strong></span> <span class='ocrx_word' id='word_1_206' title='bbox 750 2440 826 2520; x_wconf 89' lang='lat' dir='ltr'><strong>quia</strong></span> <span class='ocrx_word' id='word_1_207' title='bbox 855 2464 918 2500; x_wconf 90' lang='lat' dir='ltr'><strong>non</strong></span> <span class='ocrx_word' id='word_1_208' title='bbox 943 2451 1069 2502; x_wconf 89' lang='lat' dir='ltr'><strong>tantum</strong></span> <span class='ocrx_word' id='word_1_209' title='bbox 1094 2443 1233 2505; x_wconf 91' lang='lat' dir='ltr'><strong>scholas·</strong></span> 
     </span>
     <span class='ocr_line' id='line_1_26' title="bbox 124 2522 1234 2606; baseline 0.002 -22"><span class='ocrx_word' id='word_1_210' title='bbox 124 2525 196 2598; x_wconf 87' lang='lat' dir='ltr'><strong>tici,</strong></span> <span class='ocrx_word' id='word_1_211' title='bbox 217 2523 254 2583; x_wconf 90' lang='lat' dir='ltr'><strong>id</strong></span> <span class='ocrx_word' id='word_1_212' title='bbox 275 2534 331 2602; x_wconf 89' lang='lat' dir='ltr'><strong>cst,</strong></span> <span class='ocrx_word' id='word_1_213' title='bbox 354 2522 548 2606; x_wconf 89' lang='lat' dir='ltr'><strong>disciplinati</strong></span> <span class='ocrx_word' id='word_1_214' title='bbox 564 2534 597 2584; x_wconf 88' lang='lat' dir='ltr'><strong>et</strong></span> <span class='ocrx_word' id='word_1_215' title='bbox 615 2524 697 2582; x_wconf 87' lang='lat' dir='ltr'><strong>bene</strong></span> <span class='ocrx_word' id='word_1_216' title='bbox 718 2525 855 2583; x_wconf 89' lang='lat' dir='ltr'><strong>correcti</strong></span> <span class='ocrx_word' id='word_1_217' title='bbox 870 2534 956 2600; x_wconf 86' lang='lat' dir='ltr'><strong>sunt,</strong></span> <span class='ocrx_word' id='word_1_218' title='bbox 979 2527 1061 2586; x_wconf 89' lang='lat' dir='ltr'><strong>sicut</strong></span> <span class='ocrx_word' id='word_1_219' title='bbox 1082 2526 1153 2596; x_wconf 89' lang='lat' dir='ltr'><strong>alii;</strong></span> <span class='ocrx_word' id='word_1_220' title='bbox 1177 2526 1234 2586; x_wconf 88' lang='lat' dir='ltr'><strong>sed</strong></span> 
     </span>
     <span class='ocr_line' id='line_1_27' title="bbox 123 2605 1222 2690; baseline 0 -23"><span class='ocrx_word' id='word_1_221' title='bbox 123 2606 233 2690; x_wconf 89' lang='lat' dir='ltr'><strong>potius</strong></span> <span class='ocrx_word' id='word_1_222' title='bbox 254 2605 320 2685; x_wconf 91' lang='lat' dir='ltr'><strong>ipsa</strong></span> <span class='ocrx_word' id='word_1_223' title='bbox 346 2605 466 2683; x_wconf 84' lang='lat' dir='ltr'><strong>schola,</strong></span> <span class='ocrx_word' id='word_1_224' title='bbox 489 2627 570 2685; x_wconf 91' lang='lat' dir='ltr'><strong>quae</strong></span> <span class='ocrx_word' id='word_1_225' title='bbox 587 2606 816 2683; x_wconf 83' lang='lat' dir='ltr'><strong>interpretatur</strong></span> <span class='ocrx_word' id='word_1_226' title='bbox 837 2606 1020 2688; x_wconf 88' lang='lat' dir='ltr'><strong>disciplina,</strong></span> <span class='ocrx_word' id='word_1_227' title='bbox 1043 2608 1149 2684; x_wconf 89' lang='lat' dir='ltr'><strong>idest,</strong></span> <span class='ocrx_word' id='word_1_228' title='bbox 1166 2630 1222 2667; x_wconf 93' lang='lat' dir='ltr'><strong>cor</strong></span> 
     </span>
     <span class='ocr_line' id='line_1_28' title="bbox 124 2687 1231 2770; baseline -0.005 -20"><span class='ocrx_word' id='word_1_229' title='bbox 124 2690 228 2750; x_wconf 83' lang='lat' dir='ltr'><strong>rectio</strong></span> <span class='ocrx_word' id='word_1_230' title='bbox 248 2687 383 2766; x_wconf 89' lang='lat' dir='ltr'><strong>dieitur,</strong></span> <span class='ocrx_word' id='word_1_231' title='bbox 405 2709 487 2770; x_wconf 89' lang='lat' dir='ltr'><strong>quae</strong></span> <span class='ocrx_word' id='word_1_232' title='bbox 504 2689 583 2748; x_wconf 90' lang='lat' dir='ltr'><strong>alios</strong></span> <span class='ocrx_word' id='word_1_233' title='bbox 605 2687 736 2764; x_wconf 85' lang='lat' dir='ltr'><strong>babitu,</strong></span> <span class='ocrx_word' id='word_1_234' title='bbox 766 2687 905 2764; x_wconf 89' lang='lat' dir='ltr'><strong>incessu,</strong></span> <span class='ocrx_word' id='word_1_235' title='bbox 934 2691 1054 2767; x_wconf 89' lang='lat' dir='ltr'><strong>verbo,</strong></span> <span class='ocrx_word' id='word_1_236' title='bbox 1085 2699 1118 2749; x_wconf 90' lang='lat' dir='ltr'><strong>et</strong></span> <span class='ocrx_word' id='word_1_237' title='bbox 1148 2699 1231 2750; x_wconf 79' lang='lat' dir='ltr'><strong>actu,</strong></span> 
     </span>
     <span class='ocr_line' id='line_1_29' title="bbox 124 2770 1232 2854; baseline 0.003 -25"><span class='ocrx_word' id='word_1_238' title='bbox 124 2779 222 2854; x_wconf 88' lang='lat' dir='ltr'><strong>atque</strong></span> <span class='ocrx_word' id='word_1_239' title='bbox 255 2771 352 2831; x_wconf 86' lang='lat' dir='ltr'><strong>totius</strong></span> <span class='ocrx_word' id='word_1_240' title='bbox 381 2771 525 2830; x_wconf 82' lang='lat' dir='ltr'><strong>vanitatis</strong></span> <span class='ocrx_word' id='word_1_241' title='bbox 548 2770 745 2829; x_wconf 88' lang='lat' dir='ltr'><strong>continentia</strong></span> <span class='ocrx_word' id='word_1_242' title='bbox 777 2772 924 2852; x_wconf 79' lang='lat' dir='ltr'><strong>corrigat.</strong></span> <span class='ocrx_word' id='word_1_243' title='bbox 978 2773 1021 2830; x_wconf 89' lang='lat' dir='ltr'><strong>Et</strong></span> <span class='ocrx_word' id='word_1_244' title='bbox 1048 2793 1126 2848; x_wconf 89' lang='lat' dir='ltr'><strong>vos,</strong></span> <span class='ocrx_word' id='word_1_245' title='bbox 1150 2777 1232 2833; x_wconf 62' lang='lat' dir='ltr'><strong>sicu,</strong></span> 
     </span>
     <span class='ocr_line' id='line_1_30' title="bbox 127 2851 1236 2934; baseline 0.005 -22"><span class='ocrx_word' id='word_1_246' title='bbox 127 2852 269 2934; x_wconf 86' lang='lat' dir='ltr'><strong>paxillus</strong></span> <span class='ocrx_word' id='word_1_247' title='bbox 294 2873 359 2912; x_wconf 91' lang='lat' dir='ltr'><strong>non</strong></span> <span class='ocrx_word' id='word_1_248' title='bbox 377 2853 461 2912; x_wconf 87' lang='lat' dir='ltr'><strong>benc</strong></span> <span class='ocrx_word' id='word_1_249' title='bbox 482 2852 618 2927; x_wconf 71' lang='lat' dir='ltr'><strong>infixus,</strong></span> <span class='ocrx_word' id='word_1_250' title='bbox 646 2852 708 2912; x_wconf 91' lang='lat' dir='ltr'><strong>nisi</strong></span> <span class='ocrx_word' id='word_1_251' title='bbox 733 2851 765 2910; x_wconf 90' lang='lat' dir='ltr'><strong>in</strong></span> <span class='ocrx_word' id='word_1_252' title='bbox 788 2854 928 2913; x_wconf 88' lang='lat' dir='ltr'><strong>Domino</strong></span> <span class='ocrx_word' id='word_1_253' title='bbox 949 2853 1106 2915; x_wconf 88' lang='lat' dir='ltr'><strong>virtutum</strong></span> <span class='ocrx_word' id='word_1_254' title='bbox 1126 2855 1236 2917; x_wconf 78' lang='lat' dir='ltr'><strong>innixt</strong></span> 
     </span>
     <span class='ocr_line' id='line_1_31' title="bbox 125 2933 1234 3018; baseline -0.001 -22"><span class='ocrx_word' id='word_1_255' title='bbox 125 2936 256 2996; x_wconf 86' lang='lat' dir='ltr'><strong>sortiter</strong></span> <span class='ocrx_word' id='word_1_256' title='bbox 275 2935 419 3011; x_wconf 85' lang='lat' dir='ltr'><strong>fueritis,</strong></span> <span class='ocrx_word' id='word_1_257' title='bbox 441 2942 474 2996; x_wconf 87' lang='lat' dir='ltr'><strong>et</strong></span> <span class='ocrx_word' id='word_1_258' title='bbox 491 2957 546 2995; x_wconf 85' lang='lat' dir='ltr'><strong>vos</strong></span> <span class='ocrx_word' id='word_1_259' title='bbox 562 2933 696 3009; x_wconf 90' lang='lat' dir='ltr'><strong>cadetis,</strong></span> <span class='ocrx_word' id='word_1_260' title='bbox 720 2943 751 2994; x_wconf 93' lang='lat' dir='ltr'><strong>ct</strong></span> <span class='ocrx_word' id='word_1_261' title='bbox 764 2936 818 3015; x_wconf 92' lang='lat' dir='ltr'><strong>qui</strong></span> <span class='ocrx_word' id='word_1_262' title='bbox 842 2935 874 2995; x_wconf 94' lang='lat' dir='ltr'><strong>in</strong></span> <span class='ocrx_word' id='word_1_263' title='bbox 892 2937 982 2998; x_wconf 90' lang='lat' dir='ltr'><strong>vohis</strong></span> <span class='ocrx_word' id='word_1_264' title='bbox 997 2938 1151 3018; x_wconf 90' lang='lat' dir='ltr'><strong>pendent,</strong></span> <span class='ocrx_word' id='word_1_265' title='bbox 1172 2938 1234 3000; x_wconf 75' lang='lat' dir='ltr'><strong>la-i</strong></span> 
     </span>
     <span class='ocr_line' id='line_1_32' title="bbox 126 3015 1233 3100; baseline 0 -22"><span class='ocrx_word' id='word_1_266' title='bbox 126 3015 257 3078; x_wconf 89' lang='lat' dir='ltr'><strong>bentur.</strong></span> <span class='ocrx_word' id='word_1_267' title='bbox 300 3019 513 3098; x_wconf 86' lang='lat' dir='ltr'><strong>Quapropter,</strong></span> <span class='ocrx_word' id='word_1_268' title='bbox 534 3015 617 3076; x_wconf 89' lang='lat' dir='ltr'><strong>sieut</strong></span> <span class='ocrx_word' id='word_1_269' title='bbox 638 3016 785 3076; x_wconf 89' lang='lat' dir='ltr'><strong>dominus</strong></span> <span class='ocrx_word' id='word_1_270' title='bbox 805 3019 864 3078; x_wconf 88' lang='lat' dir='ltr'><strong>snb</strong></span> <span class='ocrx_word' id='word_1_271' title='bbox 887 3030 1042 3100; x_wconf 83' lang='lat' dir='ltr'><strong>potestate</strong></span> <span class='ocrx_word' id='word_1_272' title='bbox 1072 3021 1233 3080; x_wconf 87' lang='lat' dir='ltr'><strong>eonstitu-</strong></span> 
     </span>
     <span class='ocr_line' id='line_1_33' title="bbox 126 3097 1231 3184; baseline 0.002 -24"><span class='ocrx_word' id='word_1_273' title='bbox 126 3111 177 3162; x_wconf 90' lang='lat' dir='ltr'><strong>tos</strong></span> <span class='ocrx_word' id='word_1_274' title='bbox 191 3120 232 3158; x_wconf 81' lang='lat' dir='ltr'><strong>ex</strong></span> <span class='ocrx_word' id='word_1_275' title='bbox 254 3108 449 3160; x_wconf 86' lang='lat' dir='ltr'><strong>tentatorum</strong></span> <span class='ocrx_word' id='word_1_276' title='bbox 470 3098 636 3158; x_wconf 87' lang='lat' dir='ltr'><strong>occasione</strong></span> <span class='ocrx_word' id='word_1_277' title='bbox 654 3097 917 3162; x_wconf 87' lang='lat' dir='ltr'><strong>docuit&#39;rcdderc</strong></span> <span class='ocrx_word' id='word_1_278' title='bbox 941 3125 1023 3184; x_wconf 86' lang='lat' dir='ltr'><strong>quae</strong></span> <span class='ocrx_word' id='word_1_279' title='bbox 1048 3113 1123 3162; x_wconf 88' lang='lat' dir='ltr'><strong>sunt</strong></span> <span class='ocrx_word' id='word_1_280' title='bbox 1145 3105 1231 3164; x_wconf 89' lang='lat' dir='ltr'><strong>Cac-</strong></span> 
     </span>
     <span class='ocr_line' id='line_1_34' title="bbox 127 3181 1230 3265; baseline 0 -21"><span class='ocrx_word' id='word_1_281' title='bbox 127 3182 217 3258; x_wconf 86' lang='lat' dir='ltr'><strong>saris,</strong></span> <span class='ocrx_word' id='word_1_282' title='bbox 239 3181 385 3250; x_wconf 89' lang='lat' dir='ltr'><strong>Caesari;</strong></span> <span class='ocrx_word' id='word_1_283' title='bbox 416 3189 447 3240; x_wconf 89' lang='lat' dir='ltr'><strong>et</strong></span> <span class='ocrx_word' id='word_1_284' title='bbox 473 3201 554 3260; x_wconf 91' lang='lat' dir='ltr'><strong>quae</strong></span> <span class='ocrx_word' id='word_1_285' title='bbox 580 3189 654 3240; x_wconf 89' lang='lat' dir='ltr'><strong>sunt</strong></span> <span class='ocrx_word' id='word_1_286' title='bbox 677 3181 750 3256; x_wconf 93' lang='lat' dir='ltr'><strong>Dei,</strong></span> <span class='ocrx_word' id='word_1_287' title='bbox 769 3183 860 3242; x_wconf 85' lang='lat' dir='ltr'><strong>Deo:</strong></span> <span class='ocrx_word' id='word_1_288' title='bbox 884 3185 976 3245; x_wconf 88' lang='lat' dir='ltr'><strong>itaet</strong></span> <span class='ocrx_word' id='word_1_289' title='bbox 997 3194 1071 3259; x_wconf 89' lang='lat' dir='ltr'><strong>vos&#39;,</strong></span> <span class='ocrx_word' id='word_1_290' title='bbox 1100 3186 1155 3265; x_wconf 91' lang='lat' dir='ltr'><strong>qni</strong></span> <span class='ocrx_word' id='word_1_291' title='bbox 1171 3185 1230 3246; x_wconf 90' lang='lat' dir='ltr'><strong>sub</strong></span> 
     </span>
     <span class='ocr_line' id='line_1_35' title="bbox 127 3262 1247 3347; baseline 0.004 -23"><span class='ocrx_word' id='word_1_292' title='bbox 127 3267 197 3324; x_wconf 89' lang='lat' dir='ltr'><strong>Deo</strong></span> <span class='ocrx_word' id='word_1_293' title='bbox 219 3263 293 3323; x_wconf 87' lang='lat' dir='ltr'><strong>estis</strong></span> <span class='ocrx_word' id='word_1_294' title='bbox 306 3272 339 3322; x_wconf 90' lang='lat' dir='ltr'><strong>et</strong></span> <span class='ocrx_word' id='word_1_295' title='bbox 356 3284 450 3344; x_wconf 87' lang='lat' dir='ltr'><strong>super</strong></span> <span class='ocrx_word' id='word_1_296' title='bbox 462 3262 606 3322; x_wconf 87' lang='lat' dir='ltr'><strong>homines</strong></span> <span class='ocrx_word' id='word_1_297' title='bbox 626 3263 710 3338; x_wconf 89' lang='lat' dir='ltr'><strong>estis,</strong></span> <span class='ocrx_word' id='word_1_298' title='bbox 724 3264 849 3325; x_wconf 87' lang='lat' dir='ltr'><strong>reddite</strong></span> <span class='ocrx_word' id='word_1_299' title='bbox 870 3277 1040 3347; x_wconf 88' lang='lat' dir='ltr'><strong>quaesunt</strong></span> <span class='ocrx_word' id='word_1_300' title='bbox 1055 3270 1128 3342; x_wconf 90' lang='lat' dir='ltr'><strong>Dei,</strong></span> <span class='ocrx_word' id='word_1_301' title='bbox 1148 3271 1247 3338; x_wconf 55' lang='lat' dir='ltr'><strong>Deos</strong></span> 
     </span>
     <span class='ocr_line' id='line_1_36' title="bbox 128 3345 1232 3426; baseline 0.003 -20"><span class='ocrx_word' id='word_1_302' title='bbox 128 3355 160 3406; x_wconf 87' lang='lat' dir='ltr'><strong>et</strong></span> <span class='ocrx_word' id='word_1_303' title='bbox 187 3345 272 3406; x_wconf 89' lang='lat' dir='ltr'><strong>sicut</strong></span> <span class='ocrx_word' id='word_1_304' title='bbox 296 3346 410 3406; x_wconf 88' lang='lat' dir='ltr'><strong>Caesar</strong></span> <span class='ocrx_word' id='word_1_305' title='bbox 431 3366 562 3424; x_wconf 88' lang='lat' dir='ltr'><strong>aequus,</strong></span> <span class='ocrx_word' id='word_1_306' title='bbox 585 3365 666 3424; x_wconf 80' lang='lat' dir='ltr'><strong>quae</strong></span> <span class='ocrx_word' id='word_1_307' title='bbox 681 3345 880 3416; x_wconf 77' lang='lat' dir='ltr'><strong>subditorum</strong></span> <span class='ocrx_word' id='word_1_308' title='bbox 901 3359 987 3426; x_wconf 90' lang='lat' dir='ltr'><strong>sunt,</strong></span> <span class='ocrx_word' id='word_1_309' title='bbox 1010 3349 1144 3410; x_wconf 90' lang='lat' dir='ltr'><strong>subditis</strong></span> <span class='ocrx_word' id='word_1_310' title='bbox 1159 3351 1232 3409; x_wconf 88' lang='lat' dir='ltr'><strong>red·</strong></span> 
     </span>
     <span class='ocr_line' id='line_1_37' title="bbox 129 3425 1232 3506; baseline 0.003 -18"><span class='ocrx_word' id='word_1_311' title='bbox 129 3429 207 3488; x_wconf 91' lang='lat' dir='ltr'><strong>dite.</strong></span> <span class='ocrx_word' id='word_1_312' title='bbox 248 3427 383 3489; x_wconf 89' lang='lat' dir='ltr'><strong>Reddite</strong></span> <span class='ocrx_word' id='word_1_313' title='bbox 405 3429 474 3487; x_wconf 89' lang='lat' dir='ltr'><strong>Deo</strong></span> <span class='ocrx_word' id='word_1_314' title='bbox 494 3447 605 3506; x_wconf 89' lang='lat' dir='ltr'><strong>puram</strong></span> <span class='ocrx_word' id='word_1_315' title='bbox 624 3434 656 3485; x_wconf 90' lang='lat' dir='ltr'><strong>et</strong></span> <span class='ocrx_word' id='word_1_316' title='bbox 672 3425 904 3488; x_wconf 89' lang='lat' dir='ltr'><strong>immaculatam</strong></span> <span class='ocrx_word' id='word_1_317' title='bbox 923 3431 1018 3490; x_wconf 85' lang='lat' dir='ltr'><strong>fidem</strong></span> <span class='ocrx_word' id='word_1_318' title='bbox 1037 3441 1068 3489; x_wconf 90' lang='lat' dir='ltr'><strong>et</strong></span> <span class='ocrx_word' id='word_1_319' title='bbox 1083 3431 1232 3491; x_wconf 85' lang='lat' dir='ltr'><strong>sinceris·</strong></span> 
     </span>
     <span class='ocr_line' id='line_1_38' title="bbox 128 3508 1230 3593; baseline -0.001 -23"><span class='ocrx_word' id='word_1_320' title='bbox 128 3511 244 3570; x_wconf 86' lang='lat' dir='ltr'><strong>simum</strong></span> <span class='ocrx_word' id='word_1_321' title='bbox 256 3511 378 3570; x_wconf 89' lang='lat' dir='ltr'><strong>cultum</strong></span> <span class='ocrx_word' id='word_1_322' title='bbox 393 3509 425 3568; x_wconf 94' lang='lat' dir='ltr'><strong>in</strong></span> <span class='ocrx_word' id='word_1_323' title='bbox 443 3508 678 3584; x_wconf 85' lang='lat' dir='ltr'><strong>Sacerdotibus,</strong></span> <span class='ocrx_word' id='word_1_324' title='bbox 701 3509 733 3568; x_wconf 90' lang='lat' dir='ltr'><strong>in</strong></span> <span class='ocrx_word' id='word_1_325' title='bbox 752 3510 969 3570; x_wconf 86' lang='lat' dir='ltr'><strong>Ecclesiarum</strong></span> <span class='ocrx_word' id='word_1_326' title='bbox 983 3512 1173 3593; x_wconf 80' lang='lat' dir='ltr'><strong>privilegiis,</strong></span> <span class='ocrx_word' id='word_1_327' title='bbox 1196 3513 1230 3570; x_wconf 92' lang='lat' dir='ltr'><strong>in</strong></span> 
     </span>
     <span class='ocr_line' id='line_1_39' title="bbox 129 3591 1227 3672; baseline -0.001 -19"><span class='ocrx_word' id='word_1_328' title='bbox 129 3592 226 3653; x_wconf 87' lang='lat' dir='ltr'><strong>sacris</strong></span> <span class='ocrx_word' id='word_1_329' title='bbox 251 3591 340 3669; x_wconf 88' lang='lat' dir='ltr'><strong>locis,</strong></span> <span class='ocrx_word' id='word_1_330' title='bbox 372 3591 594 3652; x_wconf 83' lang='lat' dir='ltr'><strong>ecelesiasticis</strong></span> <span class='ocrx_word' id='word_1_331' title='bbox 623 3599 654 3650; x_wconf 88' lang='lat' dir='ltr'><strong>et</strong></span> <span class='ocrx_word' id='word_1_332' title='bbox 676 3591 835 3672; x_wconf 83' lang='lat' dir='ltr'><strong>religiosis</strong></span> <span class='ocrx_word' id='word_1_333' title='bbox 860 3593 936 3653; x_wconf 86' lang='lat' dir='ltr'><strong>viris</strong></span> <span class='ocrx_word' id='word_1_334' title='bbox 965 3617 1000 3654; x_wconf 90' lang='lat' dir='ltr'><strong>ac</strong></span> <span class='ocrx_word' id='word_1_335' title='bbox 1030 3595 1170 3668; x_wconf 85' lang='lat' dir='ltr'><strong>feminis,</strong></span> <span class='ocrx_word' id='word_1_336' title='bbox 1195 3595 1227 3652; x_wconf 91' lang='lat' dir='ltr'><strong>in</strong></span> 
     </span>
     <span class='ocr_line' id='line_1_40' title="bbox 128 3669 1230 3755; baseline 0 -21"><span class='ocrx_word' id='word_1_337' title='bbox 128 3674 317 3734; x_wconf 81' lang='lat' dir='ltr'><strong>defensione</strong></span> <span class='ocrx_word' id='word_1_338' title='bbox 338 3673 499 3734; x_wconf 89' lang='lat' dir='ltr'><strong>Ecclesiae</strong></span> <span class='ocrx_word' id='word_1_339' title='bbox 519 3683 551 3735; x_wconf 89' lang='lat' dir='ltr'><strong>ct</strong></span> <span class='ocrx_word' id='word_1_340' title='bbox 573 3669 841 3749; x_wconf 87' lang='lat' dir='ltr'><strong>Christianitatis,</strong></span> <span class='ocrx_word' id='word_1_341' title='bbox 864 3674 898 3732; x_wconf 90' lang='lat' dir='ltr'><strong>in</strong></span> <span class='ocrx_word' id='word_1_342' title='bbox 924 3676 1084 3755; x_wconf 89' lang='lat' dir='ltr'><strong>aequitate</strong></span> <span class='ocrx_word' id='word_1_343' title='bbox 1112 3686 1143 3734; x_wconf 91' lang='lat' dir='ltr'><strong>et</strong></span> <span class='ocrx_word' id='word_1_344' title='bbox 1168 3675 1230 3736; x_wconf 87' lang='lat' dir='ltr'><strong>ius·</strong></span> 
     </span>
     <span class='ocr_line' id='line_1_41' title="bbox 127 3755 1232 3839; baseline 0.002 -24"><span class='ocrx_word' id='word_1_345' title='bbox 127 3755 200 3816; x_wconf 89' lang='lat' dir='ltr'><strong>titia</strong></span> <span class='ocrx_word' id='word_1_346' title='bbox 221 3756 336 3836; x_wconf 92' lang='lat' dir='ltr'><strong>populi</strong></span> <span class='ocrx_word' id='word_1_347' title='bbox 356 3755 541 3829; x_wconf 87' lang='lat' dir='ltr'><strong>Christiani,</strong></span> <span class='ocrx_word' id='word_1_348' title='bbox 570 3757 604 3815; x_wconf 92' lang='lat' dir='ltr'><strong>in</strong></span> <span class='ocrx_word' id='word_1_349' title='bbox 628 3755 849 3816; x_wconf 84' lang='lat' dir='ltr'><strong>sublevatione</strong></span> <span class='ocrx_word' id='word_1_350' title='bbox 880 3765 912 3817; x_wconf 88' lang='lat' dir='ltr'><strong>et</strong></span> <span class='ocrx_word' id='word_1_351' title='bbox 936 3757 1170 3839; x_wconf 85' lang='lat' dir='ltr'><strong>tranquillitate</strong></span> <span class='ocrx_word' id='word_1_352' title='bbox 1198 3767 1232 3817; x_wconf 91' lang='lat' dir='ltr'><strong>et</strong></span> 
     </span>
     <span class='ocr_line' id='line_1_42' title="bbox 128 3837 1231 3920; baseline 0 -22"><span class='ocrx_word' id='word_1_353' title='bbox 128 3838 350 3898; x_wconf 82' lang='lat' dir='ltr'><strong>consolatione</strong></span> <span class='ocrx_word' id='word_1_354' title='bbox 369 3837 512 3898; x_wconf 88' lang='lat' dir='ltr'><strong>omnium</strong></span> <span class='ocrx_word' id='word_1_355' title='bbox 526 3837 751 3918; x_wconf 74' lang='lat' dir='ltr'><strong>indigentium,</strong></span> <span class='ocrx_word' id='word_1_356' title='bbox 773 3839 857 3898; x_wconf 86' lang='lat' dir='ltr'><strong>sieut</strong></span> <span class='ocrx_word' id='word_1_357' title='bbox 878 3840 1108 3920; x_wconf 87' lang='lat' dir='ltr'><strong>praemisimus.</strong></span> <span class='ocrx_word' id='word_1_358' title='bbox 1149 3840 1231 3899; x_wconf 88' lang='lat' dir='ltr'><strong>Red-</strong></span> 
     </span>
     <span class='ocr_line' id='line_1_43' title="bbox 129 3919 1247 4001; baseline 0 -21"><span class='ocrx_word' id='word_1_359' title='bbox 129 3919 195 3980; x_wconf 91' lang='lat' dir='ltr'><strong>dite</strong></span> <span class='ocrx_word' id='word_1_360' title='bbox 226 3919 280 3979; x_wconf 88' lang='lat' dir='ltr'><strong>illi</strong></span> <span class='ocrx_word' id='word_1_361' title='bbox 308 3920 531 4000; x_wconf 87' lang='lat' dir='ltr'><strong>quotidianum</strong></span> <span class='ocrx_word' id='word_1_362' title='bbox 556 3941 692 4001; x_wconf 88' lang='lat' dir='ltr'><strong>pensum</strong></span> <span class='ocrx_word' id='word_1_363' title='bbox 717 3919 751 3978; x_wconf 89' lang='lat' dir='ltr'><strong>in</strong></span> <span class='ocrx_word' id='word_1_364' title='bbox 781 3921 970 4000; x_wconf 89' lang='lat' dir='ltr'><strong>quotidiana</strong></span> <span class='ocrx_word' id='word_1_365' title='bbox 998 3924 1159 3998; x_wconf 89' lang='lat' dir='ltr'><strong>oratione,</strong></span> <span class='ocrx_word' id='word_1_366' title='bbox 1196 3923 1247 4000; x_wconf 89' lang='lat' dir='ltr'><strong>in</strong></span> 
     </span>
     <span class='ocr_line' id='line_1_44' title="bbox 128 4001 1230 4084; baseline 0.001 -22"><span class='ocrx_word' id='word_1_367' title='bbox 128 4001 222 4062; x_wconf 85' lang='lat' dir='ltr'><strong>iustis</strong></span> <span class='ocrx_word' id='word_1_368' title='bbox 244 4011 276 4062; x_wconf 90' lang='lat' dir='ltr'><strong>et</strong></span> <span class='ocrx_word' id='word_1_369' title='bbox 299 4002 431 4062; x_wconf 89' lang='lat' dir='ltr'><strong>assiduis</strong></span> <span class='ocrx_word' id='word_1_370' title='bbox 451 4002 671 4084; x_wconf 77' lang='lat' dir='ltr'><strong>eleemosynis.</strong></span> <span class='ocrx_word' id='word_1_371' title='bbox 714 4001 835 4062; x_wconf 87' lang='lat' dir='ltr'><strong>Offerte</strong></span> <span class='ocrx_word' id='word_1_372' title='bbox 853 4003 902 4064; x_wconf 90' lang='lat' dir='ltr'><strong>illi</strong></span> <span class='ocrx_word' id='word_1_373' title='bbox 928 4005 1133 4066; x_wconf 87' lang='lat' dir='ltr'><strong>devotionem</strong></span> <span class='ocrx_word' id='word_1_374' title='bbox 1160 4025 1230 4064; x_wconf 88' lang='lat' dir='ltr'><strong>ves-</strong></span> 
     </span>
     <span class='ocr_line' id='line_1_45' title="bbox 127 4081 1232 4168; baseline 0 -24"><span class='ocrx_word' id='word_1_375' title='bbox 127 4093 211 4144; x_wconf 86' lang='lat' dir='ltr'><strong>tram</strong></span> <span class='ocrx_word' id='word_1_376' title='bbox 228 4084 260 4142; x_wconf 93' lang='lat' dir='ltr'><strong>iu</strong></span> <span class='ocrx_word' id='word_1_377' title='bbox 282 4085 377 4145; x_wconf 88' lang='lat' dir='ltr'><strong>sacris</strong></span> <span class='ocrx_word' id='word_1_378' title='bbox 395 4081 611 4146; x_wconf 90' lang='lat' dir='ltr'><strong>oblationibus</strong></span> <span class='ocrx_word' id='word_1_379' title='bbox 638 4094 672 4144; x_wconf 88' lang='lat' dir='ltr'><strong>et</strong></span> <span class='ocrx_word' id='word_1_380' title='bbox 698 4084 845 4168; x_wconf 85' lang='lat' dir='ltr'><strong>lacrymis</strong></span> <span class='ocrx_word' id='word_1_381' title='bbox 871 4087 1048 4147; x_wconf 88' lang='lat' dir='ltr'><strong>secundum</strong></span> <span class='ocrx_word' id='word_1_382' title='bbox 1074 4087 1232 4166; x_wconf 82' lang='lat' dir='ltr'><strong>magnitu-</strong></span> 
     </span>
     <span class='ocr_line' id='line_1_46' title="bbox 130 4166 1231 4251; baseline 0.005 -23"><span class='ocrx_word' id='word_1_383' title='bbox 130 4166 239 4228; x_wconf 89' lang='lat' dir='ltr'><strong>dinem</strong></span> <span class='ocrx_word' id='word_1_384' title='bbox 258 4189 294 4228; x_wconf 88' lang='lat' dir='ltr'><strong>ac</strong></span> <span class='ocrx_word' id='word_1_385' title='bbox 320 4167 559 4228; x_wconf 88' lang='lat' dir='ltr'><strong>multitudinem</strong></span> <span class='ocrx_word' id='word_1_386' title='bbox 583 4167 846 4248; x_wconf 89' lang='lat' dir='ltr'><strong>quotidianorum</strong></span> <span class='ocrx_word' id='word_1_387' title='bbox 864 4180 1065 4251; x_wconf 89' lang='lat' dir='ltr'><strong>peccatorum</strong></span> <span class='ocrx_word' id='word_1_388' title='bbox 1084 4167 1231 4250; x_wconf 71' lang='lat' dir='ltr'><strong>pr‘otusis.</strong></span> 
     </span>
     <span class='ocr_line' id='line_1_47' title="bbox 129 4248 1233 4332; baseline 0.001 -22"><span class='ocrx_word' id='word_1_389' title='bbox 129 4248 267 4332; x_wconf 83' lang='lat' dir='ltr'><strong>Reddite</strong></span> <span class='ocrx_word' id='word_1_390' title='bbox 282 4249 415 4332; x_wconf 85' lang='lat' dir='ltr'><strong>subditis</strong></span> <span class='ocrx_word' id='word_1_391' title='bbox 438 4249 595 4314; x_wconf 85' lang='lat' dir='ltr'><strong>iudicium</strong></span> <span class='ocrx_word' id='word_1_392' title='bbox 618 4273 692 4314; x_wconf 86' lang='lat' dir='ltr'><strong>curn</strong></span> <span class='ocrx_word' id='word_1_393' title='bbox 712 4249 953 4332; x_wconf 86' lang='lat' dir='ltr'><strong>misericordia,</strong></span> <span class='ocrx_word' id='word_1_394' title='bbox 981 4253 1135 4316; x_wconf 87' lang='lat' dir='ltr'><strong>iustitiam</strong></span> <span class='ocrx_word' id='word_1_395' title='bbox 1159 4273 1233 4312; x_wconf 90' lang='lat' dir='ltr'><strong>curn</strong></span> 
     </span>
    </p>
   </div>
   <div class='ocr_carea' id='block_1_6' title="bbox 0 0 1409 4980">
    <p class='ocr_par' dir='ltr' id='par_1_6' title="bbox 0 0 1409 4980">
     <span class='ocr_line' id='line_1_48' title="bbox 0 0 1409 4980; baseline 0 0"><span class='ocrx_word' id='word_1_396' title='bbox 0 0 1409 4980; x_wconf 95' lang='lat' dir='ltr'><strong> </strong></span> 
     </span>
    </p>
   </div>
  </div>
 </body>
</html>
