2746 4992
200 323 275 400 sto
406 343 437 396 s.
457 337 535 396 cns.
639 335 919 396 cosossnonss
1010 341 1068 400 sss.

201 485 271 560 tia,
292 503 410 566 pangas
428 477 539 544 foedus
561 497 633 542 cum
653 477 754 542 oculis
774 480 855 558 tuis,
878 487 996 542 utnon
1020 478 1126 542 videas
1148 477 1266 558 alienun

203 567 310 628 virum
327 565 366 626 ad
383 559 675 644 concupiscendum
692 582 785 634 cum,
807 569 839 624 et
868 583 932 622 uon
954 561 1129 624 moecheris
1154 564 1185 622 in
1208 585 1266 626 cor.
1337 559 1338 588 ³

201 668 280 732 porc
301 649 351 710 vel
369 646 465 708 corde
484 653 562 720 tuo,
585 651 618 706 ct
637 652 759 706 avertas
781 643 892 704 oculos
914 653 1004 720 tuos,
1028 665 1070 704 nc
1084 643 1203 704 videant
1224 669 1266 706 va·

203 731 353 790 nitatem:
374 735 533 869 puutenus
549 723 583 786 in
603 724 652 788 via
670 725 799 788 Domini
817 725 998 804 vivificeris,
1014 735 1051 786 nt
1066 725 1165 806 possis
1181 726 1267 788 dicere

203 834 275 873 curn
319 833 376 894 cop
389 817 468 870 seta:
488 805 543 868 Ad
561 819 591 866 te
611 807 714 868 levavi
733 808 840 870 oculos
862 829 946 871 meos
962 809 1018 890 qui
1032 809 1152 868 babitus
1170 810 1200 870 iu
1218 830 1269 870 coe·

202 896 253 954 lis.
294 835 353 954 bt:
376 891 494 952 Levavi
514 888 620 950 oculos
640 909 724 948 meus
744 891 778 949 in
800 903 936 964 montes,
958 888 1042 950 unde
1070 891 1174 950 veniet
1194 893 1270 950 aieci-

203 976 281 1036 linm
302 976 389 1038 milei.
430 973 493 1036 Per
517 970 717 1032 conditorem
740 979 773 1031 et
794 971 1029 1052 redemptorem
1062 991 1101 1030 ac
1123 972 1270 1032 Dominum

202 1065 346 1118 nostrum
364 1057 468 1118 lesum
484 1051 668 1129 Christum,
689 1052 836 1134 quicum
860 1053 955 1116 Patre
979 1061 1013 1116 et
1039 1051 1161 1136 Spiritu
1184 1063 1272 1116 sancto

201 1138 332 1200 visitet
349 1143 461 1216 regnat
482 1135 515 1193 in
538 1133 644 1196 secula
665 1133 856 1196 seculorum.
1223 1181 1226 1188 ,

285 1219 449 1294 Benedic,
470 1216 627 1292 Domine,
649 1215 705 1278 bns
721 1216 833 1294 dotes,
857 1225 890 1276 et
908 1216 1106 1299 accipientes
1128 1223 1180 1280 tna
1198 1217 1272 1278 benc·

202 1301 343 1364 dictione
363 1300 472 1362 dotare
493 1297 656 1379 digneris:
678 1306 714 1358 ut
731 1298 875 1380 coniugii
895 1299 991 1360 fidem
1008 1309 1041 1361 et
1068 1299 1212 1361 thronum
1230 1297 1274 1358 in·

201 1382 396 1446 maculatum
414 1389 594 1454 servantes,
614 1388 796 1441 sanctorum
815 1379 1075 1446 Putriercbarum
1089 1381 1275 1444 adscisci'me·

202 1476 335 1528 reantur
354 1461 523 1528 consortio.
564 1461 627 1524 Pes
644 1461 827 1526 Dominum.

285 1547 411 1642 Accipe.
426 1545 577 1620 anulum,
598 1543 674 1605 fidei
696 1554 729 1606 et
745 1544 926 1610 dilectionis
942 1545 1091 1628 signnm,
1113 1554 1202 1626 atque
1220 1564 1275 1604 con·
1336 1599 1337 1602 ,

200 1629 318 1713 iugalis
339 1625 578 1690 coniunctionis
600 1625 786 1704 vinculum,
808 1636 843 1688 nt
864 1649 928 1688 non
948 1637 1078 1712 separet
1097 1628 1191 1688 bomo
1215 1647 1275 1708 quos

202 1712 478 1794 coniungitDeus.
490 1707 557 1787 Qui
566 1707 645 1768 vivit
656 1718 688 1770 et
699 1718 811 1790 regnat
825 1709 857 1770 iu
868 1709 1095 1772 omnia'seculu
1107 1709 1275 1772 seculorum.

282 1791 474 1878 Despoudeo
492 1799 522 1852 te
539 1789 679 1854 univiro
700 1790 857 1870 virginem
887 1801 1003 1854 castam
1029 1801 1128 1874 atque
1150 1791 1275 1874 pudicam

200 1874 342 1938 futurum
357 1873 543 1952 coniugem,
567 1881 602 1934 ut
618 1882 743 1934 sanctae
757 1873 907 1936 mulieres
930 1875 1023 1936 fuere
1044 1873 1126 1938 viris
1139 1873 1210 1949 suis,
1223 1873 1276 1933 Sar·

201 1977 255 2034 sa,
278 1958 442 2032 Rebecca,
465 1953 601 2032 Rachel,
623 1956 757 2032 Hester,
786 1954 918 2032 ludith‘,
947 1955 1060 2035 Anna,
1089 1954 1217 2032 Noemi,
1238 1955 1275 2014 la-

201 2048 300 2101 vente
333 2047 464 2100 auctore
499 2045 531 2097 et
544 2035 776 2098 sanctificatore
797 2036 980 2120 nuptiarum
997 2039 1073 2100 lesu
1088 2037 1210 2100 Clnisto
1227 2037 1275 2098 Do·

201 2121 291 2182 mino
309 2129 437 2195 nostro,
459 2117 516 2202 qui
531 2117 613 2180 visit
628 2127 783 2202 etregnat
799 2118 834 2179 in
851 2118 961 2180 secula
982 2120 1176 2187 seculorum.

259 2194 368 2264 'Deus
383 2199 487 2284 quiin
500 2199 610 2262 muudi
625 2202 795 2262 crescentis
803 2201 1202 2286 exordiomultiplicnndae
1209 2201 1274 2284 proli

200 2283 416 2360 benedixisti,
460 2281 610 2365 sopitiare
632 2281 920 2365 supplicationibus
939 2285 1054 2346 nostris
1065 2329 1075 2362 ,
1100 2293 1132 2344 ct
1149 2284 1220 2344 hnic
1239 2285 1274 2344 la·

202 2367 292 2429 mulo
311 2376 365 2427 tuo
383 2375 415 2428 et
434 2306 511 2426 linio
529 2365 667 2426 famulae
683 2374 754 2427 tuae
776 2386 870 2446 opem
885 2375 960 2428 tuac
986 2363 1218 2427 benedictionis
1236 2366 1275 2424 iu·

199 2447 321 2521 funde,
349 2458 385 2510 nt
415 2449 448 2508 in
477 2447 637 2544 coniugali
670 2447 830 2509 consortio
856 2447 1035 2509 secundum
1058 2447 1276 2532 beneplacitum

202 2542 296 2592 tuum
321 2531 436 2592 allecte
454 2551 616 2612 compari,
642 2537 749 2591 mente
784 2528 964 2608 consimili,
992 2530 1161 2592 sanctitate
1189 2539 1276 2590 mutus

202 2614 406 2695 copulentur.
448 2611 522 2672 Ditu
542 2632 596 2672 eos
618 2611 773 2674 fructibus
791 2613 908 2674 sanctis
938 2613 1087 2694 operibus
1110 2613 1275 2676 benedictis.
1336 2627 1337 2644 ¹

201 2698 266 2759 Fac
285 2695 360 2758 illos
377 2695 473 2755 talem
486 2693 629 2754 sobolem
646 2714 799 2774 generare
815 2715 896 2776 quae
917 2694 957 2755 ad
975 2694 1023 2754 tui
1041 2696 1179 2776 paradisi
1196 2693 1275 2778 pesti·

203 2788 280 2840 neat
295 2776 515 2838 hereditatem.
556 2775 672 2858 Aperi,
693 2775 850 2852 Domine,
882 2777 994 2836 ianuas
1018 2777 1123 2854 coeli,
1152 2787 1183 2838 et
1206 2775 1276 2836 visita

205 2883 258 2920 eos
279 2860 311 2920 in
338 2881 425 2942 pace.
468 2857 574 2936 lnrigu
602 2864 718 2919 terram
742 2877 879 2934 eorum,¹
903 2867 940 2919 nt
971 2860 1132 2937 germinet
1157 2861 1276 2920 fructum

202 2938 387 3021 spiritalem.
429 2938 596 3000 sanctifica
612 2959 685 3016 eos,
707 2939 763 3020 qui
780 2939 871 3001 datus
889 2961 922 3002 es
935 2941 1028 3002 nobis
1043 2962 1080 3001 ex
1101 2941 1235 3022 virgine
1252 2946 1275 2998 et

201 3035 327 3104 praesta
345 3023 390 3082 eis
407 3031 548 3098 tempora
568 3019 694 3096 salutis,
715 3041 798 3102 quse
815 3029 890 3082 ante
908 3031 999 3082 tunm
1017 3022 1190 3083 adventum
1206 3041 1275 3104 prae·

204 3102 287 3162 dixit
307 3111 433 3164 sauctus
452 3101 609 3184 Propheta
627 3101 808 3180 lohannes,
830 3111 867 3164 ut
895 3102 950 3163 hic
972 3101 1112 3165 fideliter
1141 3107 1274 3175 credant,

203 3197 235 3248 st
252 3185 342 3245 beate
362 3183 509 3246 viventes
528 3184 625 3244 vitum
647 3193 678 3244 et
694 3205 830 3266 regnum
847 3194 1084 3266 consequantur
1104 3197 1274 3256 aeteruum,

201 3267 302 3349 gnatia
319 3276 391 3343 tua,
420 3265 547 3328 Christo
571 3265 709 3326 salvator
729 3267 933 3348 noster,‘qui
952 3288 1027 3327 cum
1050 3270 1229 3332 DeoPatre
1249 3267 1274 3325 in

201 3347 325 3412 unitate
346 3349 481 3432 Spiritus
499 3348 600 3410 sancti
620 3348 702 3410 visis
719 3357 750 3410 et
768 3369 881 3431 regnas
896 3352 982 3412 Deus
1000 3368 1059 3434 pes
1082 3351 1195 3414 omnia.

397 3486 772 3545 Bussnscsso
827 3484 1098 3547 Rectene.

303 3599 351 3660 Te
368 3598 569 3674 invocamus,
590 3597 727 3658 Domine
744 3607 868 3674 sancte,
889 3599 985 3660 Pater
1006 3599 1219 3682 omnipotens,
1237 3614 1275 3655 ne·

200 3689 291 3745 terne
309 3683 414 3757 Deus,
434 3691 470 3740 ut
487 3681 570 3740 hanc
589 3681 738 3739 famulam
757 3689 863 3756 tuam,
885 3695 982 3760 qnam
997 3688 1070 3743 tuae
1089 3682 1212 3743 divinae
1227 3677 1275 3739 dis·

197 3761 394 3848 pensationis
421 3761 623 3845 providentia
651 3762 684 3821 in
715 3769 915 3843 praesentem
938 3763 1022 3823 diem
1046 3763 1186 3824 iuvenali
1210 3759 1273 3820 flore

201 3847 536 3908 laetantem-crescere
558 3843 758 3919 concessisti,
779 3852 852 3905 tuae
873 3843 1001 3925 pietatis
1029 3845 1116 3906 dono
1139 3845 1270 3914 ditatam,

196 3929 328 4012 plenam
348 3925 511 4003 veritatis,
535 3925 641 3987 dedic
658 3927 691 3985 in
712 3925 797 3986 diem
816 3945 922 3986 coram
938 3937 969 3988 te
990 3936 1021 3988 et
1048 3926 1222 3990 hominibus
1239 3921 1269 3980 ad
1333 3977 1334 3982 ,

199 4011 333 4073 meliora
356 4030 482 4090 semper
498 4008 653 4090 prolicere
670 4007 782 4077 facias;
805 4018 841 4068 nt
864 4007 897 4066 in
918 4009 1074 4092 regimine
1094 4031 1150 4072 suo
1171 4003 1269 4090 gratiae

199 4114 357 4172 supernae
375 4092 553 4164 largitatem
572 4091 777 4171 congandens
804 4089 970 4171 suscipiat,
1003 4102 1035 4152 et
1057 4086 1269 4154 misericordiae

198 4183 271 4232 tuae
289 4196 379 4233 muro
405 4153 592 4233 adversitate
623 4173 765 4252 undique
786 4174 922 4248 mnnita,
946 4195 1019 4236 cnm
1041 4195 1118 4260 pace
1137 4168 1268 4257 propitiu-

198 4255 296 4321 tionis
322 4256 432 4320 vivere
451 4266 617 4319 merentur.
658 4256 720 4317 Per
737 4255 921 4322 Dominum.
