2658 4978
208 319 238 372 a.
256 267 334 372 oua.
438 313 562 372 maun
594 311 814 372 rnauconun
926 317 989 378 sao
1073 303 1144 378 ris

73 473 117 526 ter.
133 457 331 536 adinvicem,
353 461 386 516 et
404 473 463 518 nos
482 472 556 517 cum
574 451 723 518 fidelihus
741 457 869 536 nuruis,
891 465 924 520 et
941 457 1052 524 fideles
1070 482 1142 526 nos·

74 545 109 607 tri
126 541 278 603 nobiscum
291 583 301 618 ‚
341 545 373 598 et
397 556 506 598 omnes
530 531 625 596 simul
648 559 722 600 cnm
748 537 819 601 Deo
842 561 900 602 nos
925 542 1143 625 reconiuuga..

72 648 145 700 mus,
164 633 194 684 et
209 633 244 682 ut
266 619 356 680 nobis
375 619 416 680 sit
443 611 601 702 propitius
623 617 672 680 illi
691 641 750 702 pro
773 621 888 685 devoto
905 646 1039 686 munere
1060 627 1140 688 offe-

70 728 165 769 ramus.
203 706 245 766 Et
264 701 484 784 unusquisque
502 699 645 760 omnium
665 711 826 783 nostrum,
849 703 967 786 absque
984 727 1041 766 sua
1059 729 1140 790 pro-

70 790 124 873 pria
142 785 342 847 excusatione
358 783 410 844 vel
427 781 669 860 iustificatione,
690 804 952 866 recognoscamus
972 787 1137 870 inquibus

70 881 113 930 aut
134 867 316 950 singillatim
331 874 387 930 aut
400 863 609 924 communiter
632 874 741 928 contra
757 866 846 929 illius
860 870 1016 946 mandata,
1039 881 1072 932 et
1084 872 1139 933 dc-

69 961 140 1013 creta
158 971 283 1011 suorum
302 949 510 1024 Sanctorum,
539 945 675 1008 fecimus
699 959 754 1010 aut
775 950 994 1012 consensimus
1021 952 1055 1012 in
1081 951 1138 1013 oi-

68 1035 130 1096 dine
150 1032 360 1093 ecclesiastico
382 1040 414 1092 et
431 1037 513 1090 statu
531 1028 635 1110 regni,
657 1037 690 1090 et
711 1041 770 1112 per
789 1031 914 1114 singula
934 1033 966 1092 iu
993 1033 1135 1096 medium

68 1117 113 1176 illa
130 1115 345 1196 producamus.
368 1113 411 1174 Et
433 1131 525 1170 nemo
544 1119 687 1172 nostrum
705 1133 763 1174 suo
781 1123 836 1174 aut
853 1113 973 1192 amico,
995 1125 1049 1176 aut
1064 1137 1137 1199 pro·

66 1199 171 1280 pinquo
189 1197 242 1258 vel
263 1195 498 1270 confoederato,
520 1192 616 1252 immo
630 1213 690 1254 nec
711 1193 849 1277 sibiipsi
868 1196 1055 1258 seculariter
1065 1219 1135 1280 par·

66 1289 109 1340 cat
126 1287 159 1337 ut
176 1277 361 1360 spiritaliter
383 1287 416 1338 et
434 1273 604 1336 salubriter
623 1297 752 1356 parcere
773 1277 880 1359 possit.
921 1278 1030 1358 Quin,
1051 1281 1136 1342 sicut

64 1357 321 1444 praemisimus'in
344 1356 548 1442 praecedenti
567 1357 733 1440 Capitulo,
761 1380 839 1420 vero
861 1361 995 1421 consilio
1019 1371 1051 1422 et
1072 1362 1143 1423 sin·-

66 1446 127 1502 cer'o
154 1437 271 1502 auxilio
305 1441 361 1501 illa
388 1441 421 1500 in
451 1459 618 1500 commune
646 1440 790 1501 certatim
828 1443 1025 1502 emendatori
1058 1443 1133 1506 totis

64 1524 168 1586 viribus
191 1544 408 1606 procuremus,
430 1521 618 1602 quantocius
642 1521 876 1584 rationabiliter
897 1523 1082 1605 poterimus.

131 1605 198 1686 Xll.
239 1605 322 1687 Etsi
338 1605 454 1688 aliquis
471 1603 678 1682 desubditis,
695 1604 728 1663 in
749 1625 943 1687 quocunque
967 1606 1079 1668 ordine
1102 1617 1134 1670 et

63 1697 143 1764 statu,
155 1689 192 1748 de
209 1686 267 1747 hac
285 1685 514 1750 convenientia
531 1684 645 1746 exierit
664 1695 720 1746 aut
733 1707 767 1747 se
783 1687 965 1766 retraxerit,
986 1689 1038 1750 vel
1055 1688 1133 1753 liuic

63 1769 206 1828 communi
236 1769 365 1830 decreto
384 1765 629 1846 contradixerit,
652 1767 802 1830 seniores
821 1789 895 1829 cum
915 1770 1072 1832 veraciter
1093 1773 1134 1833 fi-

63 1852 172 1912 delibus
194 1850 259 1910 suis
284 1851 364 1912 haec
393 1849 569 1912 secundum
591 1851 652 1910 Dei
668 1851 886 1928 voluntatem,
914 1859 946 1912 et
971 1852 1076 1935 legem
1097 1877 1134 1917 ao

60 1934 161 1994 iustam
175 1933 343 2010 rationem,
364 1932 446 1993 velit
471 1931 553 1993 nolit
570 1931 627 1991 ille
649 1932 706 2014 qni
735 1931 846 1994 divino
867 1932 1001 1994 consilio
1026 1944 1058 1996 et
1075 1937 1140 2000 de·-

61 2025 137 2076 creto
154 2026 186 2076 et
201 2015 279 2076 huic
297 2013 541 2095 convenientiae
560 2013 713 2074 resistens
732 2022 766 2074 et
782 2014 1004 2077 contradicens
1021 2019 1135 2097 fuerit,

60 2107 254 2179 exequantur.
274 2099 315 2158 Et
339 2098 366 2158 si
386 2096 502 2176 aliquis
523 2097 562 2158 de
584 2095 770 2158 Senioribus
791 2096 830 2156 de
854 2094 914 2156 hac
932 2100 1135 2161 convenien-

60 2179 94 2239 tia
116 2179 226 2240 exierit
247 2189 307 2239 aut
334 2201 367 2240 se
399 2178 588 2254 retraxerit,
616 2178 668 2239 vel
695 2177 770 2238 huic
801 2179 963 2238 communi
989 2179 1132 2260 decreto,

56 2263 131 2340 qnod
145 2261 240 2338 absit,
262 2260 507 2336 contradixerit,
537 2259 739 2342 cumplures
761 2260 931 2321 Saniorum
952 2271 1133 2326 nostrorum

57 2344 153 2403 fideles
174 2353 205 2404 ct
229 2364 403 2424 regnorum
423 2343 577 2423 primores
595 2342 627 2402 in
650 2363 750 2401 unum
769 2342 998 2420 convenerint,
1021 2366 1137 2408 eorum

56 2425 103 2505 qui
120 2425 355 2486 observaverint
372 2425 518 2501 consilio,
540 2433 572 2484 et
586 2422 816 2506 Episcoporum
835 2424 966 2501 iudicio,
992 2447 1028 2486 ac
1048 2449 1133 2490 com·

55 2507 133 2566 muni
156 2528 333 2584 consensu,
356 2503 493 2588 qualiter
523 2505 562 2567 de
585 2527 622 2568 co
649 2507 703 2588 qui
734 2507 839 2566 debite
870 2507 1050 2568 admonitus
1083 2511 1133 2570 in-

56 2589 229 2672 corrigibilis
242 2587 494 2668 perseveraverit
509 2588 667 2669 agendum
687 2587 737 2665 sit,
760 2588 897 2647 faciente
918 2588 1132 2660 Dominode·

55 2683 196 2731 cernatur.
237 2673 279 2732 Et
296 2681 332 2732 ut
347 2671 495 2732 obnixius
516 2670 725 2752 suprascripta
755 2667 904 2751 Capitula
924 2691 942 2728 a
962 2669 1053 2730 nobis
1072 2692 1130 2731 au-

55 2753 171 2814 xiliante
194 2751 587 2815 Domino-inviolabiliter
603 2752 823 2826 observentur,
861 2759 894 2810 ct
919 2771 977 2810 nos
993 2751 1050 2812 illa
1070 2753 1130 2814 ob·

55 2845 216 2928 servaturos
243 2833 362 2897 certius
392 2831 556 2914 credatur,
579 2833 724 2894 manibus
749 2831 888 2916 propriis
917 2831 1130 2896 subterfirma-

56 2937 149 2982 vimus.

113 3097 400 3160 anuuurrarro
440 3096 578 3160 noum
618 3071 881 3200 uuunouvrci
921 3093 1046 3158 aucis

146 3235 245 3274 APUD
269 3232 564 3288 courtmatrut,
594 3231 744 3270 blthUA
765 3211 1014 3278 THEODISCJ.

121 3396 142 3456 l.
173 3335 262 3454 Vos
277 3392 362 3453 scitis
382 3392 461 3474 quid
482 3393 515 3454 in
542 3391 602 3453 isto
622 3411 722 3472 regno
744 3389 863 3451 evcnit.
904 3390 946 3452 Et
962 3391 1035 3453 ideo
1059 3393 1125 3458 buc

52 3482 251 3552 convenimus,
274 3484 310 3534 ut
329 3476 367 3536 de
385 3475 448 3538 Dei
465 3475 628 3536 voluntate
647 3485 679 3534 et
701 3483 826 3534 sanctae
846 3472 1010 3534 Ecclesiae
1029 3485 1123 3551 statu,

53 3568 78 3618 ct
91 3561 124 3620 de
144 3571 249 3622 nostra
273 3579 308 3616 ac
327 3566 430 3618 vestra
450 3555 607 3620 communi
631 3557 732 3615 salute
760 3568 854 3635 atque
877 3553 1011 3632 honore,
1029 3566 1060 3616 et
1083 3559 1122 3618 de

52 3661 113 3719 pace
127 3643 235 3724 populi
246 3638 429 3715 Christiani,
452 3661 525 3700 cum
538 3639 599 3702 Dei
614 3635 770 3698 adiutorio
791 3645 824 3696 et
842 3634 986 3697 fidelium
1002 3646 1123 3698 nostro·

52 3741 108 3780 rum
127 3725 259 3787 consilio
283 3719 516 3790 tractaremus.

116 3805 156 3872 ll.
196 3808 239 3867 Et
259 3804 399 3866 misimus
418 3802 477 3864 boc
498 3822 594 3886 super
615 3800 788 3884 Episcopos
805 3795 838 3860 et
850 3808 989 3858 caeteros
1010 3797 1121 3864 fideles

54 3895 167 3965 nostros,
188 3899 226 3948 ut
247 3887 295 3946 illi
320 3885 381 3946 boc
403 3883 606 3960 invenirent,
631 3885 769 3964 qualiter
790 3903 846 3942 nos
869 3881 907 3940 ad
933 3879 1012 3941 haec
1037 3903 1121 3962 quae

53 3965 168 4030 dirimas
194 3969 407 4050 exequenda,
439 3969 659 4030 adunaremus.
712 3966 754 4024 Et
775 3965 923 4024 volumus
954 3965 1124 4026 nesciatis-

51 4047 111 4125 quia
127 4051 204 4118 sicut
222 4051 271 4110 illi
297 4049 492 4111 invenerunt
515 4059 546 4110 et
571 4045 699 4128 scripto
713 4047 802 4106 nobis
824 4044 1053 4122 ostenderunt,
1081 4046 1122 4106 ad

52 4127 168 4192 invicem
192 4133 322 4194 adunati
349 4154 473 4208 sumus,
501 4131 584 4194 sicut
605 4132 717 4189 fratres
738 4136 939 4210 perrectum
965 4147 1033 4186 esse
1062 4127 1121 4189 de·

50 4207 121 4291 bant,
141 4225 170 4278 ct
189 4238 245 4278 nos
262 4215 355 4276 simul
379 4235 452 4276 cum
473 4214 532 4276 isto
551 4223 666 4296 nepotc
685 4220 791 4272 nostro
811 4219 843 4272 et
865 4209 921 4270 ille
943 4207 1120 4272 nobiscum.

863 4315 916 4417 θ’.
