2712 4992
471 358 571 418 mata
598 339 782 428 secitNDus
1121 369 1193 446 323

75 497 137 560 sed
155 519 306 582 praesens
330 500 463 586 epistola
485 505 574 566 firma
591 525 790 594 permaneat,
809 513 1019 602 stipulationt
1042 530 1196 601 subnexa.

72 580 205 643 Actum.

94 709 220 774 Charta
252 725 286 773 ut
295 711 377 798 filia
405 704 476 778 cuin
492 717 654 800 fratribus
674 706 707 785 in
729 742 864 812 paterna
893 741 1039 804 succedat
1068 749 1169 819 alode.

159 825 233 892 Xll.
275 827 469 891 Dulcissimo
498 833 563 894 filia
586 859 655 898 mea
676 841 744 919 illa,
767 867 826 926 ego
850 847 917 912 ille.
939 855 1115 938 Diuturna,
1133 867 1191 934 sed

71 907 175 990 impia
186 952 196 986 ,
219 909 306 970 inter
325 933 383 974 nos
401 919 602 980 consuetudo
621 929 761 1004 tenetur,
784 937 820 987 ut
838 931 876 992 de
892 941 978 998 terra
995 952 1126 1024 paterna
1143 971 1194 1014 sosv

71 1012 164 1052 rores
195 1014 270 1054 cum
292 994 446 1057 fratribus
466 1001 649 1080 portionem
669 1027 732 1067 uon
756 1009 903 1076 habeant.
946 1021 1010 1084 Sed
1033 1047 1093 1107 ego
1113 1054 1191 1114 por-

71 1072 222 1158 pendeus
242 1073 329 1153 hanc
361 1077 571 1162 impietatem,
598 1085 681 1148 sicut
706 1090 786 1152 mihi
805 1095 821 1154 a
843 1098 914 1159 Deo
939 1107 1117 1187 aequaliter
1134 1117 1190 1178 do.

73 1156 141 1216 nati
174 1160 249 1220 estis
274 1159 354 1238 filii,
378 1164 474 1223 itaet
497 1165 514 1225 ai
534 1188 585 1228 me
610 1169 678 1232 sitis
705 1177 883 1256 aequaliter
905 1183 1074 1269 diligendi,
1097 1207 1129 1258 et
1147 1202 1188 1262 de

74 1259 127 1302 res
149 1261 235 1303 meas
256 1251 330 1324 post
349 1264 456 1306 meum
477 1248 650 1312 discessum
673 1256 855 1337 aequalitas
873 1271 1050 1346 gratuleris,
1092 1279 1190 1342 Ideo-

75 1341 140 1403 que
163 1345 221 1406 per
238 1323 323 1386 hanc
345 1328 511 1410 epistolam
528 1341 571 1408 te,
594 1335 865 1422 dulcissima‘lilia
887 1368 969 1428 mea,
992 1365 1102 1420 contra
1119 1385 1188 1445 ger-

76 1424 184 1467 manos
211 1415 283 1470 tuos
317 1409 401 1474 filios
429 1433 516 1476 meos
547 1414 621 1478 illos
648 1417 681 1478 in
714 1424 801 1484 omni
828 1424 1007 1498 hereditate
1028 1461 1099 1502 mea
1128 1461 1184 1506 ae-

74 1487 203 1568 qualem
230 1498 264 1552 et
290 1490 468 1574 legitimam
495 1518 564 1558 esse
599 1502 760 1565 constituo
786 1505 957 1592 heredem,
988 1529 1024 1580 ut
1054 1532 1117 1586 tam
1143 1532 1184 1592 de

70 1570 163 1631 alode
185 1579 318 1654 paterna
340 1597 437 1658 quam
462 1578 501 1640 de
530 1595 748 1664 comparatum
770 1590 821 1652 vel
840 1598 999 1681 mancipia
1020 1614 1074 1666 aut
1093 1632 1184 1690 prae.

68 1651 188 1714 sidium
206 1664 364 1720 nostrum'
381 1660 433 1721 vel
455 1661 675 1747 quodcunque
695 1671 836 1734 moriens
862 1680 1027 1763 reliquero
1166 1687 1167 1690 ’

67 1735 98 1796 lc
124 1736 223 1803 lance
250 1759 324 1802 curn
349 1741 426 1804 filiis
456 1745 535 1804 meis
561 1751 720 1828 germanis
744 1757 808 1816 tuis
831 1757 977 1825 dividere
999 1771 1051 1830 vel
1084 1795 1181 1836 exae-

65 1819 340 1902 quare1debeas,
378 1835 410 1886 et
444 1826 477 1885 in
518 1829 609 1892 nullo
641 1834 771 1914 penitus
800 1841 982 1919 portionem
1021 1853 1181 1924 minorem

66 1921 163 1980 quam
183 1901 245 1984 ipsi
273 1927 337 1966 non
361 1908 521 1992 accipias,
552 1913 609 1974 sed
637 1916 743 1976 omnia
772 1922 822 1981 vel
849 1945 889 1984 ex
916 1928 1064 1996 omnihus
1092 1940 1179 2010 inter

67 1999 120 2044 vos
141 1983 292 2050 dividere
319 1991 372 2051 vel
394 2009 574 2074 exaequare
597 2001 777 2080 aequaliter
794 2005 946 2072 debeatis.
975 2015 1009 2078 Si
1027 2019 1099 2099 quis
1121 2045 1179 2086 γρ.

68 2083 113 2131 ro.
159 2068 201 2132 Et
221 2070 310 2154 quod
329 2074 485 2157 sequitur.

1030 1732 1038 1763 ,
1062 1710 1183 1772 aequa-

118 2197 157 2262 Si
178 2201 247 2284 quis
268 2213 422 2271 extranco
443 2203 571 2270 ⁴bomine
593 2209 626 2270 'in
647 2209 716 2274 loco
729 2209 881 2298 filiorum
902 2223 1114 2309 adaptaverit.

141 2313 241 2382 XllI.
283 2317 424 2379 Domino
447 2320 539 2381 fratri
556 2321 614 2384 illo
638 2324 706 2392 ille.
747 2331 835 2392 Dum
859 2343 1000 2418 peccatis
1025 2351 1103 2414 meis
1121 2357 1170 2414 fa-

65 2395 232 2474 cientibus,
253 2397 310 2459 diu
333 2399 460 2463 orbatus
473 2403 495 2462 al·
507 2405 593 2484 tiliis,
611 2414 648 2467 'et
663 2409 743 2470 mihi
762 2428 931 2498 paupertas
950 2434 981 2484 ct
1001 2429 1168 2502 infirmitas

64 2479 187 2542 allicere
207 2479 348 2559 videtur,
365 2491 398 2546 et
419 2495 465 2562 te,
490 2485 577 2548 iuxta
595 2493 683 2570 quod
705 2493 790 2556 inter
804 2520 862 2560 nos
876 2501 979 2568 bonae
999 2517 1086 2593 pacis
1102 2522 1170 2598 pla.

64 2561 125 2620 cuit
144 2573 241 2645 atque
265 2565 429 2644 convenit,
443 2569 475 2627 iu
492 2570 564 2630 loco
579 2572 720 2636 filiorum
740 2599 883 2642 meorum
897 2586 979 2650 visus
991 2615 1059 2656 sum
1073 2603 1172 2685 adop·

63 2651 151 2722 tasse,
172 2647 215 2706 ita
235 2653 273 2708 ut
288 2648 366 2711 dum
388 2651 552 2731 advixer0,
572 2655 693 2716 victum
708 2669 739 2719 et
754 2663 913 2743 vestitum,
927 2679 990 2732 tam
1011 2677 1042 2738 in
1057 2681 1164 2761 dorso,

62 2745 155 2805 quam
168 2727 309 2808 inlecto,
325 2753 383 2794 seu
394 2733 638 2798 calciamentum
653 2740 731 2800 mihi
750 2741 782 2802 in
803 2749 952 2814 omnibus
969 2761 1170 2830 sufficienter,

62 2806 221 2890 impertias
241 2822 272 2872 et
291 2836 465 2896 procures,
489 2828 649 2881 etomncs
667 2843 838 2911 resumas,
873 2854 1081 2925 quascunque
1108 2847 1163 2910 ha-

60 2889 132 2952 here
154 2893 289 2970 videor,
311 2907 376 2958 tam
393 2921 521 2979 manso,
543 2901 654 2980 vinea,
676 2915 784 2988 prato,
806 2918 959 2998 peculio,
993 2945 1051 2986 seu
1085 2931 1163 2992 reli·
1191 2987 1193 2996 .

60 2994 119 3053 qua
138 2977 342 3058 supellectile
360 2981 472 3044 domus
489 2985 567 3060 mei,
590 2986 679 3048 salvo
704 2989 774 3052 iare
800 2993 876 3074 ille,
898 3021 948 3063 me
971 3007 1100 3074 virente
1125 3015 1160 3088 iu

61 3064 110 3114 tua
133 3069 291 3140 potestate
307 3063 453 3146 recipere
469 3065 603 3146 debeas,
625 3081 795 3153 propterea
808 3076 868 3138 tibi
890 3079 973 3148 banc
994 3091 1163 3172 epistolam

62 3137 127 3198 lieri
144 3141 291 3219 decrevi,
314 3155 349 3214 ut
370 3167 476 3228 neque
493 3170 551 3230 ego
559 3191 568 3226 ,
591 3171 652 3213 nec
666 3155 777 3216 nullus
794 3158 833 3220 de
845 3181 846 3186 ¹
858 3161 1033 3250 heredibus
1061 3179 1158 3258 meis,

61 3230 111 3280 aut
127 3224 315 3306 quicunque
345 3223 429 3290 hanc
451 3231 711 3294 convenientiam
733 3237 898 3308 internos
925 3250 1040 3318 factam
1062 3259 1157 3330 emu-

61 3310 123 3364 tare
141 3328 208 3372 ‚non
226 3308 346 3388 possit,
369 3313 425 3372 sed
440 3313 526 3374 sicut
539 3316 687 3396 superius
713 3321 920 3412 continetur,
942 3353 1013 3398 mea
1043 3362 1162 3406 neces-v

61 3381 181 3464 silete„
210 3391 287 3450 dum
315 3394 490 3477 advixero,
527 3397 642 3460 debeas
674 3422 872 3487 procurare,
912 3425 944 3476 et
970 3439 1080 3484 omnes
1107 3448 1159 3489 res

60 3487 139 3530 meas
157 3481 187 3530 et
207 3473 246 3532 ad
267 3484 470 3556 praesens‘et
484 3490 553 3560 post
571 3502 677 3542 meum
694 3483 867 3550 discessum
882 3491 915 3555 in
934 3505 988 3560 tua
1004 3514 1161 3587 potestate

59 3563 277 3688 permaneant,
301 3567 332 3616 et
348 3560 436 3639 quod
453 3562 512 3622 tibi
539 3564 657 3628 exinde
673 3565 834 3646 placuerit
851 3576 993 3642 faciendi
1023 3587 1161 3670 liberam

81 3635 170 3696 abeas
194 3647 393 3718 potestatem.
435 3645 532 3721 Quod
555 3646 581 3708 si
611 3646 728 3726 aliquis
757 3647 819 3714 hoc
851 3679 984 3744 quoquo
1011 3678 1157 3752 tempore

60 3726 194 3778 emutare
216 3720 359 3784 voluerit
372 3769 381 3803 ,
405 3725 522 3790 inferat
538 3728 596 3790 tibi
621 3738 762 3800 tantum,
786 3744 817 3798 et
832 3745 921 3820 quod
945 3754 1063 3831 repetit
1085 3755 1159 3816 vin-

59 3795 161 3862 dicare
182 3823 248 3861 non
270 3805 384 3886 valcat,
403 3809 459 3870 sed
476 3832 625 3893 praesens
644 3811 778 3893 epistola
800 3825 887 3883 omni
906 3835 1051 3915 tempore
1066 3836 1156 3902 firma

58 3893 248 3960 permaneat.
989 3953 990 3958 κ

207 4015 339 4078 Pactum
361 4018 607 4106 interponentes
628 4021 669 4088 dc
698 4049 803 4092 eorum
825 4031 1008 4106 hereditate.

132 4127 224 4206 XIV,
267 4133 431 4214 Quicquid
454 4138 540 4198 enim
554 4138 640 4200 inter
659 4145 859 4229 propinquos
885 4145 941 4232 de
967 4129 1059 4237 alode
1074 4225 1081 4240 ,ι
1096 4151 1169 4248 pas¹

58 4220 195 4290 rentum,
209 4225 282 4274 ‘non
310 4216 327 4276 a
345 4217 513 4278 iudiciaria
531 4233 685 4302 potestate
709 4231 830 4306 coacti,
852 4235 908 4294 sed
926 4251 1059 4320 sponte,
1085 4255 1154 4326 mag
1169 4236 1182 4326 J

60 4303 148 4356 nente
177 4297 329 4376 caritate,
352 4299 434 4362 iuste
468 4303 573 4367 dehita
600 4308 776 4393 unicuique
796 4314 911 4398 portio
939 4324 1153 4414 terminatur,
