2746 4992
298 333 330 387 s.
350 333 427 386 cua.
531 330 792 384 rnrsasroauu
897 288 959 385 sss.
1146 316 1216 384 905

114 485 168 534 tur
187 480 219 533 et
234 469 384 554 spolient,
426 473 468 540 Et
482 470 516 532 bi
532 447 666 556 'quoque
684 451 833 532 similiter
851 470 997 532 volumus
1017 482 1052 534 ut
1067 473 1217 556 diligenti

112 553 222 619 studio
250 554 420 636 perquisiti
441 554 610 636 capiantur
630 562 663 614 et
685 553 928 636 distringantur.
962 557 1012 614 ‘Et
1033 557 1059 616 si
1084 557 1217 617 obnoxii
1307 627 1309 634 Ι

110 639 213 700 huius
229 638 360 698 sceleris
380 637 507 698 inventi
523 637 666 711 fuerint,
688 636 844 717 legalibus
864 636 977 717 poenis
1001 639 1121 722 absque
1150 639 1218 696 ulla

112 721 272 782 dilatione
300 719 517 796 subiciantur,
541 728 576 779 ut
606 717 790 780 huiusmodi
820 717 1010 800 inquietudo
1038 732 1070 782 et
1100 720 1219 782 iniusta

112 802 289 884 direptiod
305 802 427 885 populo
446 811 554 864 nostro
581 801 762 878 auferatur,
793 810 826 862 et
857 801 954 880 liceat
983 804 1131 865 omnibus
1160 803 1219 864 sub

113 894 224 947 nostra
244 885 369 946 ditione
390 884 579 966 degentibus
595 905 668 944 cum
684 883 861 944 salvatione
878 905 921 942 >ac
944 905 1021 965 pace
1039 888 1164 964 rivere,
1184 896 1232 965 Ul.

113 969 196 1030 ordo
210 966 409 1049 reipublicae
429 967 607 1030 secundum
629 966 745 1027 iustam
763 963 1073 1030 administrationem
1091 989 1220 1054 prorsus

117 1052 226 1114 salvus
244 1059 277 1110 et
300 1051 430 1132 quietus
444 1058 637 1132 permaneat.

197 1132 260 1198 ΠΙ.
300 1132 490 1194 Audivimus
507 1153 637 1214 quoque
662 1130 896 1214 quodquidam
918 1133 1027 1196 domos
1041 1142 1073 1194 et
1092 1154 1219 1215 posses-

119 1216 223 1280 siones
248 1214 422 1293 habentes,
445 1215 618 1276 consilient
647 1215 707 1276 sibi
743 1224 839 1295 atquc
864 1217 1052 1278 consocient
1078 1217 1219 1277 latrones

122 1297 252 1360 aliunde
272 1299 456 1374 venientes,
480 1319 599 1378 eosque
622 1297 748 1358 occulte
771 1298 901 1357 foveant
917 1307 949 1358 et
971 1299 1163 1360 solatientur
1180 1299 1220 1358 ad

120 1383 181 1444 tale
202 1379 329 1440 facinus
351 1381 617 1462 perpetrandum,
647 1389 683 1439 ut
706 1379 861 1462 quicquid
886 1381 946 1461 ipsi
972 1403 1013 1442 ex
1037 1382 1220 1464 pernicioso

120 1483 215 1546 opere
234 1463 458 1546 adquisierint,
477 1485 550 1524 cum
568 1462 612 1523 eis
631 1463 822 1544 partiantur,
844 1463 932 1546 quod
949 1485 1050 1544 genus
1073 1463 1221 1524 malefac-

117 1559 224 1608 torum
243 1546 415 1629 pessimum
435 1545 631 1614 iudicamus;
654 1545 811 1626 quianon
832 1547 933 1606 solum
954 1545 1013 1628 ipsi
1041 1546 1124 1605 mala
1144 1567 1219 1629 per-

115 1639 238 1712 agunt,
261 1628 317 1689 sed
338 1629 432 1704 etiam
451 1629 588 1688 aliorum
609 1649 708 1710 opere
727 1637 759 1688 et
779 1627 882 1688 officio
907 1628 947 1689 ad
968 1629 1091 1689 scelera
1118 1639 1219 1688 utun-

113 1727 178 1779 tur.
222 1711 413 1794 Ubicunque
435 1711 532 1792 igitur
561 1711 594 1770 in
619 1709 675 1770 tali
707 1710 889 1792 suspicione
912 1709 1052 1793 quilibet
1075 1712 1220 1788 venerit,

114 1805 150 1860 ct
169 1815 282 1857 rumor
306 1795 339 1854 in
370 1794 492 1877 populo
524 1792 684 1874 dispersus
706 1793 810 1858 ,fuerit
842 1795 929 1874 quod
958 1791 1038 1854 baec
1076 1792 1221 1854 facinora

116 1885 309 1954 exerceant,
332 1877 356 1938 si
377 1878 483 1938 adhuc
505 1877 666 1958 prolatum
685 1885 742 1953 est,
765 1897 840 1936 cum
859 1874 1031 1936 duodecim
1045 1897 1078 1938 se
1094 1885 1220 1959 purget.

118 1963 153 2025 Si
169 1971 276 2022 autem
292 1960 325 2020 iu
345 1959 455 2040 aliquo
476 1959 695 2020 manifestatus
714 1967 770 2018 aut
789 1956 1008 2042 deprehensus
1028 1966 1094 2036 est,
1116 1960 1223 2020 statim

118 2045 261 2126 capiatur
285 2053 318 2104 et
342 2042 567 2125 distringatur,
592 2051 624 2102 et
648 2041 884 2102 damnationem
907 2040 1032 2122 legibus
1047 2041 1222 2124 praefixam

117 2127 284 2191 sustineat.
326 2125 520 2206 Ubicunque
540 2145 618 2185 vero
637 2123 702 2185 sive
724 2134 890 2184 manentes
909 2123 975 2184 sire
994 2132 1145 2206 vagantes
1172 2125 1222 2185 la-

116 2219 227 2272 trones
242 2207 515 2290 comprehendere
535 2205 658 2290 publici
681 2207 823 2267 muneris
850 2205 1088 2266 administrator
1107 2208 1222 2269 volue-

113 2294 176 2369 rit,
201 2299 233 2352 et
254 2291 310 2351 ille
332 2312 363 2350 se
380 2290 547 2351 defensare
575 2299 707 2351 conatus
733 2289 854 2366 fuerit,
876 2287 903 2348 si
926 2287 1013 2348 inter
1035 2289 1115 2349 haee
1136 2292 1221 2351 forte

113 2374 258 2438 eundem
274 2373 432 2433 latronem
452 2371 556 2433 occidi
578 2371 768 2453 contigerit,
790 2372 881 2430 nulla
902 2369 930 2430 is
953 2373 1105 2451 quicum
1134 2373 1223 2435 occi-

117 2458 168 2516 dit
185 2457 388 2516 damnatione
407 2455 579 2532 multetur,
603 2453 710 2536 neque
732 2453 813 2515 ullas
834 2451 1020 2514 inimicitias
1042 2455 1059 2514 a
1082 2455 1223 2536 parenti-

113 2541 186 2616 bus,
198 2549 252 2598 aut
268 2539 368 2599 ullam
387 2537 645 2621 persecutionem
668 2536 707 2596 ab
727 2535 795 2597 ullo
814 2536 884 2596 cius
897 2534 998 2595 amico
1018 2537 1072 2622 vel
1087 2538 1223 2620 propin-

115 2623 362 2704 quosustineat.
404 2621 500 2696 Quod
521 2619 547 2679 si
566 2619 683 2700 aliquis
710 2619 778 2680 eius
809 2619 917 2679 senior
941 2628 996 2678 aut
1019 2619 1223 2701 propinquus

114 2714 250 2788 propter
270 2701 654 2775 hocvindictaml'acere
680 2711 813 2762 conatus
837 2699 955 2778 fuerit,
985 2709 1017 2760 et
1046 2703 1147 2761 Iudex.
1165 2723 1224 2782 pu-

113 2789 222 2852 blicus
250 2807 324 2846 eum
349 2805 551 2866 compescere
574 2804 639 2843 non
655 2784 815 2864 potuerit,
837 2805 897 2865 per
920 2782 1123 2846 fideiussores
1151 2783 1224 2844 ido-

115 2892 197 2934 neos
216 2869 289 2930 talis
314 2889 451 2952 persona
482 2866 522 2927 ad
547 2876 687 2926 nostram
719 2865 897 2926 deducatur
923 2866 1154 2948 praesentiam,
1187 2875 1225 2926 ut

116 2953 290 3034 complices
321 2961 352 3012 et
376 2951 517 3010 lautores
541 2949 770 3009 sceleratorum
801 2956 910 3008 nostra
946 2947 1225 3010 animadversione

114 3039 313 3122 plectantur.
356 3033 550 3112 Ubicunque
574 3041 679 3090 autem
696 3033 778 3090 fama
800 3041 847 3092 est
870 3031 949 3092 tales
971 3029 1134 3106 habitare,
1170 3034 1223 3092 in-

117 3117 252 3202 quisitio
272 3139 332 3200 per
343 3123 576 3189 sacramentum
594 3135 653 3196 per
671 3135 798 3188 omnem
813 3114 970 3196 populum
993 3112 1077 3174 circa
1094 3137 1225 3176 manen-

117 3212 184 3262 tem
202 3201 329 3272 frat3et
344 3201 566 3277 cuiuscunque
587 3204 691 3277 gentis
718 3206 771 3255 aut
794 3195 992 3256 conditionis
1019 3197 1136 3272 fuerit,
1166 3220 1225 3281 per

144 3305 201 3344 uos
219 3281 281 3342 hoc
299 3281 421 3363 inquiri
446 3280 560 3340 melius
579 3277 742 3360 potuerit,
764 3277 989 3339 iusiurandum
1020 3279 1119 3357 dare,
1150 3303 1224 3341 cum

123 3392 141 3428 a
165 3364 291 3426 Comite
319 3371 500 3426 conventus
531 3361 649 3439 suerit,
680 3360 850 3422 recusandi
880 3381 946 3421 non
975 3360 1091 3422 habeat
1116 3373 1225 3444 potcs-

118 3456 229 3526 tatem.

202 3527 262 3592 Ν.
304 3527 369 3590 Sed
389 3527 502 3588 ethoc
527 3526 679 3610 pervenit
707 3526 746 3586 ad
776 3523 922 3585 notitiam
949 3533 1106 3602 nostram,
1138 3528 1226 3607 qnod

121 3613 252 3696 quando
272 3619 419 3694 potentes
436 3619 468 3672 et
490 3609 656 3686 honorati,
678 3609 745 3670 sive
768 3607 996 3686 ecclesiastici,
1018 3607 1084 3668 sive
1106 3609 1227 3668 secula-

119 3717 189 3773 res,
212 3695 252 3755 ad
272 3716 327 3754 nos
342 3691 497 3771 veniunt,
527 3691 706 3774 dpopulo,
736 3691 770 3750 in
799 3711 937 3772 quorum
963 3689 1109 3750 domibus
1133 3713 1225 3750 man-

120 3779 229 3840 siones
245 3776 424 3856 accipiunt,
446 3777 512 3837 suis
530 3775 640 3836 usibus
660 3795 855 3855 suorumque
873 3795 1033 3855 equorum
1047 3774 1228 3834 neccssaria

120 3883 180 3942 per
194 3861 260 3922 vim
281 3861 416 3935 tollant,
440 3869 472 3919 et
488 3858 548 3918 hac
567 3857 733 3918 occasione
753 3857 892 3938 populus
918 3864 1030 3915 noster
1054 3856 1227 3937 affligatur.

121 3943 247 4004 Idcirco
268 3941 482 4024 praecipimus
500 3950 536 4000 ut
552 3941 660 4001 nullus
679 3940 783 4000 fidelis
817 3948 942 4015 noster,
975 3937 1164 4019 quicunque
1188 3941 1228 4000 ad

122 4036 263 4087 nostram
279 4025 489 4106 praesentiam
505 4032 673 4105 properat,
696 4022 780 4082 nihil
795 4022 827 4081 in
853 4020 1014 4081 veniendo
1035 4030 1091 4081 aut
1115 4043 1227 4081 rever·
1258 4065 1273 4076 ..

122 4109 219 4169 tendo
234 4109 272 4166 ab
291 4108 400 4188 aliquo
418 4107 578 4168 violenter
594 4105 696 4181 tollat,
712 4105 768 4166 scd
784 4105 849 4166 suis
868 4103 1052 4171 bominibus
1070 4115 1103 4163 et
1118 4105 1222 4184 equis,

123 4189 185 4254 nisi
205 4184 348 4251 forteab
367 4190 475 4250 amicis
495 4187 654 4272 stipendia
679 4188 860 4268 acceperit,
896 4187 935 4246 ab
957 4185 1136 4267 hospitibus
1159 4187 1224 4248 suis

123 4272 227 4358 pretio
244 4273 327 4342 iusto
350 4281 520 4357 comparet.
562 4272 640 4333 Nam
666 4272 855 4354 quicunque
888 4268 984 4328 buius
1010 4269 1085 4328 mali
1112 4271 1226 4330 famam
