2746 4992
190 323 265 394 ΧΑ
448 336 577 392 ucria.
683 331 916 386 cirritanus
1010 327 1057 393 ast
1131 401 1133 408 Α

508 1247 989 1324 CAPITULA

347 1425 933 1534 LUDOVICI
1041 1420 1140 1524 ΙΙ.

503 1624 1004 1717 1uruaaroa1s

636 1821 879 1839 μ

487 1965 913 2032 Ttuutus
977 1965 1002 2023 l.

203 2109 365 2172 Castrum
387 2129 470 2172 nara
491 2131 570 2172 aruo
593 2111 722 2171 Caaisri
744 2129 852 2169 acccc.
875 2127 905 2168 ιιι
927 2105 1101 2164 Couvaaru
1131 2098 1271 2158 Ticinum.

205 2229 383 2322 Cupitulu
407 2232 453 2299 cle
477 2229 587 2300 rebus
616 2226 847 2298 secularibus
880 2248 974 2317 quae
1007 2217 1138 2288 statuit
1164 2210 1272 2307 piissi-

202 2353 286 2398 mus
309 2331 524 2422 Imperator
547 2331 809 2398 Hluclouvicus
841 2349 935 2416 quoe
965 2317 1126 2410 gloriosi
1161 2331 1272 2406 quoque

207 2427 399 2500 Genitoris
423 2429 502 2498 eius
526 2429 744 2512 Hlotleurii,
770 2423 997 2494 serenissimi
1015 2415 1188 2509 Augusti,
1207 2431 1272 2479 aut·

534 2529 685 2599 toritute
698 2526 861 2619 firmato
884 2533 977 2592 suist.

228 2792 237 2809 ⁰
280 2685 308 2751 Ῑ·
350 2657 391 2761 P
393 2724 562 2777 erveutum
593 2724 640 2776 est
656 2714 696 2775 ad
712 2735 770 2774 nos
790 2709 879 2794 quod
894 2729 947 2770 eos
964 2705 1021 2790 qui
1040 2705 1168 2766 Romam
1185 2689 1273 2754 oratic

202 2816 254 2858 nis
270 2817 363 2857 causa
376 2806 533 2880 pergunt,
554 2798 607 2858 vel
627 2798 683 2878 qui
699 2793 884 2878 negotiandi
900 2812 993 2852 causa
1011 2807 1071 2870 per
1083 2800 1209 2864 regnum
1223 2792 1274 2832 uos·

202 2887 289 2938 trum
308 2880 511 2959 discurrunt,
533 2881 661 2940 collecti
677 2880 817 2940 latrones
838 2876 1012 2956 diripiant,
1036 2885 1153 2947 eosque
1173 2860 1274 2937 aliquo-

201 2959 262 3021 ties
282 2963 457 3022 vulnerent
477 2964 530 3023 vel
546 2962 708 3040 occidant,
727 2970 762 3026 et
785 2980 896 3020 eorum
915 2956 999 3015 bona
1022 2950 1180 3031 diripiant.
1217 2938 1275 2999 ldeo

128 3051 131 3062 '
202 3041 354 3105 volumus
368 3055 404 3104 ut
417 3045 557 3107 Comites
576 3046 695 3122 nostri,
714 3065 826 3105 eorum
842 3039 1003 3102 Sculdasii
1018 3029 1173 3094 adiunctis
1190 3038 1275 3086 secum

202 3125 346 3186 vassallis
362 3127 611 3212 Episcoporum,
634 3128 660 3188 si
681 3125 852 3186 necessitas
868 3123 982 3191 fucrit,
1012 3117 1193 3192 ubicunque
1212 3102 1275 3194 tales

203 3207 347 3287 fuerint,
370 3210 598 3273 studiosissime
613 3210 819 3293 perquirant,
842 3215 878 3267 ut
899 3227 951 3265 eos
968 3201 1097 3282 capiant
1120 3205 1206 3273 atque
1225 3183 1276 3275 dl}-

205 3291 360 3373 tringant·
402 3295 443 3354 Et
464 3296 490 3355 si
509 3293 606 3354 buius
629 3291 772 3353 criminis
795 3312 866 3351 reos
890 3283 1100 3358 invenerint,
1120 3291 1226 3360 poenas
1249 3282 1274 3321 1¹¹

206 3372 334 3456 legibus
350 3377 466 3456 positas
482 3399 556 3459 erga
571 3398 625 3436 eos
638 3376 758 3455 absque
771 3374 838 3433 ulla
862 3365 1059 3452 negligentia
1085 3359 1275 3440 exequantur,

206 3467 244 3552 ut
265 3458 304 3518 ab
328 3457 378 3520 bis
397 3459 656 3521 malefactoribus
676 3479 812 3538 regnum
830 3463 974 3514 nostrum
997 3455 1167 3531 purgetur,
1186 3443 1215 3528 et
1231 3448 1275 3516 qu}

206 3561 242 3598 ιιι
259 3549 367 3601 nostra
387 3542 504 3602 fiducia
527 3541 591 3601 huc
604 3541 756 3615 veniunt,
780 3539 845 3600 sive
867 3532 1019 3596 orationis
1037 3530 1105 3590 sive
1119 3508 1275 3608 negotiand!

207 3623 325 3702 gratia,
347 3625 426 3686 salvi
450 3645 517 3686 esse
542 3623 674 3705 possint.
715 3620 803 3682 Sciat
824 3629 931 3680 autem
952 3611 1167 3692 unusquisque
1193 3598 1274 3692 filfflffl

123 3749 126 3764 .
207 3716 390 3765 nostrorum
405 3706 482 3788 quia
498 3709 637 3787 quisque
663 3705 777 3765 Comes
792 3712 826 3762 et
843 3701 982 3784 quilibet
996 3694 1141 3780 publicus
1155 3684 1275 3746 Minister

185 3785 391 3849 -huiusmodi
409 3789 665 3850 malefactoribus
684 3795 738 3844 aut
765 3807 926 3848 assensum
951 3773 1148 3866 praebuerit,
1168 3771 1216 3824 aut
1233 3773 1273 3816 eos

207 3869 265 3949 qui
281 3871 432 3954 persequi
459 3873 655 3954 neglexerit,
678 3876 802 3928 nostrae
830 3860 1062 3949 indignationis
1085 3863 1197 3916 motum
1217 3859 1272 3904 sen·

208 3953 286 4031 tiet,
309 3964 341 4013 et
360 3955 492 4039 proprio
509 3955 632 4015 honore
657 3951 846 4034 privabitur.
1184 4011 1190 4025 ι

293 4036 337 4097 ll·
379 4039 489 4099 Sedet
510 4038 573 4098 hoc
594 4034 805 4114 comperimus
826 4033 902 4114 quia
924 4051 964 4092 ex
984 4020 1115 4089 diversis
1135 4016 1205 4076 locis
1225 4003 1272 4062 hu·

210 4117 349 4182 iusmodi
365 4119 454 4180 noxii
473 4120 617 4181 homines
635 4120 720 4178 inter
734 4109 767 4176 su
785 4115 991 4196 conspirent,
1018 4119 1051 4169 et
1074 4103 1202 4164 diversos
1224 4087 1272 4144 CO*

211 4202 340 4264 mitatus
362 4204 616 4277 circumcuntes,
638 4200 771 4283 praedas
790 4207 822 4258 at
839 4197 965 4277 rapinas
979 4211 1038 4274 per
1054 4185 1141 4250 villas
1159 4194 1208 4238 seu
1228 4181 1272 4246 per

210 4302 275 4345 '¹¹⁵
296 4287 347 4347 vel
362 4307 422 4369 per
436 4285 532 4350 silvas
545 4285 674 4364 faciant,
695 4292 726 4345 et
741 4279 930 4344 inuocantes
947 4275 1090 4338 homiues
1110 4251 1273 4347 depraeden-
