<?xml version="1.0" encoding="UTF-8"?>
<!DOCTYPE html PUBLIC "-//W3C//DTD XHTML 1.0 Transitional//EN"
    "http://www.w3.org/TR/xhtml1/DTD/xhtml1-transitional.dtd">
<html xmlns="http://www.w3.org/1999/xhtml" xml:lang="en" lang="en">
 <head>
  <title>
</title>
<meta http-equiv="Content-Type" content="text/html;charset=utf-8" />
  <meta name='ocr-system' content='tesseract 3.04.00' />
  <meta name='ocr-capabilities' content='ocr_page ocr_carea ocr_par ocr_line ocrx_word'/>
</head>
<body>
  <div class='ocr_page' id='page_1' title='image "./corpusiurisgerm01visigoog_0204.png"; bbox 0 0 2658 4978; ppageno 0'>
   <div class='ocr_carea' id='block_1_1' title="bbox 173 298 1168 388">
    <p class='ocr_par' dir='ltr' id='par_1_1' title="bbox 173 298 1168 388">
     <span class='ocr_line' id='line_1_1' title="bbox 173 298 1168 388; baseline 0.002 -17"><span class='ocrx_word' id='word_1_1' title='bbox 173 322 204 376; x_wconf 76' lang='lat' dir='ltr'>i.</span> <span class='ocrx_word' id='word_1_2' title='bbox 237 316 315 372; x_wconf 80' lang='lat' dir='ltr'>cna</span> <span class='ocrx_word' id='word_1_3' title='bbox 422 317 547 370; x_wconf 80' lang='lat' dir='ltr'>arcun</span> <span class='ocrx_word' id='word_1_4' title='bbox 583 315 802 372; x_wconf 70' lang='lat' dir='ltr'>runconere</span> <span class='ocrx_word' id='word_1_5' title='bbox 914 319 974 388; x_wconf 59' lang='lat' dir='ltr'>sao.</span> <span class='ocrx_word' id='word_1_6' title='bbox 1096 298 1168 374; x_wconf 80' lang='lat' dir='ltr'>tos</span> 
     </span>
    </p>
   </div>
   <div class='ocr_carea' id='block_1_2' title="bbox 5 455 1170 976">
    <p class='ocr_par' dir='ltr' id='par_1_2' title="bbox 5 455 1170 976">
     <span class='ocr_line' id='line_1_2' title="bbox 73 455 1169 544; baseline 0.001 -21"><span class='ocrx_word' id='word_1_7' title='bbox 73 475 114 524; x_wconf 87' lang='lat' dir='ltr'>tra</span> <span class='ocrx_word' id='word_1_8' title='bbox 132 459 297 522; x_wconf 84' lang='lat' dir='ltr'>canonicas</span> <span class='ocrx_word' id='word_1_9' title='bbox 317 458 404 540; x_wconf 78' lang='lat' dir='ltr'>leges</span> <span class='ocrx_word' id='word_1_10' title='bbox 424 466 457 522; x_wconf 92' lang='lat' dir='ltr'>et</span> <span class='ocrx_word' id='word_1_11' title='bbox 478 455 617 523; x_wconf 79' lang='lat' dir='ltr'><strong>debitam</strong></span> <span class='ocrx_word' id='word_1_12' title='bbox 634 457 786 542; x_wconf 87' lang='lat' dir='ltr'>Episcopi</span> <span class='ocrx_word' id='word_1_13' title='bbox 809 463 999 541; x_wconf 84' lang='lat' dir='ltr'>potestatem</span> <span class='ocrx_word' id='word_1_14' title='bbox 1017 462 1169 544; x_wconf 87' lang='lat' dir='ltr'>quodam·</span> 
     </span>
     <span class='ocr_line' id='line_1_3' title="bbox 72 541 1170 630; baseline 0.001 -24"><span class='ocrx_word' id='word_1_15' title='bbox 72 543 156 606; x_wconf 88' lang='lat' dir='ltr'>modo</span> <span class='ocrx_word' id='word_1_16' title='bbox 185 542 402 608; x_wconf 75' lang='lat' dir='ltr'><strong>defensentur.</strong></span> <span class='ocrx_word' id='word_1_17' title='bbox 459 541 650 605; x_wconf 87' lang='lat' dir='ltr'><strong>Huiusmodi</strong></span> <span class='ocrx_word' id='word_1_18' title='bbox 677 563 754 605; x_wconf 84' lang='lat' dir='ltr'>vero</span> <span class='ocrx_word' id='word_1_19' title='bbox 788 541 976 602; x_wconf 85' lang='lat' dir='ltr'>Sacerdotes</span> <span class='ocrx_word' id='word_1_20' title='bbox 1002 545 1170 630; x_wconf 86' lang='lat' dir='ltr'>episcopa-</span> 
     </span>
     <span class='ocr_line' id='line_1_4' title="bbox 5 624 1167 706; baseline 0 -16"><span class='ocrx_word' id='word_1_21' title='bbox 5 645 6 658; x_wconf 62' lang='lat'><em>*</em></span> <span class='ocrx_word' id='word_1_22' title='bbox 70 630 105 690; x_wconf 90' lang='lat' dir='ltr'>lis</span> <span class='ocrx_word' id='word_1_23' title='bbox 126 625 214 686; x_wconf 92' lang='lat' dir='ltr'>illico</span> <span class='ocrx_word' id='word_1_24' title='bbox 242 646 378 688; x_wconf 84' lang='lat' dir='ltr'><strong>censura</strong></span> <span class='ocrx_word' id='word_1_25' title='bbox 398 624 577 706; x_wconf 90' lang='lat' dir='ltr'>disciplinis</span> <span class='ocrx_word' id='word_1_26' title='bbox 612 625 835 688; x_wconf 84' lang='lat' dir='ltr'>ecclesiasticis</span> <span class='ocrx_word' id='word_1_27' title='bbox 855 624 979 689; x_wconf 85' lang='lat' dir='ltr'>subdat.</span> <span class='ocrx_word' id='word_1_28' title='bbox 1019 631 1087 690; x_wconf 83' lang='lat' dir='ltr'>Nec</span> <span class='ocrx_word' id='word_1_29' title='bbox 1119 630 1167 692; x_wconf 79' lang='lat' dir='ltr'>fas</span> 
     </span>
     <span class='ocr_line' id='line_1_5' title="bbox 71 707 1167 794; baseline 0.001 -22"><span class='ocrx_word' id='word_1_30' title='bbox 71 718 111 772; x_wconf 87' lang='lat' dir='ltr'>est</span> <span class='ocrx_word' id='word_1_31' title='bbox 134 708 276 770; x_wconf 88' lang='lat' dir='ltr'>omnium</span> <span class='ocrx_word' id='word_1_32' title='bbox 301 729 412 770; x_wconf 88' lang='lat' dir='ltr'>eornm</span> <span class='ocrx_word' id='word_1_33' title='bbox 445 709 702 770; x_wconf 89' lang='lat' dir='ltr'>sollicitudinem</span> <span class='ocrx_word' id='word_1_34' title='bbox 735 707 911 792; x_wconf 90' lang='lat' dir='ltr'>Episcopos</span> <span class='ocrx_word' id='word_1_35' title='bbox 940 729 1005 768; x_wconf 91' lang='lat' dir='ltr'>non</span> <span class='ocrx_word' id='word_1_36' title='bbox 1034 731 1167 794; x_wconf 84' lang='lat' dir='ltr'>gerere,</span> 
     </span>
     <span class='ocr_line' id='line_1_6' title="bbox 69 791 1168 876; baseline 0.004 -24"><span class='ocrx_word' id='word_1_37' title='bbox 69 791 175 875; x_wconf 90' lang='lat' dir='ltr'>quibus</span> <span class='ocrx_word' id='word_1_38' title='bbox 198 792 231 850; x_wconf 91' lang='lat' dir='ltr'>in</span> <span class='ocrx_word' id='word_1_39' title='bbox 256 791 493 855; x_wconf 86' lang='lat' dir='ltr'>committendis</span> <span class='ocrx_word' id='word_1_40' title='bbox 522 793 620 854; x_wconf 85' lang='lat' dir='ltr'>sacris</span> <span class='ocrx_word' id='word_1_41' title='bbox 647 791 814 854; x_wconf 81' lang='lat' dir='ltr'>ordinibus</span> <span class='ocrx_word' id='word_1_42' title='bbox 835 793 970 876; x_wconf 86' lang='lat' dir='ltr'>dignum</span> <span class='ocrx_word' id='word_1_43' title='bbox 993 794 1098 856; x_wconf 84' lang='lat' dir='ltr'>risum</span> <span class='ocrx_word' id='word_1_44' title='bbox 1121 805 1168 860; x_wconf 86' lang='lat' dir='ltr'>est</span> 
     </span>
     <span class='ocr_line' id='line_1_7' title="bbox 5 873 884 976; baseline 0 -38"><span class='ocrx_word' id='word_1_45' title='bbox 5 955 7 976; x_wconf 79' lang='lat'><em>.</em></span> <span class='ocrx_word' id='word_1_46' title='bbox 70 873 319 938; x_wconf 84' lang='lat' dir='ltr'>communicasse.</span> <span class='ocrx_word' id='word_1_47' title='bbox 882 921 884 926; x_wconf 68' lang='lat'>,</span> 
     </span>
    </p>
   </div>
   <div class='ocr_carea' id='block_1_3' title="bbox 69 999 1165 1248">
    <p class='ocr_par' dir='ltr' id='par_1_3' title="bbox 69 999 1165 1248">
     <span class='ocr_line' id='line_1_8' title="bbox 69 999 1165 1089; baseline 0.002 -22"><span class='ocrx_word' id='word_1_48' title='bbox 69 1005 122 1082; x_wconf 84' lang='lat' dir='ltr'>(Ut</span> <span class='ocrx_word' id='word_1_49' title='bbox 140 1003 330 1067; x_wconf 80' lang='lat' dir='ltr'>Sacerdotes</span> <span class='ocrx_word' id='word_1_50' title='bbox 354 1027 373 1065; x_wconf 86' lang='lat' dir='ltr'>a</span> <span class='ocrx_word' id='word_1_51' title='bbox 393 1000 605 1084; x_wconf 76' lang='lat' dir='ltr'>foeminarum</span> <span class='ocrx_word' id='word_1_52' title='bbox 619 999 864 1084; x_wconf 76' lang='lat' dir='ltr'><em>familiaritate,</em></span> <span class='ocrx_word' id='word_1_53' title='bbox 893 1004 1027 1089; x_wconf 79' lang='lat' dir='ltr'>itemque</span> <span class='ocrx_word' id='word_1_54' title='bbox 1059 1031 1078 1066; x_wconf 91' lang='lat' dir='ltr'>a</span> <span class='ocrx_word' id='word_1_55' title='bbox 1107 1030 1165 1070; x_wconf 85' lang='lat' dir='ltr'>oe-</span> 
     </span>
     <span class='ocr_line' id='line_1_9' title="bbox 99 1085 1123 1248; baseline 0.003 -98"><span class='ocrx_word' id='word_1_56' title='bbox 99 1089 221 1152; x_wconf 85' lang='lat' dir='ltr'>natione</span> <span class='ocrx_word' id='word_1_57' title='bbox 230 1132 244 1162; x_wconf 86' lang='lat'>,</span> <span class='ocrx_word' id='word_1_58' title='bbox 271 1089 367 1150; x_wconf 87' lang='lat' dir='ltr'>armis</span> <span class='ocrx_word' id='word_1_59' title='bbox 395 1087 606 1185; x_wconf 77' lang='lat' dir='ltr'>militaribus,</span> <span class='ocrx_word' id='word_1_60' title='bbox 637 1086 795 1248; x_wconf 67' lang='lat' dir='ltr'>et)lrabitu</span> <span class='ocrx_word' id='word_1_61' title='bbox 822 1108 885 1149; x_wconf 88' lang='lat' dir='ltr'>non</span> <span class='ocrx_word' id='word_1_62' title='bbox 914 1085 1039 1151; x_wconf 87' lang='lat' dir='ltr'>decenti</span> <span class='ocrx_word' id='word_1_63' title='bbox 1066 1091 1123 1153; x_wconf 85' lang='lat' dir='ltr'>ab·</span> 
     </span>
     <span class='ocr_line' id='line_1_10' title="bbox 529 1181 691 1232; baseline -0.006 -2"><span class='ocrx_word' id='word_1_64' title='bbox 529 1181 691 1232; x_wconf 75' lang='lat' dir='ltr'>stancont.</span> 
     </span>
    </p>
   </div>
   <div class='ocr_carea' id='block_1_4' title="bbox 5 1284 1163 1952">
    <p class='ocr_par' dir='ltr' id='par_1_4' title="bbox 5 1284 1163 1952">
     <span class='ocr_line' id='line_1_11' title="bbox 5 1284 1163 1372; baseline 0.002 -22"><span class='ocrx_word' id='word_1_65' title='bbox 5 1331 8 1370; x_wconf 75' lang='lat'>,</span> <span class='ocrx_word' id='word_1_66' title='bbox 134 1285 194 1350; x_wconf 91' lang='lat' dir='ltr'>IX.</span> <span class='ocrx_word' id='word_1_67' title='bbox 239 1287 283 1350; x_wconf 87' lang='lat' dir='ltr'>Ut</span> <span class='ocrx_word' id='word_1_68' title='bbox 307 1286 454 1348; x_wconf 83' lang='lat' dir='ltr'><strong>domibus</strong></span> <span class='ocrx_word' id='word_1_69' title='bbox 476 1285 707 1362; x_wconf 80' lang='lat' dir='ltr'>Sacerdotem,</span> <span class='ocrx_word' id='word_1_70' title='bbox 727 1294 859 1368; x_wconf 87' lang='lat' dir='ltr'>propter</span> <span class='ocrx_word' id='word_1_71' title='bbox 880 1284 981 1349; x_wconf 89' lang='lat' dir='ltr'>malae</span> <span class='ocrx_word' id='word_1_72' title='bbox 1001 1288 1163 1372; x_wconf 83' lang='lat' dir='ltr'>opinionis</span> 
     </span>
     <span class='ocr_line' id='line_1_12' title="bbox 6 1368 1162 1451; baseline 0.002 -19"><span class='ocrx_word' id='word_1_73' title='bbox 6 1413 7 1418; x_wconf 22' lang='grc' dir='ltr'><strong>κ</strong></span> <span class='ocrx_word' id='word_1_74' title='bbox 65 1369 178 1448; x_wconf 82' lang='lat' dir='ltr'>famam,</span> <span class='ocrx_word' id='word_1_75' title='bbox 201 1368 358 1430; x_wconf 86' lang='lat' dir='ltr'>habitatio</span> <span class='ocrx_word' id='word_1_76' title='bbox 372 1369 567 1432; x_wconf 89' lang='lat' dir='ltr'>feminarum</span> <span class='ocrx_word' id='word_1_77' title='bbox 590 1369 719 1450; x_wconf 24' lang='lat' dir='ltr'>plenitus</span> <span class='ocrx_word' id='word_1_78' title='bbox 747 1369 895 1440; x_wconf 86' lang='lat' dir='ltr'>tollatnr;</span> <span class='ocrx_word' id='word_1_79' title='bbox 925 1391 1031 1451; x_wconf 89' lang='lat' dir='ltr'>neque</span> <span class='ocrx_word' id='word_1_80' title='bbox 1055 1372 1104 1432; x_wconf 93' lang='lat' dir='ltr'>illi</span> <span class='ocrx_word' id='word_1_81' title='bbox 1128 1373 1162 1434; x_wconf 89' lang='lat' dir='ltr'>in</span> 
     </span>
     <span class='ocr_line' id='line_1_13' title="bbox 6 1451 1161 1535; baseline 0.001 -21"><span class='ocrx_word' id='word_1_82' title='bbox 6 1451 7 1456; x_wconf 54' lang='lat'>&#39;</span> <span class='ocrx_word' id='word_1_83' title='bbox 65 1453 161 1514; x_wconf 86' lang='lat' dir='ltr'>domos</span> <span class='ocrx_word' id='word_1_84' title='bbox 181 1473 295 1515; x_wconf 87' lang='lat' dir='ltr'>carum</span> <span class='ocrx_word' id='word_1_85' title='bbox 317 1453 438 1515; x_wconf 87' lang='lat' dir='ltr'>intrare</span> <span class='ocrx_word' id='word_1_86' title='bbox 463 1452 638 1514; x_wconf 84' lang='lat' dir='ltr'>indiscrete</span> <span class='ocrx_word' id='word_1_87' title='bbox 653 1459 869 1532; x_wconf 86' lang='lat' dir='ltr'>praesumant,</span> <span class='ocrx_word' id='word_1_88' title='bbox 894 1472 935 1512; x_wconf 93' lang='lat' dir='ltr'>ne</span> <span class='ocrx_word' id='word_1_89' title='bbox 955 1473 1072 1514; x_wconf 89' lang='lat' dir='ltr'>nomen</span> <span class='ocrx_word' id='word_1_90' title='bbox 1088 1457 1161 1535; x_wconf 87' lang='lat' dir='ltr'>Dei,</span> 
     </span>
     <span class='ocr_line' id='line_1_14' title="bbox 65 1533 1163 1620; baseline 0.005 -26"><span class='ocrx_word' id='word_1_91' title='bbox 65 1538 139 1616; x_wconf 94' lang='lat' dir='ltr'>qnod</span> <span class='ocrx_word' id='word_1_92' title='bbox 158 1534 253 1612; x_wconf 86' lang='lat' dir='ltr'>absit,</span> <span class='ocrx_word' id='word_1_93' title='bbox 276 1557 335 1618; x_wconf 92' lang='lat' dir='ltr'>per</span> <span class='ocrx_word' id='word_1_94' title='bbox 356 1537 430 1596; x_wconf 88' lang='lat' dir='ltr'>illos</span> <span class='ocrx_word' id='word_1_95' title='bbox 454 1534 695 1618; x_wconf 81' lang='lat' dir='ltr'>blasphemetur</span> <span class='ocrx_word' id='word_1_96' title='bbox 712 1555 771 1616; x_wconf 89' lang='lat' dir='ltr'>per</span> <span class='ocrx_word' id='word_1_97' title='bbox 792 1554 873 1616; x_wconf 89' lang='lat' dir='ltr'>quos</span> <span class='ocrx_word' id='word_1_98' title='bbox 901 1533 1027 1596; x_wconf 87' lang='lat' dir='ltr'>laudari</span> <span class='ocrx_word' id='word_1_99' title='bbox 1054 1538 1106 1620; x_wconf 92' lang='lat' dir='ltr'>pie</span> <span class='ocrx_word' id='word_1_100' title='bbox 1130 1549 1163 1600; x_wconf 91' lang='lat' dir='ltr'>et</span> 
     </span>
     <span class='ocr_line' id='line_1_15' title="bbox 63 1617 1162 1702; baseline 0.004 -25"><span class='ocrx_word' id='word_1_101' title='bbox 63 1619 170 1702; x_wconf 79' lang='lat' dir='ltr'>iugiter</span> <span class='ocrx_word' id='word_1_102' title='bbox 196 1617 304 1680; x_wconf 87' lang='lat' dir='ltr'>debet.</span> <span class='ocrx_word' id='word_1_103' title='bbox 346 1619 562 1684; x_wconf 85' lang='lat' dir='ltr'>Venationem</span> <span class='ocrx_word' id='word_1_104' title='bbox 585 1637 715 1699; x_wconf 88' lang='lat' dir='ltr'>quoque</span> <span class='ocrx_word' id='word_1_105' title='bbox 739 1617 849 1677; x_wconf 91' lang='lat' dir='ltr'>nullus</span> <span class='ocrx_word' id='word_1_106' title='bbox 881 1626 945 1677; x_wconf 87' lang='lat' dir='ltr'>tam</span> <span class='ocrx_word' id='word_1_107' title='bbox 970 1618 1051 1680; x_wconf 85' lang='lat' dir='ltr'>sacri</span> <span class='ocrx_word' id='word_1_108' title='bbox 1078 1621 1162 1681; x_wconf 89' lang='lat' dir='ltr'>ordi·</span> 
     </span>
     <span class='ocr_line' id='line_1_16' title="bbox 8 1700 1163 1786; baseline 0.001 -24"><span class='ocrx_word' id='word_1_109' title='bbox 8 1747 9 1750; x_wconf 17' lang='grc' dir='ltr'>η</span> <span class='ocrx_word' id='word_1_110' title='bbox 62 1701 102 1762; x_wconf 88' lang='lat' dir='ltr'>nis</span> <span class='ocrx_word' id='word_1_111' title='bbox 122 1722 276 1764; x_wconf 85' lang='lat' dir='ltr'>exercere</span> <span class='ocrx_word' id='word_1_112' title='bbox 297 1702 495 1786; x_wconf 82' lang='lat' dir='ltr'>praesumat:</span> <span class='ocrx_word' id='word_1_113' title='bbox 518 1721 625 1782; x_wconf 91' lang='lat' dir='ltr'>neque</span> <span class='ocrx_word' id='word_1_114' title='bbox 646 1721 732 1759; x_wconf 85' lang='lat' dir='ltr'>arma</span> <span class='ocrx_word' id='word_1_115' title='bbox 749 1700 899 1776; x_wconf 85' lang='lat' dir='ltr'>militaria</span> <span class='ocrx_word' id='word_1_116' title='bbox 914 1722 974 1782; x_wconf 90' lang='lat' dir='ltr'>pro</span> <span class='ocrx_word' id='word_1_117' title='bbox 995 1701 1163 1780; x_wconf 81' lang='lat' dir='ltr'>qualicun-</span> 
     </span>
     <span class='ocr_line' id='line_1_17' title="bbox 62 1781 1162 1867; baseline 0.004 -23"><span class='ocrx_word' id='word_1_118' title='bbox 62 1805 114 1866; x_wconf 85' lang='lat' dir='ltr'>que</span> <span class='ocrx_word' id='word_1_119' title='bbox 132 1784 294 1847; x_wconf 91' lang='lat' dir='ltr'>seditione</span> <span class='ocrx_word' id='word_1_120' title='bbox 317 1795 445 1867; x_wconf 88' lang='lat' dir='ltr'>portare</span> <span class='ocrx_word' id='word_1_121' title='bbox 475 1784 612 1857; x_wconf 85' lang='lat' dir='ltr'>audeat,</span> <span class='ocrx_word' id='word_1_122' title='bbox 644 1793 698 1843; x_wconf 86' lang='lat' dir='ltr'>ant</span> <span class='ocrx_word' id='word_1_123' title='bbox 719 1781 873 1844; x_wconf 87' lang='lat' dir='ltr'>habitum</span> <span class='ocrx_word' id='word_1_124' title='bbox 889 1784 1069 1866; x_wconf 83' lang='lat' dir='ltr'>quendibet</span> <span class='ocrx_word' id='word_1_125' title='bbox 1089 1798 1162 1848; x_wconf 91' lang='lat' dir='ltr'>tan·</span> 
     </span>
     <span class='ocr_line' id='line_1_18' title="bbox 61 1867 901 1952; baseline 0.002 -26"><span class='ocrx_word' id='word_1_126' title='bbox 61 1875 118 1928; x_wconf 89' lang='lat' dir='ltr'>tam</span> <span class='ocrx_word' id='word_1_127' title='bbox 137 1869 265 1952; x_wconf 86' lang='lat' dir='ltr'>apicem</span> <span class='ocrx_word' id='word_1_128' title='bbox 285 1869 456 1930; x_wconf 89' lang='lat' dir='ltr'>sacerdotii</span> <span class='ocrx_word' id='word_1_129' title='bbox 477 1889 546 1929; x_wconf 58' lang='lat' dir='ltr'>non,</span> <span class='ocrx_word' id='word_1_130' title='bbox 565 1867 735 1928; x_wconf 88' lang='lat' dir='ltr'>decentem</span> <span class='ocrx_word' id='word_1_131' title='bbox 755 1875 901 1928; x_wconf 87' lang='lat' dir='ltr'>assumat.</span> 
     </span>
    </p>
   </div>
   <div class='ocr_carea' id='block_1_5' title="bbox 9 1995 1157 2158">
    <p class='ocr_par' dir='ltr' id='par_1_5' title="bbox 9 1995 1157 2158">
     <span class='ocr_line' id='line_1_19' title="bbox 61 1995 1157 2080; baseline 0.004 -22"><span class='ocrx_word' id='word_1_132' title='bbox 61 1995 183 2070; x_wconf 83' lang='lat' dir='ltr'>(Utres</span> <span class='ocrx_word' id='word_1_133' title='bbox 218 1996 457 2059; x_wconf 86' lang='lat' dir='ltr'>Ecclesiasticas</span> <span class='ocrx_word' id='word_1_134' title='bbox 485 2019 574 2058; x_wconf 83' lang='lat' dir='ltr'>nemo</span> <span class='ocrx_word' id='word_1_135' title='bbox 609 1997 760 2069; x_wconf 81' lang='lat' dir='ltr'>invadat,</span> <span class='ocrx_word' id='word_1_136' title='bbox 789 2009 819 2057; x_wconf 85' lang='lat' dir='ltr'>et</span> <span class='ocrx_word' id='word_1_137' title='bbox 846 2017 926 2080; x_wconf 87' lang='lat' dir='ltr'>quae</span> <span class='ocrx_word' id='word_1_138' title='bbox 959 2020 1028 2059; x_wconf 89' lang='lat' dir='ltr'>eum</span> <span class='ocrx_word' id='word_1_139' title='bbox 1060 2000 1157 2062; x_wconf 86' lang='lat' dir='ltr'>detri-</span> 
     </span>
     <span class='ocr_line' id='line_1_20' title="bbox 9 2078 1155 2158; baseline 0.005 -20"><span class='ocrx_word' id='word_1_140' title='bbox 9 2135 10 2138; x_wconf 74' lang='grc'>,</span> <span class='ocrx_word' id='word_1_141' title='bbox 61 2093 149 2140; x_wconf 82' lang='lat' dir='ltr'>mento</span> <span class='ocrx_word' id='word_1_142' title='bbox 177 2079 342 2141; x_wconf 81' lang='lat' dir='ltr'>Ecclesiae</span> <span class='ocrx_word' id='word_1_143' title='bbox 366 2105 385 2142; x_wconf 89' lang='lat' dir='ltr'>a</span> <span class='ocrx_word' id='word_1_144' title='bbox 412 2081 596 2142; x_wconf 85' lang='lat' dir='ltr'>Rectoribus</span> <span class='ocrx_word' id='word_1_145' title='bbox 626 2078 797 2140; x_wconf 83' lang='lat' dir='ltr'>distractae</span> <span class='ocrx_word' id='word_1_146' title='bbox 820 2092 912 2153; x_wconf 88' lang='lat' dir='ltr'>sunt,</span> <span class='ocrx_word' id='word_1_147' title='bbox 940 2092 1155 2158; x_wconf 83' lang='lat' dir='ltr'>repetantur).</span> 
     </span>
    </p>
   </div>
   <div class='ocr_carea' id='block_1_6' title="bbox 8 2185 1157 3179">
    <p class='ocr_par' dir='ltr' id='par_1_6' title="bbox 8 2185 1157 3179">
     <span class='ocr_line' id='line_1_21' title="bbox 128 2185 1157 2266; baseline 0.001 -18"><span class='ocrx_word' id='word_1_148' title='bbox 128 2189 167 2248; x_wconf 85' lang='lat' dir='ltr'>X.</span> <span class='ocrx_word' id='word_1_149' title='bbox 211 2189 319 2250; x_wconf 85' lang='lat' dir='ltr'>Utres</span> <span class='ocrx_word' id='word_1_150' title='bbox 335 2185 576 2248; x_wconf 79' lang='lat' dir='ltr'>Ecclesiasticus</span> <span class='ocrx_word' id='word_1_151' title='bbox 599 2195 663 2244; x_wconf 88' lang='lat' dir='ltr'>tam</span> <span class='ocrx_word' id='word_1_152' title='bbox 683 2185 818 2246; x_wconf 88' lang='lat' dir='ltr'>mobiles</span> <span class='ocrx_word' id='word_1_153' title='bbox 840 2206 937 2266; x_wconf 89' lang='lat' dir='ltr'>quam</span> <span class='ocrx_word' id='word_1_154' title='bbox 958 2195 990 2246; x_wconf 92' lang='lat' dir='ltr'>et</span> <span class='ocrx_word' id='word_1_155' title='bbox 1013 2186 1157 2249; x_wconf 88' lang='lat' dir='ltr'>immobi-</span> 
     </span>
     <span class='ocr_line' id='line_1_22' title="bbox 60 2268 1157 2350; baseline 0.004 -21"><span class='ocrx_word' id='word_1_156' title='bbox 60 2270 98 2330; x_wconf 88' lang='lat' dir='ltr'>les</span> <span class='ocrx_word' id='word_1_157' title='bbox 115 2291 210 2332; x_wconf 90' lang='lat' dir='ltr'>nemo</span> <span class='ocrx_word' id='word_1_158' title='bbox 235 2268 389 2334; x_wconf 77' lang='lat' dir='ltr'>invadere</span> <span class='ocrx_word' id='word_1_159' title='bbox 415 2269 469 2330; x_wconf 85' lang='lat' dir='ltr'>vel</span> <span class='ocrx_word' id='word_1_160' title='bbox 491 2270 617 2329; x_wconf 85' lang='lat' dir='ltr'>auferre</span> <span class='ocrx_word' id='word_1_161' title='bbox 641 2277 835 2350; x_wconf 87' lang='lat' dir='ltr'>praesumat;</span> <span class='ocrx_word' id='word_1_162' title='bbox 866 2277 899 2328; x_wconf 89' lang='lat' dir='ltr'>et</span> <span class='ocrx_word' id='word_1_163' title='bbox 920 2289 1003 2350; x_wconf 88' lang='lat' dir='ltr'>quae</span> <span class='ocrx_word' id='word_1_164' title='bbox 1026 2292 1044 2330; x_wconf 88' lang='lat' dir='ltr'>a</span> <span class='ocrx_word' id='word_1_165' title='bbox 1067 2273 1157 2334; x_wconf 84' lang='lat' dir='ltr'>Rec-</span> 
     </span>
     <span class='ocr_line' id='line_1_23' title="bbox 61 2351 1156 2430; baseline 0.003 -19"><span class='ocrx_word' id='word_1_166' title='bbox 61 2352 169 2416; x_wconf 90' lang='lat' dir='ltr'>toribus</span> <span class='ocrx_word' id='word_1_167' title='bbox 184 2351 352 2414; x_wconf 85' lang='lat' dir='ltr'>Ecclesiae</span> <span class='ocrx_word' id='word_1_168' title='bbox 372 2351 539 2426; x_wconf 81' lang='lat' dir='ltr'>hactenus,</span> <span class='ocrx_word' id='word_1_169' title='bbox 563 2351 602 2410; x_wconf 93' lang='lat' dir='ltr'>ob</span> <span class='ocrx_word' id='word_1_170' title='bbox 624 2351 771 2412; x_wconf 90' lang='lat' dir='ltr'>timorem</span> <span class='ocrx_word' id='word_1_171' title='bbox 794 2351 846 2412; x_wconf 86' lang='lat' dir='ltr'>vel</span> <span class='ocrx_word' id='word_1_172' title='bbox 873 2351 1034 2430; x_wconf 88' lang='lat' dir='ltr'>favorem,</span> <span class='ocrx_word' id='word_1_173' title='bbox 1057 2353 1156 2415; x_wconf 91' lang='lat' dir='ltr'>alicui</span> 
     </span>
     <span class='ocr_line' id='line_1_24' title="bbox 59 2431 1156 2516; baseline 0.003 -23"><span class='ocrx_word' id='word_1_174' title='bbox 59 2434 211 2497; x_wconf 88' lang='lat' dir='ltr'>libellario</span> <span class='ocrx_word' id='word_1_175' title='bbox 233 2433 282 2497; x_wconf 88' lang='lat' dir='ltr'>rel</span> <span class='ocrx_word' id='word_1_176' title='bbox 300 2432 585 2516; x_wconf 81' lang='lat' dir='ltr'>emphyteuticario</span> <span class='ocrx_word' id='word_1_177' title='bbox 608 2432 678 2493; x_wconf 90' lang='lat' dir='ltr'>iure</span> <span class='ocrx_word' id='word_1_178' title='bbox 700 2431 810 2496; x_wconf 90' lang='lat' dir='ltr'>dolose</span> <span class='ocrx_word' id='word_1_179' title='bbox 831 2442 863 2494; x_wconf 91' lang='lat' dir='ltr'>et</span> <span class='ocrx_word' id='word_1_180' title='bbox 882 2455 955 2492; x_wconf 88' lang='lat' dir='ltr'>cnm</span> <span class='ocrx_word' id='word_1_181' title='bbox 975 2435 1084 2496; x_wconf 88' lang='lat' dir='ltr'>damni</span> <span class='ocrx_word' id='word_1_182' title='bbox 1099 2438 1156 2498; x_wconf 89' lang='lat' dir='ltr'>de-</span> 
     </span>
     <span class='ocr_line' id='line_1_25' title="bbox 59 2515 1155 2596; baseline 0.002 -18"><span class='ocrx_word' id='word_1_183' title='bbox 59 2517 198 2580; x_wconf 87' lang='lat' dir='ltr'>trimento</span> <span class='ocrx_word' id='word_1_184' title='bbox 220 2518 385 2578; x_wconf 88' lang='lat' dir='ltr'>Ecclesiae</span> <span class='ocrx_word' id='word_1_185' title='bbox 401 2515 539 2576; x_wconf 89' lang='lat' dir='ltr'>amisisse</span> <span class='ocrx_word' id='word_1_186' title='bbox 561 2515 736 2591; x_wconf 88' lang='lat' dir='ltr'>ridentur,</span> <span class='ocrx_word' id='word_1_187' title='bbox 767 2517 804 2576; x_wconf 88' lang='lat' dir='ltr'>ad</span> <span class='ocrx_word' id='word_1_188' title='bbox 831 2515 1006 2596; x_wconf 88' lang='lat' dir='ltr'>pristinum</span> <span class='ocrx_word' id='word_1_189' title='bbox 1033 2518 1082 2579; x_wconf 91' lang='lat' dir='ltr'>ius</span> <span class='ocrx_word' id='word_1_190' title='bbox 1102 2539 1155 2579; x_wconf 87' lang='lat' dir='ltr'>re-</span> 
     </span>
     <span class='ocr_line' id='line_1_26' title="bbox 58 2597 1154 2681; baseline 0.002 -23"><span class='ocrx_word' id='word_1_191' title='bbox 58 2609 230 2662; x_wconf 86' lang='lat' dir='ltr'>vertantur:</span> <span class='ocrx_word' id='word_1_192' title='bbox 254 2609 411 2681; x_wconf 89' lang='lat' dir='ltr'>quatenus</span> <span class='ocrx_word' id='word_1_193' title='bbox 432 2599 528 2660; x_wconf 89' lang='lat' dir='ltr'>liceat</span> <span class='ocrx_word' id='word_1_194' title='bbox 548 2597 613 2660; x_wconf 87' lang='lat' dir='ltr'>illis</span> <span class='ocrx_word' id='word_1_195' title='bbox 641 2597 758 2680; x_wconf 89' lang='lat' dir='ltr'>quibus</span> <span class='ocrx_word' id='word_1_196' title='bbox 779 2618 890 2659; x_wconf 88' lang='lat' dir='ltr'>earum</span> <span class='ocrx_word' id='word_1_197' title='bbox 908 2618 984 2672; x_wconf 87' lang='lat' dir='ltr'>cura</span> <span class='ocrx_word' id='word_1_198' title='bbox 1004 2601 1154 2660; x_wconf 83' lang='lat' dir='ltr'>commis-</span> 
     </span>
     <span class='ocr_line' id='line_1_27' title="bbox 57 2681 1155 2766; baseline 0.003 -25"><span class='ocrx_word' id='word_1_199' title='bbox 57 2701 86 2741; x_wconf 83' lang='lat' dir='ltr'>sa</span> <span class='ocrx_word' id='word_1_200' title='bbox 102 2693 156 2760; x_wconf 91' lang='lat' dir='ltr'>est,</span> <span class='ocrx_word' id='word_1_201' title='bbox 178 2684 294 2766; x_wconf 89' lang='lat' dir='ltr'>quieto</span> <span class='ocrx_word' id='word_1_202' title='bbox 322 2692 356 2744; x_wconf 91' lang='lat' dir='ltr'>ct</span> <span class='ocrx_word' id='word_1_203' title='bbox 374 2682 508 2765; x_wconf 88' lang='lat' dir='ltr'>pacifico</span> <span class='ocrx_word' id='word_1_204' title='bbox 530 2681 644 2742; x_wconf 89' lang='lat' dir='ltr'>ordine</span> <span class='ocrx_word' id='word_1_205' title='bbox 672 2702 724 2742; x_wconf 88' lang='lat' dir='ltr'>eas</span> <span class='ocrx_word' id='word_1_206' title='bbox 747 2689 879 2757; x_wconf 88' lang='lat' dir='ltr'>tenere,</span> <span class='ocrx_word' id='word_1_207' title='bbox 911 2688 943 2740; x_wconf 92' lang='lat' dir='ltr'>et</span> <span class='ocrx_word' id='word_1_208' title='bbox 971 2703 1030 2763; x_wconf 86' lang='lat' dir='ltr'>pro</span> <span class='ocrx_word' id='word_1_209' title='bbox 1063 2683 1155 2744; x_wconf 85' lang='lat' dir='ltr'>nobis</span> 
     </span>
     <span class='ocr_line' id='line_1_28' title="bbox 9 2762 1156 2848; baseline 0.003 -27"><span class='ocrx_word' id='word_1_210' title='bbox 9 2832 10 2836; x_wconf 5' lang='grc' dir='ltr'>ἵ</span> <span class='ocrx_word' id='word_1_211' title='bbox 57 2783 202 2848; x_wconf 84' lang='lat' dir='ltr'>acregno</span> <span class='ocrx_word' id='word_1_212' title='bbox 229 2765 321 2826; x_wconf 90' lang='lat' dir='ltr'>nobis</span> <span class='ocrx_word' id='word_1_213' title='bbox 344 2787 362 2824; x_wconf 89' lang='lat' dir='ltr'>a</span> <span class='ocrx_word' id='word_1_214' title='bbox 384 2768 455 2826; x_wconf 93' lang='lat' dir='ltr'>Deo</span> <span class='ocrx_word' id='word_1_215' title='bbox 474 2763 640 2824; x_wconf 87' lang='lat' dir='ltr'>commisso</span> <span class='ocrx_word' id='word_1_216' title='bbox 662 2783 765 2840; x_wconf 89' lang='lat' dir='ltr'>orare,</span> <span class='ocrx_word' id='word_1_217' title='bbox 785 2762 1047 2845; x_wconf 85' lang='lat' dir='ltr'>pauperibusque</span> <span class='ocrx_word' id='word_1_218' title='bbox 1066 2765 1156 2826; x_wconf 89' lang='lat' dir='ltr'>debi-</span> 
     </span>
     <span class='ocr_line' id='line_1_29' title="bbox 9 2845 1155 2930; baseline 0.003 -27"><span class='ocrx_word' id='word_1_219' title='bbox 9 2885 10 2894; x_wconf 32' lang='lat' dir='ltr'>t</span> <span class='ocrx_word' id='word_1_220' title='bbox 58 2857 83 2904; x_wconf 91' lang='lat' dir='ltr'>ta</span> <span class='ocrx_word' id='word_1_221' title='bbox 100 2847 259 2930; x_wconf 89' lang='lat' dir='ltr'>stipendia</span> <span class='ocrx_word' id='word_1_222' title='bbox 279 2867 422 2930; x_wconf 82' lang='lat' dir='ltr'>erogare,</span> <span class='ocrx_word' id='word_1_223' title='bbox 445 2845 598 2906; x_wconf 88' lang='lat' dir='ltr'>familiam</span> <span class='ocrx_word' id='word_1_224' title='bbox 617 2845 781 2907; x_wconf 86' lang='lat' dir='ltr'>Ecclesiae</span> <span class='ocrx_word' id='word_1_225' title='bbox 803 2845 886 2906; x_wconf 89' lang='lat' dir='ltr'>iuste</span> <span class='ocrx_word' id='word_1_226' title='bbox 910 2852 943 2907; x_wconf 88' lang='lat' dir='ltr'>et</span> <span class='ocrx_word' id='word_1_227' title='bbox 957 2847 1155 2908; x_wconf 88' lang='lat' dir='ltr'>rationabili-</span> 
     </span>
     <span class='ocr_line' id='line_1_30' title="bbox 8 2927 1155 3014; baseline 0.006 -30"><span class='ocrx_word' id='word_1_228' title='bbox 8 2927 10 2984; x_wconf 66' lang='lat'><em>}</em></span> <span class='ocrx_word' id='word_1_229' title='bbox 57 2936 100 2986; x_wconf 89' lang='lat' dir='ltr'>ter</span> <span class='ocrx_word' id='word_1_230' title='bbox 118 2950 232 3014; x_wconf 76' lang='lat' dir='ltr'>regere</span> <span class='ocrx_word' id='word_1_231' title='bbox 257 2938 290 2991; x_wconf 92' lang='lat' dir='ltr'>et</span> <span class='ocrx_word' id='word_1_232' title='bbox 309 2931 498 3012; x_wconf 81' lang='lat' dir='ltr'>gubernare.</span> <span class='ocrx_word' id='word_1_233' title='bbox 528 2927 828 3010; x_wconf 81' lang='lat' dir='ltr'>Transgressoribus</span> <span class='ocrx_word' id='word_1_234' title='bbox 850 2937 957 2990; x_wconf 88' lang='lat' dir='ltr'>autem</span> <span class='ocrx_word' id='word_1_235' title='bbox 981 2929 1155 2991; x_wconf 89' lang='lat' dir='ltr'>indicimus</span> 
     </span>
     <span class='ocr_line' id='line_1_31' title="bbox 8 3009 1157 3096; baseline 0.005 -28"><span class='ocrx_word' id='word_1_236' title='bbox 8 3033 9 3068; x_wconf 75' lang='lat'>3</span> <span class='ocrx_word' id='word_1_237' title='bbox 57 3009 162 3074; x_wconf 89' lang='lat' dir='ltr'>iniuste</span> <span class='ocrx_word' id='word_1_238' title='bbox 190 3022 397 3096; x_wconf 86' lang='lat' dir='ltr'>praesumpta</span> <span class='ocrx_word' id='word_1_239' title='bbox 418 3012 612 3088; x_wconf 88' lang='lat' dir='ltr'>restituere,</span> <span class='ocrx_word' id='word_1_240' title='bbox 643 3020 675 3071; x_wconf 91' lang='lat' dir='ltr'>et</span> <span class='ocrx_word' id='word_1_241' title='bbox 699 3011 783 3072; x_wconf 90' lang='lat' dir='ltr'>sicut</span> <span class='ocrx_word' id='word_1_242' title='bbox 809 3011 957 3094; x_wconf 87' lang='lat' dir='ltr'>superius</span> <span class='ocrx_word' id='word_1_243' title='bbox 980 3013 1157 3096; x_wconf 80' lang='lat' dir='ltr'>praefixum</span> 
     </span>
     <span class='ocr_line' id='line_1_32' title="bbox 58 3094 1154 3179; baseline 0.006 -27"><span class='ocrx_word' id='word_1_244' title='bbox 58 3101 107 3171; x_wconf 88' lang='lat' dir='ltr'>est,</span> <span class='ocrx_word' id='word_1_245' title='bbox 126 3095 291 3178; x_wconf 88' lang='lat' dir='ltr'>triplicem</span> <span class='ocrx_word' id='word_1_246' title='bbox 313 3097 420 3178; x_wconf 80' lang='lat' dir='ltr'>legem</span> <span class='ocrx_word' id='word_1_247' title='bbox 444 3104 476 3157; x_wconf 94' lang='lat' dir='ltr'>et</span> <span class='ocrx_word' id='word_1_248' title='bbox 497 3094 615 3178; x_wconf 81' lang='lat' dir='ltr'>triplex</span> <span class='ocrx_word' id='word_1_249' title='bbox 633 3095 775 3154; x_wconf 90' lang='lat' dir='ltr'>bannum</span> <span class='ocrx_word' id='word_1_250' title='bbox 798 3103 944 3156; x_wconf 89' lang='lat' dir='ltr'>nostrum</span> <span class='ocrx_word' id='word_1_251' title='bbox 960 3097 1154 3179; x_wconf 81' lang='lat' dir='ltr'>persolvere.</span> 
     </span>
    </p>
   </div>
   <div class='ocr_carea' id='block_1_7' title="bbox 57 3198 1155 3451">
    <p class='ocr_par' dir='ltr' id='par_1_7' title="bbox 57 3198 1155 3451">
     <span class='ocr_line' id='line_1_33' title="bbox 58 3198 1154 3285; baseline 0.006 -26"><span class='ocrx_word' id='word_1_252' title='bbox 58 3198 118 3271; x_wconf 82' lang='lat' dir='ltr'>(Ut</span> <span class='ocrx_word' id='word_1_253' title='bbox 142 3201 286 3264; x_wconf 84' lang='lat' dir='ltr'>decimae</span> <span class='ocrx_word' id='word_1_254' title='bbox 315 3203 429 3285; x_wconf 84' lang='lat' dir='ltr'>absque</span> <span class='ocrx_word' id='word_1_255' title='bbox 455 3201 577 3282; x_wconf 81' lang='lat' dir='ltr'>fraude</span> <span class='ocrx_word' id='word_1_256' title='bbox 607 3199 814 3282; x_wconf 79' lang='lat' dir='ltr'>offerantur,</span> <span class='ocrx_word' id='word_1_257' title='bbox 849 3215 881 3262; x_wconf 87' lang='lat' dir='ltr'>et</span> <span class='ocrx_word' id='word_1_258' title='bbox 912 3227 932 3263; x_wconf 90' lang='lat' dir='ltr'>a</span> <span class='ocrx_word' id='word_1_259' title='bbox 957 3203 1154 3282; x_wconf 81' lang='lat' dir='ltr'>Presbyteris</span> 
     </span>
     <span class='ocr_line' id='line_1_34' title="bbox 57 3280 1155 3370; baseline 0.007 -30"><span class='ocrx_word' id='word_1_260' title='bbox 57 3280 198 3370; x_wconf 81' lang='lat' dir='ltr'>Episcopi</span> <span class='ocrx_word' id='word_1_261' title='bbox 217 3285 353 3346; x_wconf 86' lang='lat' dir='ltr'>arbitrio</span> <span class='ocrx_word' id='word_1_262' title='bbox 380 3284 609 3368; x_wconf 80' lang='lat' dir='ltr'>dispensentur.</span> <span class='ocrx_word' id='word_1_263' title='bbox 650 3283 693 3343; x_wconf 88' lang='lat' dir='ltr'>Et</span> <span class='ocrx_word' id='word_1_264' title='bbox 715 3283 756 3343; x_wconf 87' lang='lat' dir='ltr'>de</span> <span class='ocrx_word' id='word_1_265' title='bbox 777 3285 1013 3367; x_wconf 81' lang='lat' dir='ltr'>baptismalibus</span> <span class='ocrx_word' id='word_1_266' title='bbox 1039 3289 1155 3350; x_wconf 87' lang='lat' dir='ltr'>Eccle-</span> 
     </span>
     <span class='ocr_line' id='line_1_35' title="bbox 287 3365 918 3451; baseline -0.005 -21"><span class='ocrx_word' id='word_1_267' title='bbox 287 3369 341 3430; x_wconf 82' lang='lat' dir='ltr'>siis</span> <span class='ocrx_word' id='word_1_268' title='bbox 355 3389 416 3451; x_wconf 90' lang='lat' dir='ltr'>per</span> <span class='ocrx_word' id='word_1_269' title='bbox 431 3386 537 3427; x_wconf 80' lang='lat' dir='ltr'>aarum</span> <span class='ocrx_word' id='word_1_270' title='bbox 558 3365 644 3438; x_wconf 79' lang='lat' dir='ltr'>filios</span> <span class='ocrx_word' id='word_1_271' title='bbox 669 3366 918 3444; x_wconf 86' lang='lat' dir='ltr'>restaurandis).</span> 
     </span>
    </p>
   </div>
   <div class='ocr_carea' id='block_1_8' title="bbox 5 3470 1158 3952">
    <p class='ocr_par' dir='ltr' id='par_1_8' title="bbox 5 3470 1158 3952">
     <span class='ocr_line' id='line_1_36' title="bbox 128 3470 1156 3538; baseline 0.003 -3"><span class='ocrx_word' id='word_1_272' title='bbox 128 3470 188 3535; x_wconf 87' lang='lat' dir='ltr'>XI.</span> <span class='ocrx_word' id='word_1_273' title='bbox 233 3475 276 3534; x_wconf 85' lang='lat' dir='ltr'>Ut</span> <span class='ocrx_word' id='word_1_274' title='bbox 296 3473 437 3533; x_wconf 87' lang='lat' dir='ltr'>decimae</span> <span class='ocrx_word' id='word_1_275' title='bbox 459 3471 757 3532; x_wconf 86' lang='lat' dir='ltr'>conlaborationum</span> <span class='ocrx_word' id='word_1_276' title='bbox 783 3480 816 3531; x_wconf 91' lang='lat' dir='ltr'>et</span> <span class='ocrx_word' id='word_1_277' title='bbox 836 3471 1022 3533; x_wconf 86' lang='lat' dir='ltr'>animalium</span> <span class='ocrx_word' id='word_1_278' title='bbox 1043 3480 1156 3538; x_wconf 83' lang='lat' dir='ltr'>secun·</span> 
     </span>
     <span class='ocr_line' id='line_1_37' title="bbox 59 3552 1156 3639; baseline 0.006 -26"><span class='ocrx_word' id='word_1_279' title='bbox 59 3554 127 3614; x_wconf 90' lang='lat' dir='ltr'>dnm</span> <span class='ocrx_word' id='word_1_280' title='bbox 145 3557 236 3618; x_wconf 84' lang='lat' dir='ltr'>saera</span> <span class='ocrx_word' id='word_1_281' title='bbox 262 3564 432 3639; x_wconf 84' lang='lat' dir='ltr'>praecepta</span> <span class='ocrx_word' id='word_1_282' title='bbox 461 3556 600 3614; x_wconf 90' lang='lat' dir='ltr'>Domino</span> <span class='ocrx_word' id='word_1_283' title='bbox 630 3553 749 3634; x_wconf 85' lang='lat' dir='ltr'>absque</span> <span class='ocrx_word' id='word_1_284' title='bbox 776 3552 888 3614; x_wconf 84' lang='lat' dir='ltr'>fraude</span> <span class='ocrx_word' id='word_1_285' title='bbox 910 3563 944 3615; x_wconf 90' lang='lat' dir='ltr'>et</span> <span class='ocrx_word' id='word_1_286' title='bbox 967 3556 1075 3636; x_wconf 83' lang='lat' dir='ltr'>aliqua</span> <span class='ocrx_word' id='word_1_287' title='bbox 1101 3581 1156 3620; x_wconf 88' lang='lat' dir='ltr'>re-</span> 
     </span>
     <span class='ocr_line' id='line_1_38' title="bbox 58 3635 1157 3723; baseline 0.006 -29"><span class='ocrx_word' id='word_1_288' title='bbox 58 3638 238 3698; x_wconf 89' lang='lat' dir='ltr'>tractatione</span> <span class='ocrx_word' id='word_1_289' title='bbox 257 3637 448 3708; x_wconf 85' lang='lat' dir='ltr'>offerantur;</span> <span class='ocrx_word' id='word_1_290' title='bbox 472 3647 505 3697; x_wconf 92' lang='lat' dir='ltr'>et</span> <span class='ocrx_word' id='word_1_291' title='bbox 525 3637 558 3696; x_wconf 90' lang='lat' dir='ltr'>in</span> <span class='ocrx_word' id='word_1_292' title='bbox 577 3645 732 3720; x_wconf 89' lang='lat' dir='ltr'>potestate</span> <span class='ocrx_word' id='word_1_293' title='bbox 753 3635 903 3718; x_wconf 87' lang='lat' dir='ltr'>Episcopi</span> <span class='ocrx_word' id='word_1_294' title='bbox 928 3647 1055 3700; x_wconf 85' lang='lat' dir='ltr'>manent</span> <span class='ocrx_word' id='word_1_295' title='bbox 1075 3661 1157 3723; x_wconf 88' lang='lat' dir='ltr'>qna-</span> 
     </span>
     <span class='ocr_line' id='line_1_39' title="bbox 5 3717 1157 3807; baseline 0.007 -31"><span class='ocrx_word' id='word_1_296' title='bbox 5 3795 6 3798; x_wconf 8' lang='lat'><em>*</em></span> <span class='ocrx_word' id='word_1_297' title='bbox 58 3717 124 3778; x_wconf 89' lang='lat' dir='ltr'>liter</span> <span class='ocrx_word' id='word_1_298' title='bbox 135 3721 334 3804; x_wconf 84' lang='lat' dir='ltr'>Presbyteris</span> <span class='ocrx_word' id='word_1_299' title='bbox 353 3718 580 3802; x_wconf 89' lang='lat' dir='ltr'>dispensentur</span> <span class='ocrx_word' id='word_1_300' title='bbox 593 3718 761 3783; x_wconf 86' lang='lat' dir='ltr'>canonice.</span> <span class='ocrx_word' id='word_1_301' title='bbox 802 3719 844 3778; x_wconf 92' lang='lat' dir='ltr'>Et</span> <span class='ocrx_word' id='word_1_302' title='bbox 859 3727 895 3778; x_wconf 88' lang='lat' dir='ltr'>nt</span> <span class='ocrx_word' id='word_1_303' title='bbox 908 3719 1069 3783; x_wconf 88' lang='lat' dir='ltr'>Ecclesias</span> <span class='ocrx_word' id='word_1_304' title='bbox 1080 3724 1157 3807; x_wconf 87' lang='lat' dir='ltr'>bap-</span> 
     </span>
     <span class='ocr_line' id='line_1_40' title="bbox 5 3799 1158 3886; baseline 0.007 -28"><span class='ocrx_word' id='word_1_305' title='bbox 5 3805 6 3808; x_wconf 74' lang='grc'>’</span> <span class='ocrx_word' id='word_1_306' title='bbox 57 3799 201 3879; x_wconf 89' lang='lat' dir='ltr'>tismales,</span> <span class='ocrx_word' id='word_1_307' title='bbox 223 3825 302 3884; x_wconf 86' lang='lat' dir='ltr'>quas</span> <span class='ocrx_word' id='word_1_308' title='bbox 317 3803 426 3885; x_wconf 91' lang='lat' dir='ltr'>plebes</span> <span class='ocrx_word' id='word_1_309' title='bbox 448 3804 622 3885; x_wconf 89' lang='lat' dir='ltr'>appellant,</span> <span class='ocrx_word' id='word_1_310' title='bbox 645 3801 824 3863; x_wconf 88' lang='lat' dir='ltr'>secundum</span> <span class='ocrx_word' id='word_1_311' title='bbox 844 3801 1010 3884; x_wconf 87' lang='lat' dir='ltr'>antiquam</span> <span class='ocrx_word' id='word_1_312' title='bbox 1025 3799 1158 3886; x_wconf 68' lang='lat' dir='ltr'>eonsue-</span> 
     </span>
     <span class='ocr_line' id='line_1_41' title="bbox 5 3884 681 3952; baseline 0.006 -12"><span class='ocrx_word' id='word_1_313' title='bbox 5 3925 7 3952; x_wconf 56' lang='lat'>,</span> <span class='ocrx_word' id='word_1_314' title='bbox 58 3884 197 3946; x_wconf 89' lang='lat' dir='ltr'>tudinem</span> <span class='ocrx_word' id='word_1_315' title='bbox 220 3887 385 3947; x_wconf 85' lang='lat' dir='ltr'>Ecclesiae</span> <span class='ocrx_word' id='word_1_316' title='bbox 411 3885 472 3944; x_wconf 85' lang='lat' dir='ltr'>filii</span> <span class='ocrx_word' id='word_1_317' title='bbox 491 3888 681 3950; x_wconf 89' lang='lat' dir='ltr'>instaurent.</span> 
     </span>
    </p>
   </div>
   <div class='ocr_carea' id='block_1_9' title="bbox 59 3985 1159 4244">
    <p class='ocr_par' dir='ltr' id='par_1_9' title="bbox 59 3985 1159 4244">
     <span class='ocr_line' id='line_1_42' title="bbox 59 3985 1158 4074; baseline 0.005 -27"><span class='ocrx_word' id='word_1_318' title='bbox 59 3985 115 4060; x_wconf 88' lang='lat' dir='ltr'>(Ut</span> <span class='ocrx_word' id='word_1_319' title='bbox 134 3990 286 4074; x_wconf 82' lang='lat' dir='ltr'>Episcopi</span> <span class='ocrx_word' id='word_1_320' title='bbox 305 3991 439 4052; x_wconf 87' lang='lat' dir='ltr'>Comites</span> <span class='ocrx_word' id='word_1_321' title='bbox 463 4003 493 4050; x_wconf 87' lang='lat' dir='ltr'>et</span> <span class='ocrx_word' id='word_1_322' title='bbox 520 4011 625 4050; x_wconf 79' lang='lat' dir='ltr'>vassos</span> <span class='ocrx_word' id='word_1_323' title='bbox 653 3989 755 4068; x_wconf 74' lang='lat' dir='ltr'>regios</span> <span class='ocrx_word' id='word_1_324' title='bbox 778 3987 914 4068; x_wconf 75' lang='lat' dir='ltr'>diligant</span> <span class='ocrx_word' id='word_1_325' title='bbox 938 3999 973 4048; x_wconf 87' lang='lat' dir='ltr'>ut</span> <span class='ocrx_word' id='word_1_326' title='bbox 985 3988 1082 4072; x_wconf 79' lang='lat' dir='ltr'>filios</span> <span class='ocrx_word' id='word_1_327' title='bbox 1092 4035 1105 4062; x_wconf 84' lang='lat'>,</span> <span class='ocrx_word' id='word_1_328' title='bbox 1128 4005 1158 4052; x_wconf 87' lang='lat' dir='ltr'>et</span> 
     </span>
     <span class='ocr_line' id='line_1_43' title="bbox 59 4071 1159 4156; baseline 0.003 -27"><span class='ocrx_word' id='word_1_329' title='bbox 59 4071 88 4129; x_wconf 81' lang='lat' dir='ltr'>lii</span> <span class='ocrx_word' id='word_1_330' title='bbox 102 4072 275 4156; x_wconf 81' lang='lat' dir='ltr'>Episcopos</span> <span class='ocrx_word' id='word_1_331' title='bbox 296 4075 449 4134; x_wconf 77' lang='lat' dir='ltr'>honorent</span> <span class='ocrx_word' id='word_1_332' title='bbox 471 4086 505 4132; x_wconf 90' lang='lat' dir='ltr'>ut</span> <span class='ocrx_word' id='word_1_333' title='bbox 523 4085 647 4154; x_wconf 86' lang='lat' dir='ltr'>patres:</span> <span class='ocrx_word' id='word_1_334' title='bbox 665 4086 694 4132; x_wconf 89' lang='lat' dir='ltr'>et</span> <span class='ocrx_word' id='word_1_335' title='bbox 713 4086 746 4131; x_wconf 87' lang='lat' dir='ltr'>ut</span> <span class='ocrx_word' id='word_1_336' title='bbox 765 4073 917 4154; x_wconf 84' lang='lat' dir='ltr'>Episcopi</span> <span class='ocrx_word' id='word_1_337' title='bbox 936 4073 969 4130; x_wconf 86' lang='lat' dir='ltr'>in</span> <span class='ocrx_word' id='word_1_338' title='bbox 988 4075 1052 4154; x_wconf 87' lang='lat' dir='ltr'>suis</span> <span class='ocrx_word' id='word_1_339' title='bbox 1067 4072 1159 4156; x_wconf 83' lang='lat' dir='ltr'>Epis·</span> 
     </span>
     <span class='ocr_line' id='line_1_44' title="bbox 134 4153 1078 4244; baseline -0.003 -26"><span class='ocrx_word' id='word_1_340' title='bbox 134 4159 234 4244; x_wconf 78' lang='lat' dir='ltr'>copiis</span> <span class='ocrx_word' id='word_1_341' title='bbox 258 4157 430 4236; x_wconf 80' lang='lat' dir='ltr'>Missorum</span> <span class='ocrx_word' id='word_1_342' title='bbox 450 4155 689 4216; x_wconf 74' lang='lat' dir='ltr'>dominicorum</span> <span class='ocrx_word' id='word_1_343' title='bbox 703 4167 857 4239; x_wconf 82' lang='lat' dir='ltr'>potestate</span> <span class='ocrx_word' id='word_1_344' title='bbox 870 4153 1078 4238; x_wconf 71' lang='lat' dir='ltr'>fatigantur).</span> 
     </span>
    </p>
   </div>
   <div class='ocr_carea' id='block_1_10' title="bbox 134 4257 1160 4346">
    <p class='ocr_par' dir='ltr' id='par_1_10' title="bbox 134 4257 1160 4346">
     <span class='ocr_line' id='line_1_45' title="bbox 134 4257 1160 4346; baseline -0.001 -22"><span class='ocrx_word' id='word_1_345' title='bbox 134 4257 214 4334; x_wconf 77' lang='lat' dir='ltr'><strong>XII.</strong></span> <span class='ocrx_word' id='word_1_346' title='bbox 256 4262 299 4322; x_wconf 89' lang='lat' dir='ltr'>Ut</span> <span class='ocrx_word' id='word_1_347' title='bbox 312 4259 463 4344; x_wconf 85' lang='lat' dir='ltr'>Episcopi</span> <span class='ocrx_word' id='word_1_348' title='bbox 483 4260 673 4322; x_wconf 83' lang='lat' dir='ltr'>Comiteset</span> <span class='ocrx_word' id='word_1_349' title='bbox 688 4279 792 4323; x_wconf 76' lang='lat' dir='ltr'>vassos</span> <span class='ocrx_word' id='word_1_350' title='bbox 807 4268 931 4346; x_wconf 77' lang='lat' dir='ltr'>nostros</span> <span class='ocrx_word' id='word_1_351' title='bbox 954 4259 986 4322; x_wconf 85' lang='lat' dir='ltr'>ia</span> <span class='ocrx_word' id='word_1_352' title='bbox 1008 4261 1160 4344; x_wconf 84' lang='lat' dir='ltr'>parocbia</span> 
     </span>
    </p>
   </div>
   <div class='ocr_carea' id='block_1_11' title="bbox 916 4374 960 4446">
    <p class='ocr_par' dir='ltr' id='par_1_11' title="bbox 916 4374 960 4446">
     <span class='ocr_line' id='line_1_46' title="bbox 916 4374 960 4446; baseline 0.091 -4"><span class='ocrx_word' id='word_1_353' title='bbox 916 4374 960 4446; x_wconf 80' lang='lat' dir='ltr'>ts</span> 
     </span>
    </p>
   </div>
   <div class='ocr_carea' id='block_1_12' title="bbox 0 0 1334 4978">
    <p class='ocr_par' dir='ltr' id='par_1_12' title="bbox 0 0 1334 4978">
     <span class='ocr_line' id='line_1_47' title="bbox 0 0 1334 4978; baseline 0 3"><span class='ocrx_word' id='word_1_354' title='bbox 0 0 1334 4978; x_wconf 95' lang='lat' dir='ltr'> </span> 
     </span>
    </p>
   </div>
  </div>
 </body>
</html>
