2658 4978
185 319 215 374 n.
234 314 308 372 eno.
415 261 779 368 noeonrnnoconon
889 315 948 370 oa.
1053 295 1120 368 131

60 455 196 520 seniorem
212 474 302 515 snum
326 449 503 528 dimiserit,
525 459 580 510 eut
596 450 635 511 oh
661 447 719 510 illo
741 455 872 532 propter
898 449 978 513 haec
1004 451 1124 518 eiectos

59 537 140 614 luerit,
157 535 263 595 ebalio
274 555 337 594 non
348 533 525 615 recipiatur
537 533 641 594 donec
657 531 713 591 illa
725 552 809 611 qnae
830 531 911 592 male
926 533 1005 595 iecit
1019 555 1126 596 emen·

59 621 105 694 det,
123 627 148 678 et
166 637 222 698 per
243 617 380 698 legalem
404 615 680 699 compositionem,
703 621 735 674 et
752 634 811 697 per
830 614 1063 680 ecclesiasticae
1078 639 1124 680 sa·

57 695 211 764 tioloetionis
231 698 474 782 poenitentiam.

230 875 657 938 TITULUS
721 873 911 944 XXXV.

127 1038 244 1094 QUANDO
276 1035 472 1078 unonunuuts
507 1036 548 1076 tu
584 1035 725 1078 osculum
764 1037 918 1081 RECEPTUS
955 1041 1018 1089 EST.

50 1159 138 1233 Anno
165 1158 445 1230 Ioeornotionis
467 1155 697 1244 Dominieae
720 1156 980 1232 DCCCLXII.
1006 1184 1127 1258 quans

49 1263 82 1330 do
100 1259 349 1328 Hlodouoieue
367 1255 513 1327 Karoto
537 1257 732 1326 murzdavit
757 1268 798 1324 ut
822 1281 907 1327 com
937 1287 979 1331 eo
1015 1267 1128 1336 simul

48 1372 74 1427 et
97 1358 328 1428 Hlotlrorium
362 1356 545 1447 reciperet
578 1355 632 1422 ad
655 1354 824 1424 osculum
853 1369 964 1450 atquo
1001 1365 1089 1434 conl
1116 1407 1125 1422 ·

48 1457 157 1548 quiam,
179 1457 281 1526 misit
309 1455 475 1524 Karalus
490 1469 563 1544 per·
579 1475 674 1537 eum,
699 1465 734 1522 et
746 1473 818 1546 per
839 1456 1049 1544 Altsridum
1067 1477 1127 1532 ut·

48 1579 98 1646 qne
114 1576 178 1646 per
201 1553 453 1639 Salomonem,
480 1562 515 1620 et
534 1573 608 1642 per
623 1551 864 1638 Adsentiunt,
889 1565 924 1624 et
943 1581 1015 1649 per
1029 1561 1125 1630 Hat-

46 1664 142 1724 eonem
164 1639 397 1745 Episcopus,
433 1649 638 1718 Hlotlrario
670 1649 766 1720 haee
791 1675 886 1741 quae
917 1671 1124 1747 sequuntur·

50 1751 209 1842 Capitale,
238 1751 367 1820 dicens
400 1750 490 1842 quia
516 1771 588 1840 pro
611 1748 671 1816 Iris
697 1749 822 1818 causis
847 1751 980 1850 einen
1001 1759 1124 1828 oude-

46 1859 88 1918 ret
115 1851 397 1934 communicare,
427 1847 502 1916 nisi
527 1847 582 1915 ito
606 1846 850 1939 perficeretur
866 1851 963 1922 sieut
988 1855 1124 1930 ibidem

43 1949 194 2039 seriptum
218 1959 286 2021 est.
308 2005 313 2032 ,
336 1943 650 2016 Renuntiantibos
670 1956 794 2014 autem
815 1971 860 2016 ex
882 1964 998 2042 parte
1017 1957 1123 2026 Hio-

43 2046 137 2115 tlrorii
157 2046 398 2115 Hludouvioo
419 2057 454 2114 et
476 2043 667 2136 praesulis
690 2045 896 2138 Episcopis
919 2053 1065 2122 Karolo
1086 2068 1123 2126 et

43 2146 251 2232 llirnemom,
287 2145 445 2234 itemque
479 2143 692 2211 Hinemaro
737 2154 773 2212 et
812 2147 971 2222 Hodoni
1010 2164 1120 2243 atque

47 2242 234 2312 Christiano
263 2241 486 2334 Epi-scopis,
514 2241 614 2334 quod
639 2242 694 2309 ita
726 2265 766 2310 se
792 2245 883 2314 velle
915 2259 950 2315 et
970 2273 1010 2318 se
1031 2253 1121 2342 sac.

41 2351 140 2410 lorum
156 2365 231 2410 esee
243 2343 379 2432 fuerat
389 2341 584 2432 prosternes
598 2338 839 2425 Hlotlzuriue,
850 2343 918 2412 sub
939 2346 1012 2417 leae
1032 2373 1120 2421 eon-

41 2441 200 2510 oeoientia
226 2449 446 2532 receperunt
478 2462 560 2506 eum
583 2439 638 2506 ad
660 2439 824 2508 osculum
848 2456 959 2534 atque
986 2449 1073 2516 conl
1095 2488 1118 2503 -

41 2540 143 2630 quium
164 2539 336 2609 Koreton
363 2550 472 2630 atque
495 2535 679 2631 Episcopi
705 2539 768 2632 qui
788 2563 929 2612 comeo
944 2545 1118 2636 fuerunt.

104 2735 126 2796 1.
154 2678 380 2816 posteaquam
399 2729 541 2814 proxime
556 2731 643 2813 opud
664 2730 873 2798 Confluentes
894 2757 952 2798 nos
973 2737 1115 2806 invicem

39 2824 127 2877 mutua
142 2817 356 2900 indulgentia,
373 2823 536 2873 annuente
553 2815 634 2890 Deo,
657 2817 819 2877 communi
833 2819 977 2879 fidelium
993 2833 1116 2885 nostro·

38 2917 93 2956 rom
109 2901 242 2962 consilio
265 2892 556 2971 reconciliavimus,
578 2904 611 2956 et
634 2908 831 2960 sacramento
855 2901 895 2962 de
917 2902 1116 2969 observanda

39 2977 105 3040 inter
128 3003 182 3044 nos
209 3001 289 3063 paee
318 2989 351 3040 et
375 2979 415 3038 de
439 2977 628 3058 praestando
655 2979 846 3042 alterutrum
869 2983 1029 3046 adiutorio
1057 3010 1115 3052 nos

38 3061 287 3144 confirmavimus,
318 3070 353 3122 et
373 3059 521 3142 Capitula
545 3081 563 3118 a
583 3063 805 3126 communibus
827 3065 976 3129 fidelibus
997 3073 1115 3136 nostris

38 3142 131 3204 dietata
154 3156 185 3207 et
207 3143 301 3222 uobis
326 3141 447 3202 relecta
461 3161 518 3201 nos
533 3141 755 3206 observaturos
775 3147 989 3229 promisimus,
1012 3163 1044 3213 et
1057 3177 1117 3236 pu.

35 3221 102 3286 llice
125 3226 349 3288 communibus
375 3223 523 3284 fidelibus
551 3223 667 3285 uostris
696 3226 973 3308 adnuntiavimus,
1012 3239 1115 3316 robis,

35 3309 113 3368 onice
139 3319 171 3370 et
191 3309 353 3371 carissime
378 3307 494 3384 frater,
527 3315 678 3387 reputare
701 3329 766 3368 non
793 3310 867 3371 volo
889 3322 927 3372 ut
949 3314 1006 3375 illa
1031 3339 1114 3399 qnae

37 3385 159 3451 invicem
179 3392 272 3454 nobis
290 3387 503 3472 promisimus,
524 3387 680 3448 hacteuus
701 3409 775 3474 erga
792 3413 842 3452 me
866 3393 1030 3456 observata
1049 3424 1115 3462 non

34 3467 172 3545 habeatis;
201 3496 263 3535 uec
285 3493 378 3553 spero
398 3479 436 3538 ut
455 3491 511 3530 ros
533 3477 588 3528 aut
612 3471 730 3551 aliquis
756 3474 838 3533 alius
863 3476 943 3534 mihi
964 3493 1115 3562 reputare

34 3557 114 3630 possit
133 3567 187 3617 aut
209 3555 291 3616 velit
309 3565 346 3614 ut
366 3552 513 3613 similiter
539 3571 613 3633 erga
630 3575 686 3613 vos
709 3555 766 3614 illa
783 3557 946 3618 observata
968 3580 1033 3620 non
1056 3564 1099 3623 ha
1184 3591 1186 3596 ·

36 3633 115 3702 leam.
156 3638 254 3715 Quod
276 3636 301 3696 si
324 3636 395 3716 quis
420 3633 551 3708 fecerit,
572 3644 702 3714 'paratus
725 3658 795 3696 sum
819 3637 894 3698 inde
922 3640 1012 3702 vobis
1042 3667 1115 3706 eer-

35 3724 83 3774 tom
99 3720 232 3780 reddere
258 3720 425 3792 rationem,
448 3724 479 3776 et
499 3715 628 3794 dignam
654 3718 758 3780 facere
785 3720 1041 3787 satisfactionem.
1074 3730 1117 3788 Et

33 3796 53 3854 si
72 3799 175 3881 aliquis
198 3800 277 3862 mihi
295 3808 444 3880 reputare
464 3797 602 3858 voluerit
627 3800 726 3878 quod,
751 3811 906 3881 quantum
927 3825 967 3864 ex
989 3827 1039 3868 me
1058 3821 1116 3887 est,

34 3879 79 3937 illa
92 3904 180 3963 »quae
200 3884 302 3944 debeo
324 3889 434 3964 nepoti
461 3888 568 3940 nostro
595 3881 764 3942 illothario
782 3883 948 3945 observata
968 3909 1031 3949 non
1059 3892 1118 3950 ha·

33 3959 117 4042 benno,
137 3966 286 4026 similiter
305 3973 432 4045 paratus
448 3983 518 4021 sum
536 3969 656 4021 certam
670 3964 804 4024 reddere
823 3966 981 4030 rationem
998 3979 1030 4031 et
1044 3993 1120 4034 con·

33 4065 125 4124 gruem
147 4051 254 4108 fircera
270 4045 527 4106 satisfactionem,
570 4043 721 4119 Qualiter
744 4057 852 4108 autem
873 4070 1015 4133 eaquae
1039 4055 1118 4114 mihi

32 4130 160 4204 promisit
179 4131 236 4198 ille
258 4149 332 4208 erga
347 4149 397 4187 me
415 4127 584 4188 observata
601 4123 727 4206 habeat,
750 4149 817 4192 uon
833 4132 938 4194 solum
967 4156 1044 4218 ego,
1063 4137 1121 4200 sed

35 4217 60 4266 et
76 4213 176 4292 plures
198 4210 252 4272 alii
278 4211 392 4272 sciunt.
