2786 4980
266 348 300 404 a.
325 347 404 405 cun
516 345 646 404 mesu
662 343 883 404 rumenam
992 345 1055 418 sss.
1164 333 1215 410 55

183 489 229 555 V.
269 485 499 552 Hludouvicus
509 484 619 566 Abba,
637 487 856 552 Yrminfridus
880 487 1082 574 Episcopus,
1112 493 1213 578 lugil·

104 574 228 656 wiuus,
251 573 455 646 Gotselmus,
477 569 570 631 Missi
593 571 628 631 in
645 571 824 648 Parisiaco,
846 571 1028 652 Muciano,
1049 573 1216 640 Silvanec-

104 657 207 735 tcnsi,
229 655 418 732 vircasino,
439 653 636 715 belvacense
644 698 654 731 ,
676 661 708 714 et
728 653 922 720 vindoiliso.

186 740 248 802 vl.
288 737 411 801 Paulus
425 734 624 818 Episcopus,
645 735 850 798 llilmeradus
868 737 1068 818 Episcopus,
1090 737 1216 800 Herloi·

104 846 188 901 nus,
209 819 414 903 Hungarius,
434 818 523 880 Missi
539 819 574 879 in
593 819 786 897 bunnense,
807 819 945 898 Tellau,
967 822 1109 900 vitnau,
1130 823 1216 883 Pon·

105 907 175 986 tiu,
199 903 429 966 Ambianeuse.
736 894 745 908 ⁵

194 987 277 1052 vll.
314 983 468 1047 Eirardus
484 982 671 1065 Episcopus,
682 982 880 1046 Teodericus
896 983 1003 1064 Abba,
1025 985 1211 1064 Herloinus,

109 1070 321 1143 Eardoinus,
342 1066 432 1128 Missi
450 1067 483 1140 in
499 1065 689 1147 Apriucato,
710 1065 941 1142 Constantino,
964 1069 1130 1152 Bagisino,
1154 1071 1215 1130 Co-

114 1156 231 1230 riliso,
254 1150 410 1232 Otllngua
430 1149 581 1226 Saxonis,
605 1158 639 1210 et
658 1147 835 1226 Hardniui‚
858 1149 1011 1230 omiss,
1044 1161 1077 1213 et
1101 1151 1135 1211 in
1156 1153 1213 1214 Li·

118 1257 223 1297 suino.

200 1312 292 1375 vlll.
331 1313 424 1373 Dodo
443 1313 641 1395 Episcopus,
661 1315 873 1390 Hrotbertus,
895 1321 927 1374 et
941 1314 1109 1392 Osbcrtus,
1124 1314 1214 1378 Missi

114 1401 147 1460 in
166 1395 415 1472 cinomannico,
437 1395 678 1480 Audegaveusi,
700 1409 798 1481 atque
819 1395 997 1476 Turouieo,
1020 1397 1213 1474 Corbouiso,

109 1493 141 1544 et
157 1481 277 1562 sagiso·

187 1561 247 1626 lX.
289 1561 472 1626 Burcardus
491 1560 697 1643 Episcopus,
713 1573 745 1622 et
766 1560 962 1640 Hrodullns,
985 1572 1018 1624 et
1040 1563 1215 1626 lleinricus

105 1646 214 1724 Abba,
237 1645 328 1706 Missi
348 1645 382 1703 in
407 1643 549 1719 Blesiso,
571 1642 817 1721 Aurelianensi,
840 1643 1059 1722 vindusniso,
1088 1649 1213 1708 Curen-

106 1731 191 1806 tino,
223 1727 422 1802 Durcasino‚
455 1724 602 1804 D'uniso,
633 1725 810 1804 Ehricino,
840 1726 1016 1811 stampiso,
1052 1729 1211 1807 Castriso,

106 1810 294 1885 Pineesiso,
315 1808 505 1870 Madreciso.

190 1894 236 1959 X.
275 1892 406 1955 Wenilo
422 1891 617 1974 Episcopus,
642 1889 733 1966 0do,
756 1898 789 1951 et
799 1890 956 1968 Donatus,
977 1891 1064 1953 Missi
1079 1893 1112 1952 in
1129 1913 1212 1976 pago

113 1977 294 2051 Senouioo,
325 1973 517 2050 Trecasino,
556 1973 763 2049 Wasteniso,
800 1973 1010 2052 Miliduniso,
1052 1975 1211 2053 Morviso,

109 2059 302 2133 Provisiso,
325 2055 404 2118 etin
430 2056 532 2116 tribus
555 2054 702 2116 Arcisisis
723 2055 763 2132 l),
786 2063 818 2114 et
843 2053 875 2114 in
903 2055 1027 2118 duobus
1048 2056 1212 2123 Briouisis.

191 2141 255 2203 Xl.
298 2137 496 2199 Teutboldus
510 2137 707 2220 Episcopus,
730 2138 824 2197 lonas
840 2137 1038 2222 Episcopus,
1061 2139 1214 2200 isembar-

107 2225 189 2303 dus,
215 2233 247 2282 et
268 2223 359 2283 Abbo
380 2220 491 2297 Abba,
512 2221 625 2281 Daddo
636 2265 645 2297 ,
668 2220 755 2281 Missi
773 2219 805 2278 in
829 2221 1040 2283 Comitatibus
1055 2221 1211 2299 Milonis,

96 2318 136 2376 ,et
149 2309 185 2366 in
208 2305 421 2366 Comitatibus
437 2301 630 2380 isembardi,
652 2302 887 2380 augustuduno
903 2305 1043 2380 scilicet,
1066 2305 1214 2366 Matisco·

107 2411 207 2450 nense
222 2434 230 2462 ‚
252 2387 471 2462 Divionense,
495 2384 686 2462 Caibillono,
708 2385 887 2465 Hatusriis,
909 2395 943 2446 et
958 2388 991 2446 in
1002 2387 1212 2463 Tornedriso,

109 2482 138 2531 et
152 2471 187 2530 in
206 2471 356 2546 Belniso,
378 2478 414 2530 et
427 2468 462 2528 in
479 2467 628 2530 Dusmiso
644 2467 807 2530 Comitatu
829 2469 975 2546 Attelae,
999 2479 1031 2530 et
1046 2469 1080 2528 in
1101 2470 1212 2530 Comi·

108 2562 176 2614 tatu
194 2552 355 2613 Romoldi.
720 2554 726 2558 ’
958 2569 962 2576 ·
1123 2552 1130 2586 ¹

120 2669 123 2676 ·
189 2635 268 2698 ΧΗ.
310 2635 424 2714 Hugo,
446 2635 566 2712 Gozso,
588 2633 801 2718 Nivilungus,
822 2633 912 2697 Missi
949 2633 984 2692 in
1015 2632 1210 2712 Niuerniso,

111 2717 314 2794 Alciodriso,
335 2716 478 2782 avaliso.

417 2879 759 2944 TITULUS
821 2881 903 2947 XV.

305 2997 481 3060 A--Pun
550 2997 1014 3059 Ansiusacuu.

104 3115 219 3186 Haec
244 3115 481 3184 memorialia
506 3114 701 3206 capitula,
740 3138 835 3206 quae
857 3127 1082 3206 sequuntur,
1110 3113 1213 3186 dedis

106 3215 239 3284 Missis
255 3216 335 3282 suis
352 3216 523 3284 Domnus
540 3215 707 3283 Karolus
722 3237 822 3284 anuo
842 3214 1054 3284 dominicae
1076 3216 1212 3285 Incar-

109 3315 276 3384 notionis
295 3333 486 3398 Deccmv,
520 3315 560 3383 in
577 3315 836 3402 menseluniO,
863 3313 1213 3407 quandoapudAl·
1276 3359 1279 3364 -

112 3415 293 3483 tiniacum
305 3437 387 3482 eum
395 3415 525 3506 fratre
551 3437 619 3480 suo
640 3413 844 3482 Hlotlzario
863 3413 947 3506 fuit
972 3414 1138 3501 locutus,
1173 3425 1212 3481 ut

114 3513 175 3583 illa
191 3515 444 3606 linusquisque
461 3511 604 3580 Missus
625 3513 664 3581 in
682 3536 752 3580 sue
768 3513 958 3580 missatico
968 3537 1043 3606 per
1057 3533 1213 3606 regnum

255 3607 258 3611 ’
425 3613 524 3682 illius
547 3612 694 3704 exsequi
717 3623 906 3710 procuret.

183 3740 228 3800 1:
258 3708 326 3825 De
343 3767 447 3828 Missis
466 3791 525 3850 pro
540 3767 741 3846 latronibus,
761 3766 885 3829 scilicet
914 3777 951 3826 ut
978 3766 1152 3842 addantur,
1181 3775 1215 3827 et

109 3847 322 3928 suppleantur
338 3851 427 3912 Missi
443 3851 499 3933 qui
521 3852 578 3910 illa
603 3860 756 3934 peragant
774 3872 855 3931 quae
877 3849 910 3910 in
931 3849 1089 3932 Capitulis
1112 3849 1215 3909 conti-

111 3941 239 4004 nentur,
256 3953 339 4011 quae
359 3956 455 4014 supra
473 3935 506 3993 in
525 3933 655 3996 Silvaco
679 3936 774 3994 illum
789 3931 927 3994 edidisse
942 3932 1215 4015 praescripsimus,

188 4015 234 4073 ll.
277 4018 326 4075 De
339 4017 496 4077 maritima
514 4017 671 4097 custodia,
692 4026 729 4080 ut
750 4014 1216 4082 secundumconsuetudinem

109 4093 284 4178 vigilanter
300 4099 534 4182 disponeretur.

113 4214 401 4232 *n——u-n—

142 4274 169 4343 ls)
189 4274 228 4327 al.
247 4290 311 4329 mss.
329 4272 426 4325 Arcbis
436 4293 446 4340 ,·
463 4275 608 4332 Archisiis.
