2786 4980
143 323 168 398 ο
404 337 434 392 Α.
454 334 534 394 cua.
642 333 904 392 causamur
986 331 1096 408 vaas.¹

140 477 212 550 rem
234 477 361 564 regium
379 499 416 540 ac
431 473 637 553 senioralem,
651 484 685 537 et
697 495 796 558 super
812 485 935 538 vestros
950 485 982 538 et
998 498 1095 560 super
1118 476 1245 568 impug-

143 575 256 630 nantes
274 569 467 646 potestatem
483 566 640 635 vestram,
669 560 785 642 optatis
803 558 942 638 habere,
965 561 1131 624 caritatem
1153 559 1246 620 illam

141 669 238 730 quem
247 645 421 729 Apostolus
436 641 557 717 docuit,
573 639 613 701 de
635 645 731 702 corde
749 663 832 724 puro
853 651 886 702 et
898 643 1097 703 conscientia
1113 644 1198 704 hona
1212 652 1244 703 et

141 731 204 806 ijlde
215 751 282 790 uon
297 729 370 790 ficta
384 727 470 788 inter
484 746 541 786 vos
553 723 679 784 studete
693 724 830 796 habere;
854 734 886 784 et
904 723 980 806 quia
993 726 1038 786 sic
1050 725 1203 802 habeatis,
1220 734 1252 786 et

143 813 292 874 fidelibus
307 821 339 872 et
353 803 543 870 infidelibus
556 807 670 868 restris
690 807 778 866 omui
799 807 917 868 virtute
934 818 967 868 et
982 809 1124 889 puritate
1141 817 1250 869 curate

142 896 360 970 manifestare,
371 894 454 954 sicut
462 889 619 950 Dominus
638 889 758 966 docuit,
777 889 903 950 dicens:
920 892 966 952 ¹Iu
987 894 1045 952 hoc
1065 902 1252 970 cognoscent

141 997 248 1042 emises
261 979 335 1057 quia
348 977 410 1034 mei
422 975 496 1034 estis
508 972 669 1054 discipuli,
682 974 711 1031 si
724 971 923 1034 dilectionem
934 973 1106 1034 habueritis
1120 973 1249 1034 adinvi-

145 1081 221 1122 cem.
241 1061 332 1136 Quae
345 1077 410 1118 uon
422 1053 654 1116 tantumverbo
664 1064 696 1116 et
707 1055 832 1136 lingua,
841 1055 898 1116 sed
911 1056 1019 1136 potius
1028 1063 1149 1117 remota
1161 1075 1247 1135 quo-

142 1141 225 1204 libet
246 1140 342 1200 modo
355 1138 452 1215 ,omni
489 1137 615 1200 occulta
641 1138 784 1200 nocendi
812 1137 1062 1215 machinatione,
1079 1145 1144 1216 aut,
1161 1135 1249 1218 quod

145 1223 239 1301 absit,
261 1221 533 1282 alienaiicaritate
550 1229 658 1300 aperta
677 1221 930 1302 impugnatione,
950 1241 1147 1302 quocunque
1178 1219 1252 1300 quis

142 1305 278 1388 indiget,
301 1325 361 1386 pro
383 1303 598 1368 viribusvero
623 1303 758 1364 consilio
775 1313 968 1387 etprompto
994 1303 1116 1364 auxilio
1141 1301 1182 1360 ab
1208 1302 1252 1362 al·

141 1397 212 1450 tero
231 1387 413 1464 adiuvetur,
435 1385 588 1468 quoniam
604 1387 839 1467 scriptumest:
869 1387 984 1447 Frater
1004 1388 1060 1469 qui
1079 1383 1251 1446 adiuvatur

141 1468 293 1551 &fratre
302 1515 314 1542 ,
338 1470 429 1554 quari
449 1467 676 1549 civitasfirma.
708 1469 750 1528 Et
766 1468 810 1530 ita
829 1469 863 1529 iu
882 1469 1041 1551 populum
1053 1468 1145 1529 vobis
1162 1487 1251 1526 com·

139 1551 343 1630 mendatum,
364 1572 425 1633 pro
438 1550 496 1610 ista
519 1571 601 1632 quac
623 1550 778 1612 hacteuus
796 1562 948 1633 operante
960 1573 1019 1634 por
1033 1551 1175 1613 membra
1191 1571 1248 1610 sua

140 1634 271 1698 diabolo
285 1642 408 1697 versata
424 1642 473 1694 est
492 1631 667 1710 discordia,
689 1654 802 1714 pacem
820 1635 910 1694 illam
927 1633 1131 1696 disseminate
1147 1653 1254 1716 quam·

141 1716 299 1780 Christus
320 1717 355 1780 in
376 1717 502 1776 coelum
527 1715 703 1776 ascendens
720 1715 868 1778 fidelibus
890 1717 955 1780 suis
976 1737 1111 1778 munere
1131 1735 1248 1797 magno

140 1798 275 1881 reliquit
294 1798 424 1862 diceus:
445 1799 561 1858 Pacem
582 1798 727 1878 relinquo
743 1800 835 1860 uobis
845 1809 867 1872 ,'
877 1821 987 1884 pacem
1008 1821 1107 1860 aream
1128 1798 1170 1860 do
1192 1819 1250 1858 co·

142 1883 210 1952 lais;
231 1881 300 1942 sine
323 1904 387 1964 qna
412 1901 508 1941 nemo
525 1879 783 1944 videbitDeum.
830 1921 832 1926 ,
917 1917 919 1928 ·
966 1905 968 1914 ¹

222 1963 270 2029 ll,
312 1965 397 2042 Quia
412 1963 496 2024 bene
517 1962 617 2023 nostis
635 1962 673 2021 ab
691 1960 749 2023 illa
767 1962 823 2045 qui
837 1963 924 2024 solus
942 1965 1057 2025 merito
1081 1975 1114 2025 et
1126 1965 1196 2028 Rex
1215 1971 1250 2024 ct

141 2047 298 2116 Sacerdos
312 2046 383 2106 lieri
396 2046 511 2130 potuit,
530 2045 575 2106 ita
596 2044 774 2109 Ecclesiam
787 2047 972 2126 dispositam
985 2068 1052 2112 esse
1070 2057 1106 2108 ut
1121 2045 1250 2129 pontifi·

140 2130 203 2190 cali
226 2129 415 2191 auctoritate
443 2138 476 2189 et
510 2128 780 2209 regalipotestate
798 2131 1015 2212 gubernetur,
1039 2140 1072 2192 et
1091 2129 1246 2210 scriptum

140 2234 208 2274 esse
230 2211 356 2292 liquido
369 2207 560 2295 pervidetis:
587 2210 649 2272 Uti
664 2231 728 2270 non
750 2225 796 2272 est
816 2213 1015 2291 gubernator,
1035 2213 1250 2298 populuscorn.

140 2296 223 2371 tuit,
244 2303 276 2354 et
302 2303 392 2355 tauto
422 2293 655 2375 periculosius,
679 2286 810 2373 quaudo
838 2295 943 2352 anima
960 2295 1032 2376 plus
1058 2306 1091 2356 et
1111 2293 1255 2376 pretiosa-

141 2399 238 2457 quam
259 2399 386 2458 corpus,
403 2372 575 2438 Canopum
597 2375 694 2436 ctiam
713 2375 950 2458 inrefragabilis
963 2378 1133 2438 auctoritas
1152 2397 1254 2457 super«
1283 2398 1288 2414 ¹

139 2458 375 2541 Episcoporum
393 2457 610 2534 ordinatione,
628 2467 661 2518 et
680 2458 713 2516 in
734 2461 847 2540 populi
859 2460 898 2519 ad
913 2460 1161 2523 custodiendum
1182 2479 1253 2532 susr,

141 2541 227 2623 cepti
244 2541 421 2624 vigilantia,
444 2561 480 2602 ac
502 2541 630 2602 sedium
643 2560 772 2601 suarum
797 2543 903 2605 tenaci
926 2543 1096 2602 stabilitate
1118 2540 1250 2608 eviden-

139 2623 259 2685 tissime
279 2626 471 2708 praecipiat,
494 2623 728 2685 ferventissime
742 2625 803 2684 Dei
818 2626 980 2706 legatione
996 2627 1168 2707 fungentes
1184 2644 1250 2682 mo-

141 2728 254 2768 nemus
275 2717 310 2766 ut
324 2709 416 2770 sedes
434 2729 516 2789 quae
532 2717 637 2769 vestra
660 2707 830 2784 discordia,
847 2709 983 2768 ulterius
997 2729 1057 2768 nec
1077 2709 1250 2776 nominan-5

140 2791 200 2868 da,
223 2790 292 2850 siue
308 2811 398 2854 sacro
418 2790 592 2873 episcopali
612 2788 791 2848 ministerio
811 2799 843 2849 ct
866 2792 934 2860 sine
952 2790 1119 2872 Episcopis
1132 2789 1250 2851 vidua-

139 2883 189 2936 tae
207 2883 356 2948 manent,
378 2873 523 2934 submota
540 2873 687 2931 funditus
703 2881 791 2952 peste
810 2873 1001 2932 simoniacae
1014 2869 1247 2948 lraereseos,si-

140 2976 181 3014 ue
210 2955 377 3032 dilatione,
398 2955 487 3016 iuxta
504 2955 726 3014 auctoritatem
745 2957 943 3028 eanonicam,
966 2951 1249 3036 autEpiscopusia

139 3039 211 3096 Deo
236 3037 343 3112 datos,
366 3047 397 3098 et
418 3039 436 3097 d
456 3037 544 3098 vohis
561 3038 755 3118 regulariter
774 3038 953 3120 designatos
970 3047 1001 3096 et
1028 3037 1125 3118 gratia
1138 3035 1251 3097 Sancti

142 3118 280 3198 Spiritus
303 3131 517 3198 consecratos,
539 3120 707 3202 accipiant,
731 3129 786 3178 aut
805 3142 888 3201 quae
902 3119 967 3181 suis
982 3119 1150 3201 Episcopis
1170 3139 1253 3198 qua-v

141 3222 270 3280 cunque
290 3203 457 3264 occasione
479 3201 622 3283 privatae
637 3212 723 3276 sunt,
738 3203 892 3264 canonice
913 3225 967 3265 eos
988 3203 1055 3263 sinc
1073 3203 1181 3284 aliqua
1196 3220 1251 3268 uxs·⁴

141 3283 306 3346 cusatione
325 3293 379 3344 aut
397 3284 546 3345 tarditate
562 3285 730 3366 recipiant.
1196 3349 1197 3352 ,

202 3363 266 3430 lll.
308 3368 442 3428 Sacrum
461 3389 592 3450 quoque
607 3368 818 3431 monasticum
832 3369 988 3432 Ordinem
999 3371 1095 3430 liDeo
1114 3364 1250 3446 inspira·-

141 3459 221 3524 tum,
244 3449 326 3508 erat
341 3449 415 3530 ipsis
434 3449 596 3531 Apostolis
620 3450 803 3530 fundatum,
825 3474 883 3516 seu
899 3449 1184 3516 inominatissirnis
1210 3467 1246 3506 ac

140 3531 345 3596 satietissimis
371 3533 513 3611 patribus
536 3533 712 3611 excultum,
734 3544 829 3614 atque
849 3557 908 3618 per
926 3536 1011 3596 istud
1034 3534 1204 3617 imperium
1229 3530 1247 3587 ir

142 3615 253 3676 vestris
268 3615 339 3696 piae
360 3615 532 3679 memoriae
549 3617 852 3687 Praedccessorihus
867 3628 1085 3701 propagatum,
1100 3625 1131 3676 et
1152 3633 1248 3695 quat·

140 3697 213 3760 dam
235 3699 331 3758 etiam
349 3698 418 3758 loca
435 3697 611 3780 'specialius
626 3699 834 3778 venerabilia,
853 3711 963 3762 contra
990 3721 1119 3763 omnem
1143 3705 1250 3756 aucto·

138 3779 268 3844 ritatem
281 3789 313 3842 et
329 3781 508 3858 rationem,
529 3803 565 3842 ac
581 3784 713 3843 Petrum
729 3793 910 3846 vestrorum
930 3805 987 3844 seu
1010 3785 1134 3864 Regum
1154 3799 1250 3862 prae-

140 3863 326 3930 cedentium
345 3865 624 3940 consuetudinem,
636 3866 792 3926 laicorum
808 3889 904 3928 curae
921 3875 951 3926 et
968 3864 1117 3949 potestati
1135 3862 1167 3922 in
1185 3879 1251 3920 ma·

140 3945 230 4008 ximo
250 3957 355 4009 vestro
369 3946 515 4027 periculo
533 3959 566 4007 et
584 3948 715 4010 illorum
731 3951 932 4030 perditione,
956 3961 989 4010 et
1008 3949 1070 4009 Dei
1087 3969 1122 4007 ac
1149 3947 1251 4010 Sanc·

140 4038 248 4092 torum
263 4052 329 4094 uon
345 4030 471 4092 modica
488 4031 527 4090 ad
559 4030 763 4090 irascendum
784 4031 1026 4114 provocatione,
1049 4052 1105 4092 vos
1122 4027 1253 4089 commi-

139 4108 215 4175 sisse
229 4112 384 4173 dolemus.
426 4115 632 4195 Quapropter
654 4134 711 4194 pro
731 4113 860 4176 Christo
878 4111 1250 4176 devotissimeobsecruss·
1269 4167 1272 4177 ,

140 4211 210 4256 mus
238 4205 273 4254 ut
301 4205 364 4253 tam
388 4217 534 4276 inagnum
560 4195 732 4272 offensam,
768 4207 800 4258 et
820 4197 935 4260 iustam
962 4195 1250 4279 reprehensionem

141 4285 236 4365 elqrre
253 4277 486 4366 pauculorum,
518 4280 586 4342 siue
608 4281 757 4364 caemplo
776 4280 1041 4368 praecedentium
1062 4287 1251 4363 praesump-
