2712 4992
437 323 569 376 ‘muas
605 318 789 374 secururs
1122 297 1193 370 329

83 470 148 529 tris
169 465 267 548 dupla
293 462 431 546 pecunia
447 463 501 525 vel
526 465 685 545 quantum
708 479 782 520 area
804 454 871 540 ipsa
892 477 931 519 eo
956 467 1100 542 tempore
1124 480 1194 523 me·-

82 552 204 612 liorata
225 547 372 610 valuerit.
412 548 455 608 Et
482 557 616 612 caetera.

260 681 265 690 '
357 748 359 753 ,
465 674 501 738 V
496 674 615 736 enditio
638 671 677 732 de
703 690 821 755 campo.

170 796 267 862 XXI.
307 793 448 857 Domino
469 791 561 852 fratri
583 790 642 850 illo
662 789 730 849 ille.
774 789 906 848 Constat
927 809 977 850 me
997 787 1057 848 tibi
1079 788 1194 849 vendi-

82 883 173 947 disse
196 881 295 942 etita
317 875 450 940 vendidi
471 896 583 957 campo
604 873 684 933 iuris
703 871 778 946 mei,
800 869 896 930 situm
917 870 951 930 in
975 870 1137 932 territorio
1158 871 1197 931 il-

82 969 132 1045 lo,
156 966 329 1026 habentem
353 961 427 1039 plus
451 958 557 1020 minus
589 965 737 1030 tantum,
766 953 822 1036 qui
854 953 1022 1035 subiungit
1048 955 1066 1013 1
1096 954 1196 1014 latere

84 1072 168 1110 uno·
182 1048 241 1124 lui,
264 1045 302 1104 ab
327 1043 390 1102 alio
412 1041 512 1101 latere
537 1039 597 1115 lui,
619 1040 638 1098 11
660 1040 766 1097 fronte
793 1057 858 1096 uno
880 1036 950 1114 illo,
972 1039 1011 1098 ab
1033 1036 1096 1096 alio
1117 1058 1194 1096 vero

86 1135 197 1192 fronte
221 1129 319 1192 illius,
362 1125 404 1184 Et
431 1122 541 1206 accepi
570 1123 588 1181 1
616 1121 706 1183 vohis
732 1120 766 1177 in
795 1117 955 1202 pretium,
986 1120 1075 1180 iuxta
1108 1119 1197 1200 quod

91 1215 173 1274 mihi
197 1207 400 1290 complacuit,
423 1206 497 1266 auri
517 1205 636 1266 solidos
657 1212 783 1274 tantos;
818 1211 851 1262 et
871 1201 939 1283 ipso
972 1224 1083 1284 campo
1106 1202 1197 1263 vobis

90 1293 335 1380 praesentaliter
365 1288 483 1350 tradidi
512 1287 760 1370 possidendum,
788 1283 929 1346 habendi
958 1285 1010 1348 vel
1040 1283 1199 1366 quicquid

91 1379 208 1440 exinde
236 1372 380 1436 volueris
409 1369 550 1433 faciendi
586 1369 720 1432 liberum
743 1367 860 1430 babeas
891 1375 1089 1454 potestatem.
1163 1366 1198 1430 Si

48 1501 51 1506 -
88 1462 160 1544 quis
182 1479 270 1522 vero.
311 1458 354 1518 Et
375 1464 510 1520 caetera.

369 1583 405 1645 V
401 1582 520 1648 coditio
543 1581 698 1642 deservo
719 1593 773 1642 aut
793 1579 918 1642 ancilla.

169 1701 284 1764 XXII.
324 1700 466 1768 Domino
490 1698 580 1759 fratri
611 1697 670 1759 illo
697 1718 757 1780 ego
785 1695 853 1758 ille.
903 1697 1036 1758 Constat
1061 1719 1112 1759 me
1136 1697 1195 1759 tibi

82 1786 272 1850 vendidisse
302 1794 334 1846 et
368 1785 412 1844 ita
435 1781 575 1844 ¹vendidi
601 1802 729 1841 servum
756 1779 835 1841 iuris
859 1778 923 1841 mei
956 1791 1011 1841 aut
1043 1781 1196 1842 ancillam

28 1935 31 1944 ¹
85 1890 208 1930 nomen
236 1869 319 1946 illo,
349 1888 415 1927 non
438 1866 512 1925 l'uro
529 1908 538 1940 ,
572 1885 636 1924 non
661 1863 819 1944 fugitivo,
849 1883 955 1944 neque
975 1864 1108 1940 estivo,
1139 1865 1198 1926 sed

86 1961 196 2014 mente
226 1961 259 2011 et
283 1971 377 2011 omne
403 1968 537 2029 corpore
562 1968 649 2010 sano.
686 1946 959 2026 Proquossaccepi
988 1947 1006 2006 11
1038 1947 1127 2008 vobis
1160 1948 1195 2008 in

87 2035 204 2116 pretio,
228 2034 315 2093 iuxta
343 2031 430 2114 quod
455 2029 534 2090 mibi
555 2029 759 2110 complacuit,
782 2029 851 2087 auri
871 2028 990 2089 solidos
1010 2029 1126 2111 probos
1148 2039 1198 2090 at·

87 2139 151 2198 que
181 2125 365 2194 praesentes
402 2134 538 2174 numero
568 2121 689 2188 tantos,
719 2120 751 2171 et
779 2111 848 2192 ipso
874 2132 968 2174 servo
994 2111 1085 2174 robis
1108 2135 1199 2196 prae·

84 2198 256 2260 sentaliter
275 2196 391 2258 tradidi
413 2194 660 2278 possidendum,
691 2193 735 2252 ita
761 2203 797 2254 ut
824 2193 863 2253 ab
887 2193 946 2254 hac
971 2194 1023 2256 die
1042 2195 1197 2275 habendi,

84 2281 238 2357 tenendi,
260 2280 312 2339 vel
336 2277 495 2361 quioquid
526 2277 643 2338 exinde
669 2276 853 2337 decreveris
888 2276 1030 2338 faciendi
1058 2278 1199 2340 liberum

82 2363 221 2444 potiaris
250 2362 426 2422 arbitrium.
476 2360 510 2422 bi
539 2360 612 2441 quis
639 2379 718 2419 vero
744 2359 832 2439 quod
855 2359 1000 2418 futurum
1030 2381 1098 2421 esse
1128 2383 1196 2439 non

84 2445 267 2520 credimus,
293 2445 319 2504 si
344 2466 403 2526 ego
429 2443 508 2526 ipse,
531 2452 586 2502 uut
608 2441 724 2522 aliquis
752 2441 791 2501 de
819 2440 991 2501 heredibus
1018 2442 1114 2519 meis,
1137 2465 1196 2504 seu

84 2529 234 2608 qnalibet
254 2549 389 2608 persona
422 2535 534 2586 contra
564 2526 648 2584 banc
676 2523 895 2583 venditionem
914 2523 1028 2584 venire
1045 2534 1196 2586 tentave—
1249 2585 1251 2592 χ

82 2613 136 2686 rit,
172 2619 228 2668 aut
254 2632 322 2669 eam
343 2609 526 2689 infrangere
553 2605 700 2681 voluerit,
725 2606 843 2665 inferat
866 2604 923 2664 tibi
958 2628 1030 2665 cum
1065 2608 1197 2688 cogenti

83 2695 163 2752 fisco
191 2692 261 2751 auri
281 2702 404 2752 tuntum
429 2693 481 2750 vel
504 2699 659 2772 quantum
680 2709 790 2748 servus
816 2689 883 2769 ipse
904 2709 942 2748 eo
967 2697 1109 2770 tempore
1131 2711 1196 2750 me-

83 2777 222 2834 lioratus
244 2776 393 2849 valuerit,
417 2782 451 2832 et
476 2772 557 2832 baec
578 2771 723 2832 venditio
747 2773 996 2851 omnitempore
1020 2773 1109 2830 firma
1125 2793 1197 2854 per·

82 2867 222 2934 nianeat,
244 2857 450 2946 stipulatione
474 2855 625 2918 subnexa.
667 2855 784 2916 Actum
810 2853 879 2930 illo,
900 2853 959 2914 suh
980 2853 1031 2916 die
1054 2855 1123 2933 illo,
1140 2875 1195 2917 an·v

84 2962 124 3001 no
153 2939 222 3000 illo.

451 3073 636 3135 Concambio
666 3071 705 3131 de
737 3053 836 3135 uillis.

167 3189 275 3249 XXlll
317 3189 406 3250 luter
437 3211 518 3270 quos
551 3189 664 3250 caritas
697 3188 831 3250 inlibata
864 3189 1091 3271 permanserit,
1122 3209 1195 3272 pars

85 3270 171 3352 parti
201 3271 358 3332 beneficia
390 3283 570 3353 opportuna
601 3281 818 3353 praestantur:
850 3271 926 3352 quia
960 3271 1043 3330 nihil
1069 3272 1131 3332 sibi
1155 3271 1195 3332 de

83 3355 182 3414 rebus
204 3356 341 3436 propriis
370 3365 480 3415 censet
500 3353 603 3413 minui
625 3353 753 3435 quode
781 3365 891 3416 contra
914 3354 1029 3434 recipit
1052 3354 1085 3412 in
1116 3375 1196 3434 aug-

84 3447 240 3504 mentum,
284 3438 504 3519 ldeo'placuit
525 3447 620 3518 atque
644 3439 797 3498 convenit
816 3437 901 3496 inter
921 3437 1105 3516 venerabile
1125 3434 1194 3497 viro

85 3519 144 3578 illo
167 3541 208 3578 ex
233 3521 385 3599 permisso
403 3520 578 3600 apostolico
598 3520 667 3578 viro
690 3519 747 3579 illo
768 3529 802 3594 et
824 3519 968 3580 inlustris
990 3519 1061 3580 viro
1085 3519 1142 3579 illo
1158 3525 1196 3577 ut

85 3600 205 3661 locella
233 3601 340 3680 aliqua
366 3603 449 3661 inter
476 3625 509 3663 se
537 3601 757 3662 concambiare
785 3603 940 3663 deberent
968 3602 1056 3682 quod
1086 3611 1119 3662 et
1150 3599 1196 3660 ita

85 3685 244 3746 lecerunt.
287 3684 385 3744 Dedit
420 3685 517 3766 igitur
536 3685 593 3745 ille
612 3684 806 3745 venerabilis
830 3685 879 3744 vir
896 3685 943 3746 lui
966 3685 1084 3745 locello
1107 3705 1195 3742 nun-

85 3777 225 3846 cupante
259 3767 328 3841 illo,
351 3768 445 3827 situm
473 3767 538 3840 ibi,
565 3768 604 3828 de
628 3777 718 3848 parte
750 3767 900 3828 basilicae
927 3767 1027 3828 sancti
1051 3767 1099 3826 ill.
1125 3787 1195 3826 me-

86 3859 208 3907 morato
230 3849 277 3908 lui
299 3849 455 3931 quicquid
472 3850 593 3910 ibidem
606 3851 647 3911 ad
667 3872 817 3932 praeseus
840 3850 879 3911 de
901 3850 1047 3933 qualibet
1069 3849 1196 3908 adtrac-

86 3939 122 3990 tu
145 3940 258 3992 tenere
278 3931 457 4008 videbatur,
487 3953 559 3993 cum
580 3932 686 4009 terris,
709 3933 872 4007 domibus,
901 3932 1077 4008 aedificiis,
1106 3951 1197 3992 acco-

87 4013 196 4089 lubus,'
210 4013 387 4093 mancipiis,
407 4015 522 4092 vineis,
534 4015 634 4092 silvis,
658 4017 786 4096 campis,
801 4016 910 4097 pratis,
932 4015 1068 4096 pascuis,
1091 4013 1196 4095 aquis,

88 4117 280 4175 aquarumve
302 4098 507 4172 decursibus,
530 4099 584 4160 rel
608 4099 715 4159 omnia
736 4097 856 4158 ibidem
880 4099 1098 4178 aspicientem.
1147 4094 1196 4156 si-

88 4177 208 4238 militer
231 4179 264 4240 iu
288 4180 579 4262 compensationem
601 4181 699 4243 buius
716 4181 823 4243 meriti
847 4181 937 4242 dedit
959 4178 1194 4262 suprascriptus

91 4258 146 4326 ille
168 4260 207 4326 ad
234 4269 357 4350 partem
380 4273 556 4330 memorato
578 4265 699 4336 Abbate
721 4264 779 4328 illo
802 4263 853 4330 vel
876 4263 1040 4351 praedicta
1061 4261 1195 4327 basilica
