2786 4980
174 323 222 400 12
381 347 414 405 a.
434 347 518 406 aaa
623 348 873 447 carpetana.
977 353 1036 425 us.

169 483 243 570 lega
261 485 394 552 foedera
417 488 557 554 cumeis
575 489 701 556 Iuciunt
719 492 919 578 nuptiarum,
941 513 995 558 eos
1020 492 1205 558 Innocentii
1219 492 1279 556 Pa-

167 589 229 652 pae
254 591 393 634 censura
415 595 435 633 a
455 573 683 638 communione
703 575 794 639 iubet
812 575 982 661 suspendi3
1004 586 1038 640 et
1055 575 1118 639 nisi
1134 595 1194 658 per
1212 591 1279 660 pu-

138 697 141 702 ·
166 650 288 722 blicam
310 655 539 738 probatamque
566 657 811 740 poenitentiam,
832 659 963 721 omnino
988 681 1054 722 non
1079 656 1195 740 recipi,
1220 667 1279 718 aut

167 731 220 830 bis
235 744 333 831 certe
359 738 520 799 Viaticum
540 738 581 799 de
605 741 718 802 seculo
737 742 989 823 nauseantibus,
1015 743 1043 805 si
1067 751 1175 806 manen
1195 759 1279 824 poe-

169 825 351 898 prtuerrnt,
372 841 439 882 nou
460 821 581 904 negari.

252 900 311 964 VI.
351 901 401 963 Ab
422 903 526 964 altero
544 924 623 967 sero
639 903 840 986 desponsata,
861 914 895 970 et
911 905 952 966 ab
970 907 1073 969 altero
1083 912 1175 988 rapta
1184 904 1279 986 puel-

169 979 213 1062 le,
225 983 407 1045 secundum
426 993 543 1046 statuta
557 986 722 1070 Ancyrani
741 989 882 1050 concilii
902 989 934 1050 ei
953 1011 972 1050 a
991 1009 1058 1072 quo
1083 987 1279 1069 desponsata

167 1065 287 1142 fuerat,
307 1067 473 1129 reddenda
502 1076 562 1146 est,
583 1068 707 1130 etiamsi
720 1071 786 1133 vim
812 1091 831 1131 a
850 1080 978 1153 raptore
1000 1069 1184 1154 pertulerit.
1225 1069 1278 1129 De

167 1147 353 1230 raptoribus
380 1159 488 1211 autem
515 1149 551 1212 id
580 1152 673 1213 nobis
695 1153 827 1214 ridetur
858 1154 1034 1236 optimam,
1060 1161 1098 1214 ut
1120 1149 1279 1235 qnoniam

167 1229 428 1294 Ecclesiasticam
459 1233 825 1297 excommunicationem
851 1236 1113 1322 parvipendunt,
1145 1233 1270 1296 secula·

167 1312 255 1376 rium
277 1313 388 1395 legum
410 1323 594 1376 terreantur
619 1317 816 1380 austeritate.

249 1392 328 1462 Vll.
371 1396 407 1458 Si
427 1419 511 1480 quae
533 1399 800 1462 sanctimoniales
827 1421 922 1464 causa
945 1399 1136 1484 religionis,
1165 1407 1204 1461 ut
1228 1399 1277 1461 eis

158 1476 250 1540 talso
272 1478 426 1558 ridetur,
460 1480 513 1554 rel
535 1480 666 1542 virilem
689 1481 835 1543 habitum
858 1493 1000 1562 sumunt,
1015 1485 1069 1546 rel
1089 1482 1200 1548 crines
1216 1481 1276 1542 ad·

167 1560 315 1639 tondent,
336 1561 414 1642 quia
435 1561 618 1644 ignorantia
638 1565 737 1646 magis
762 1587 858 1647 quam
882 1566 991 1627 studio
1015 1586 1071 1627 eas
1089 1585 1200 1628 errare
1217 1584 1277 1646 pu·

150 1649 289 1721 tamus,
317 1643 535 1706 admouendus
563 1644 826 1729 castigandasque
856 1648 1086 1728 decernimus,
1115 1669 1158 1709 ne
1188 1645 1275 1706 forte

166 1723 286 1787 veteris
306 1747 344 1787 ac
364 1727 441 1789 novi
456 1726 663 1788 instrumenti
683 1729 977 1812 praevaricatrices,
997 1730 1087 1790 iuxta
1107 1732 1278 1811 Gangren-

167 1826 236 1870 aem
265 1807 445 1890 Synodum,
472 1809 643 1873 severitate
673 1811 882 1876 anathematis
903 1813 943 1874 ab
963 1811 1130 1877 Ecclesiae
1156 1830 1276 1894 corpo·

142 1926 143 1932 κ
168 1908 205 1952 re
229 1890 469 1973 praecidantur.

250 1971 345 2035 VIII.
387 1974 550 2051 Quoniam
579 1975 735 2058 quosdam
761 1975 996 2057 Episcopornm
1024 1974 1064 2036 ab
1094 1969 1278 2054 expeditio-

156 2052 219 2126 ,nis
243 2053 353 2117 labore
379 2057 525 2140 corporis
555 2057 703 2120 defendit
724 2057 951 2138 imbecillitas,
980 2056 1051 2118 aliis
1072 2066 1180 2117 autem
1204 2072 1279 2114 ves·

166 2146 218 2204 tra
236 2135 442 2220 indulgentia
456 2139 581 2202 cunctis
606 2139 781 2225 optabilem
801 2139 937 2223 largitur
953 2141 1118 2235 quietem,
1139 2154 1277 2220 praeca·

63 2293 65 2299 Α
166 2219 310 2284 rendum
330 2229 379 2282 ast
407 2222 554 2304 utrisque
576 2244 617 2283 ne
645 2234 707 2306 per
734 2243 847 2283 eorum
871 2222 1047 2284 absentiam
1072 2241 1125 2282 res
1152 2216 1277 2278 milita-

142 2337 143 2344 *
166 2301 213 2366 rIs
241 2302 290 2364 dis
313 2301 448 2364 andium
470 2305 621 2388 patiatur.
662 2306 774 2386 Itaque
797 2306 824 2366 si
852 2314 956 2366 vestra
982 2303 1147 2366 consentit
1170 2297 1276 2360 subli-

166 2383 273 2464 mitas,
290 2323 446 2448 bomines
467 2408 542 2448 suos
570 2387 768 2468 reipublicae
788 2389 992 2468 profuturos,
1028 2384 1167 2446 cuilibet
1190 2380 1282 2460 fide·

166 2467 250 2531 lium
271 2476 465 2548 vestrorum,
485 2488 585 2551 quem
600 2469 661 2530 sibi
682 2469 793 2529 utilem
813 2469 1038 2549 iudicaverint,
1059 2466 1276 2539 committant,

167 2549 261 2612 cuius
288 2549 457 2635 diligentia
483 2572 526 2614 ne
557 2572 591 2614 se
620 2551 661 2612 ab
686 2549 794 2612 officio
821 2550 1010 2614 subtrahere
1041 2551 1191 2628 valeant,
1214 2543 1278 2606 ob-

167 2642 327 2699 servetur.
1069 2640 1071 2652 ¹

249 2715 311 2782 IX.
350 2717 526 2780 Remorum
544 2714 742 2794 Ecclesiam,
768 2714 825 2776 diu
844 2717 1048 2798 multumque
1073 2720 1204 2797 pastore
1223 2707 1280 2771 de·

153 2799 320 2876 stitutum,
335 2819 441 2882 nuper
452 2791 619 2882 spoliatam
632 2798 741 2875 rebus,
755 2808 918 2860 oneratam
929 2798 1070 2874 iniuriis,
1090 2795 1212 2878 absque
1228 2791 1280 2850 in·

168 2881 258 2962 genti
286 2880 400 2942 dolore
427 2879 522 2941 fateri
549 2901 614 2941 non
632 2901 809 2962 possumus.
849 2881 891 2942 Et
913 2879 989 2961 quia
1009 2887 1146 2942 uestram
1175 2873 1280 2936 subli-

166 2961 310 3035 mitatem
326 2971 360 3022 et
374 2972 515 3022 nostram
532 2961 719 3043 parvitatem
739 2982 852 3022 eruere
876 2961 1095 3024 desideramus
1113 2957 1280 3041 periculo,

167 3041 372 3104 obsecramus
401 3054 438 3104 ut
462 3050 528 3101 tam
551 3041 646 3102 foede
672 3043 810 3104 lacerata
840 3043 986 3104 Ecclesia
1011 3043 1279 3126 redintegretur,

168 3133 265 3206 atque
292 3123 383 3183 iuxta
410 3123 646 3185 venerabilium
667 3125 837 3185 Canonum
864 3125 1129 3186 constitutionem
1156 3122 1280 3202 dignus

168 3205 198 3266 ei
221 3203 374 3266 celeriter
389 3214 564 3287 quaeratur
581 3213 614 3265 et
627 3205 833 3286 praeficiatur
845 3207 1039 3289 Episcopus;
1061 3214 1099 3265 nt
1114 3204 1226 3265 clerus
1246 3210 1281 3264 et

167 3284 308 3369 populus
328 3288 426 3349 tantis
448 3288 575 3349 attritus
594 3295 627 3346 et
648 3285 845 3370 spiritalibus
860 3297 893 3349 et
910 3288 1133 3370 corporalibus
1152 3286 1280 3346 incom-

169 3366 284 3444 modis,
307 3367 528 3431 consolatione
548 3378 689 3449 recepta,
717 3390 791 3430 cum
813 3391 871 3430 suo
899 3370 1051 3432 Praesule
1078 3389 1141 3451 pro
1170 3367 1281 3428 vestra

92 3505 94 3510 .
163 3449 272 3520 ,salute
299 3471 336 3511 ac
358 3450 569 3533 prosperitate
597 3452 759 3510 communi
774 3452 914 3513 Domino
926 3453 1053 3512 studeat
1080 3451 1282 3532 supplicare.

252 3528 295 3592 X.
336 3531 581 3602 Aurelianensis
606 3531 702 3592 etiam
734 3533 880 3595 Ecclesia
911 3534 1104 3595 confusione
1137 3532 1283 3593 maxima

169 3612 315 3678 noscitur
334 3613 491 3680 laborare.
532 3615 654 3674 Tamen
681 3613 757 3693 quia
782 3615 946 3696 superiore
971 3637 1058 3676 anno
1084 3613 1299 3696 Archiepis-'

169 3719 269 3782 copus
294 3696 440 3774 Wenilo,
461 3695 525 3772 suis
551 3694 770 3754 annitentibus
789 3697 1012 3779 suffraganeis,
1036 3719 1077 3758 ex
1099 3697 1218 3757 eodem
1233 3697 1284 3756 Io-

168 3785 221 3842 co·
235 3777 355 3860 Agium
374 3778 603 3860 Presbyterum
624 3775 735 3856 palatii
761 3778 860 3836 vestri
887 3790 1079 3840 memoratae
1105 3778 1283 3840 Ecclesiae

169 3859 352 3932 ordinarit,
388 3859 604 3941 probabilium
630 3857 866 3917 Canonicorum
893 3881 930 3920 ac
953 3860 1112 3922 laicorum
1145 3855 1283 3922 attesta-

167 3943 258 4005 tione
279 3941 472 4019 instructns,
497 3950 530 4001 et
552 3937 709 4022 petitione
732 3938 904 4021 impulsus,
933 3950 964 4002 et
990 3943 1103 4002 eadem
1127 3942 1284 4004 Ecclesia

169 4033 278 4086 nostro
307 4033 341 4084 et
363 4033 469 4085 vestro
495 4030 589 4083 vacat
612 4019 779 4100 periculo,
811 4021 908 4084 huius
936 4022 986 4084 rei
1018 4023 1285 4086 aliumexitum

169 4125 235 4170 non
249 4103 418 4182 ¹videmus,
439 4104 501 4166 nisi
526 4113 562 4163 ut
584 4109 688 4193 vestra
706 4101 807 4180 pietas
827 4105 915 4185 quod
941 4126 959 4164 a
987 4105 1084 4167 tantis
1109 4106 1193 4170 uiris
1215 4109 1286 4168 fae·

168 4195 329 4263 tumeat,
358 4196 461 4247 ratum
488 4205 555 4246 csse
575 4187 747 4264 permittat.
1037 4207 1040 4210 ·
1238 4191 1242 4196 ·

252 4264 312 4333 XI.
354 4271 400 4334 De
425 4264 623 4352 praelutlune
651 4263 911 4328 reverendissimi
938 4265 1102 4350 Dargonis
1137 4269 1285 4339 definite
