2712 4992
158 308 231 388 380
607 343 797 400 souuerse

611 490 808 596 Ingenaaitas.¹
828 575 831 580 Α

239 639 317 710 xlt.
359 638 424 722 Qui
438 637 581 702 debitum
595 641 656 703 sibi
674 662 793 705 nexum
811 644 933 708 relaxat
950 650 1131 729 servitium,
1150 675 1242 736 prae·

157 725 257 788 mium
284 725 317 784 in
345 724 454 784 futuro
478 723 564 806 apud
594 724 768 787 Dominum
801 727 862 789 sibi
887 731 1065 795 retribuere
1098 737 1241 798 confidat

157 807 261 892 Igitur
282 826 342 889 ego
360 804 392 868 iu
418 803 480 864 Dei
509 804 639 868 nomine
670 806 726 867 ille
754 829 813 890 pro
840 811 985 872 remedio
1008 816 1131 878 animae
1156 839 1242 880 meae

156 891 211 951 vel
233 897 363 950 aeterna
379 884 591 948 retributione
604 907 732 950 servum
744 887 824 953 iuris
839 893 902 956 mei
924 894 1054 957 nomina
1080 897 1173 959 illum
1193 898 1244 958 iu«

179 991 301 1036 cauum
313 991 380 1033 esse
397 967 577 1052 praecipio,
589 979 633 1030 ,et
653 970 686 1048 iu
701 985 897 1036 sacrosancta
910 975 1055 1042 Ecclesia
1076 979 1244 1052 beatissimi

157 991 267 1116 iuncti
286 1051 391 1128 illius,
413 1047 471 1112 sub
485 1052 663 1134 praesentia
691 1051 899 1118 sacerdotum
923 1057 1043 1120 ibidem
1069 1063 1243 1124 consisten-

154 1133 259 1214 tium,
280 1142 354 1196 unte
373 1152 476 1194 cornu
495 1133 601 1195 altaris
617 1134 657 1194 ab
674 1135 761 1195 omni
777 1138 913 1200 vinculo.
925 1138 1090 1204 servitutis
1106 1163 1179 1205 eam
1195 1145 1247 1204 ab·

155 1216 263 1294 solvo,
285 1217 330 1277 ita
350 1223 387 1276 ut
408 1213 585 1296 deinceps,
607 1223 758 1298 tanquam
774 1219 801 1281 si
823 1219 862 1280 ab
883 1220 1035 1303 ingenuis
1062 1225 1248 1306 parentibus¹

155 1297 271 1360 luisset
292 1307 385 1358 uatus
399 1296 451 1358 vel
469 1306 668 1391 procreatus,
690 1307 757 1378 eat,
777 1312 889 1395 pergat
906 1311 1029 1386 partem
1057 1327 1155 1388 quam
1179 1329 1245 1368 ma·

157 1379 277 1460 luerit,
299 1387 333 1444 et
344 1379 429 1444 sicut
440 1377 495 1439 ahi
510 1378 595 1440 cives
608 1381 742 1440 Romani
758 1393 857 1444 vatam
876 1384 973 1446 ducat
988 1385 1176 1468 ingenuam:
1204 1389 1246 1451 Et

156 1461 185 1523 si
198 1462 306 1543 aliqua
320 1460 498 1544 procreatio
517 1459 658 1522 filiorum
676 1463 729 1524 vel
746 1463 882 1526 filiarum
901 1487 941 1528 ex
957 1466 1027 1549 ipso
1048 1477 1119 1530 orta
1138 1470 1245 1549 fuerit,

156 1543 307 1606 similiter
323 1543 411 1606 visat
430 1540 586 1624 lagenam
608 1550 641 1606 et
654 1543 738 1606 nulli
755 1545 911 1609 heredum
925 1569 1070 1612 meorum
1094 1572 1155 1614 uec
1176 1551 1246 1616 cui-

156 1645 287 1706 cunque
305 1624 387 1685 aliae
406 1643 560 1705 personae
582 1623 754 1707 quicquam
776 1627 889 1689 debeat
905 1629 1069 1694 servitutis
1084 1633 1247 1696 neclibcr·

155 1705 292 1768 tinitatis
315 1705 515 1790 obsequium,
527 1706 589 1768 nisi
602 1707 741 1768 soliDeo
754 1711 808 1771 cui
820 1710 926 1772 omnia
942 1711 1086 1774 subiecta
1098 1724 1184 1794 suut,
1195 1716 1248 1779 rel

155 1809 216 1872 pro
242 1789 334 1850 cuius
348 1808 454 1848 amore
473 1786 575 1872 ipsum
590 1789 721 1851 devotus
739 1791 853 1854 obtuli.
865 1793 1033 1855 Peculiare
1046 1793 1132 1878 quod
1143 1797 1248 1878 habet,

156 1869 262 1930 autin
284 1879 357 1931 ante
379 1869 522 1930 laborare
539 1869 695 1952 potuerit,
718 1893 841 1934 cessum
858 1873 891 1935 in
909 1885 1105 1958 perpetuum
1118 1879 1242 1944 babeat.

155 1953 376 2014 Patrocinium
393 1961 426 2013 et
445 1951 667 2012 defensionem
685 1952 868 2038 cuicunque
886 1975 919 2018 se
938 1957 1092 2040 elegerit,
1124 1959 1158 2020 in
1179 1984 1248 2022 om·

158 2033 256 2096 nibus
270 2033 359 2109 illius
374 2033 558 2116 perfruatur
573 2033 713 2099 arbitrio.
731 2035 768 2096 si
785 2037 856 2119 quis
873 2058 969 2112 vero,
992 2041 1079 2120 quod
1103 2043 1249 2106 futurum

156 2135 310 2176 essenon
333 2115 503 2192 eredo,·si
526 2115 761 2196 fueritaliquis
789 2139 829 2180 ex
857 2118 1031 2182 heredibus
1063 2124 1164 2204 meis,
1191 2127 1247 2189 rel

154 2196 310 2280 quislibet
329 2217 465 2278 persona
482 2197 538 2279 qui
557 2208 666 2258 contra
687 2197 769 2259 banc
794 2199 1026 2281 ingenuitatem
1055 2207 1168 2270 venire
1192 2217 1248 2268 aut

155 2297 224 2340 eam
242 2275 407 2360 refragare
428 2279 692 2360 praesumpserit,
712 2278 794 2342 illud
810 2283 897 2364 quod
912 2283 1031 2365 repetit
1054 2307 1118 2347 uon
1142 2288 1247 2350 viudi-

156 2366 226 2437 cet,
248 2369 280 2421 et
300 2359 432 2442 iusuper
450 2371 560 2420 contra
578 2359 631 2421 eui
661 2360 751 2423 litem
777 2363 924 2424 intulerit
945 2364 1065 2438 solidos
1086 2371 1250 2454 sexaginta

154 2450 343 2525 componat,
364 2451 397 2502 et
411 2461 560 2524 praeseus
577 2440 757 2525 ingenuitas
773 2445 851 2506 meis
882 2444 931 2508 vel
961 2447 1123 2512 bonorum·
1142 2451 1248 2512 homi-

156 2543 235 2584 num
263 2523 411 2586 manibus
441 2523 608 2600 roborata,
637 2546 711 2586 cum
742 2526 947 2611 stipulatione
978 2529 1130 2613 subnixa,
1160 2533 1248 2597 omui

154 2614 299 2691 tempore
322 2613 448 2668 maneat
469 2605 669 2668 inconvulsa.

639 2739 760 2804 caurio.

239 2851 337 2917 XIII.
377 2851 548 2936 Magnifica
563 2852 654 2915 fratri
672 2852 752 2934 illo,
773 2877 834 2940 ego
856 2854 923 2918 ille.
964 2855 1014 2918 Ad
1038 2875 1142 2918 meam
1166 2855 1253 2939 peti·

153 2934 277 3000 tlouem
304 2945 408 2998 vestra
423 2935 565 2998 decrevit
580 2936 726 2997 voluntas
747 2947 782 2998 ut
806 2937 885 2998 mihi
914 2937 1110 3000 beneficium
1131 2937 1174 3000 de
1198 2959 1253 3000 re·

154 3019 215 3081 bus
236 3019 350 3081 vestris
369 3017 433 3081 illis
451 3019 537 3079 iuter
553 3037 654 3078 annos
671 3026 777 3080 tantos
807 3021 912 3081 facere
942 3021 1112 3086 deberetis.
1153 3019 1253 3098 Quod

156 3101 201 3162 ita
219 3109 251 3163 et
266 3100 397 3161 fecistis.
438 3100 481 3161 Et
504 3120 563 3182 ego
580 3120 638 3180 pro
653 3099 751 3161 huius
767 3100 882 3162 merito
903 3101 1051 3162 beneficii
1072 3124 1090 3162 o
1115 3101 1251 3184 pignora

154 3183 215 3244 tibi
233 3183 387 3243 locellum
406 3203 475 3243 rem
490 3181 692 3264 proprietatis
710 3202 799 3243 meae
819 3193 1059 3264 nuncupantem
1085 3184 1094 3243 i
1124 3203 1190 3261 um,
1206 3183 1252 3244 si·

156 3275 226 3327 tum
242 3263 276 3323 in
287 3286 372 3347 pago
388 3265 467 3340 illo,
489 3285 562 3324 eum
590 3262 677 3324 omni
701 3285 757 3324 sua
785 3263 966 3346 integritate
993 3265 1046 3328 vel
1079 3265 1252 3331 soliditate.

155 3347 203 3410 Ea
214 3366 292 3409 vero
307 3347 430 3407 ratione
446 3355 484 3406 ut
502 3346 662 3426 quomodo
680 3345 834 3407 iamdicti
849 3345 926 3406 anni
941 3345 1105 3428 adimpleti
1118 3347 1252 3424 fuerint,

158 3435 190 3492 et
205 3438 240 3488 tu
260 3427 386 3490 fructus
405 3427 505 3510 ipsius
523 3437 624 3488 terrae
646 3449 706 3510 per
732 3427 876 3510 quinque
895 3449 994 3488 anuos
1011 3437 1117 3490 tantos
1134 3427 1251 3489 exinde

157 3507 340 3592 collegeris,
363 3530 423 3591 ego
442 3509 659 3591 supradictum
679 3509 926 3572 debitumtuum
946 3509 1005 3569 tibi
1025 3510 1199 3586 desolsam,
1220 3519 1253 3570 et

157 3592 255 3655 rebus
265 3591 352 3652 meis
373 3612 526 3651 unacum
553 3592 703 3652 cautione
718 3612 787 3652 mea
802 3594 841 3654 de
852 3590 997 3652 manibus
1008 3591 1071 3654 tuis
1088 3592 1251 3674 recipiam.

156 3675 242 3738 Etsi
262 3673 438 3756 neglegens
456 3681 511 3732 aut
529 3674 638 3734 tardus
661 3673 778 3734 exinde
799 3694 976 3756 apparuero
1004 3675 1253 3757 suprascriptum

159 3755 305 3822 debitum
327 3765 420 3818 tuum
442 3753 477 3814 in
499 3754 635 3839 duplum
652 3754 793 3839 partibus
808 3755 874 3818 tuis
894 3775 965 3816 sum
985 3755 1182 3824 redditurus.

483 3888 623 3950 Danaeia
643 3888 677 3948 in
697 3907 813 3972 sponso
822 3885 925 3970 saeta.

175 4023 179 4030 ·
236 4004 328 4069 xlv.
370 4003 439 4066 Lex
458 4012 491 4066 et
518 4002 716 4064 cousuetudo
749 4003 891 4086 exposcit
919 4012 955 4064 ut
978 4001 1136 4086 quicquid
1168 4002 1253 4066 inter

158 4109 311 4171 sponsum
327 4094 359 4148 et
373 4107 520 4168 sponsam
537 4086 576 4146 de
594 4085 710 4145 futuris
735 4085 855 4168 nuptiis
882 4084 981 4147 fuerit
999 4085 1169 4147 delinitum
1201 4087 1250 4150 vel

160 4172 328 4254 largitum,
350 4179 406 4230 aut
425 4190 465 4230 ex
483 4188 642 4228 consensu
655 4175 841 4246 parentum,
863 4178 916 4228 aut
936 4167 1015 4248 ipsi,
1044 4166 1077 4228 si
1101 4168 1150 4228 sui
1175 4167 1250 4230 iuris

162 4261 254 4330 suut,
276 4249 506 4334 scripturarum
522 4248 720 4313 solemnitate
735 4250 888 4312 firmetur.
920 4249 1047 4313 idcirco
1065 4271 1124 4334 ego
1145 4250 1179 4313 iu
1191 4250 1248 4314 Dei
