2746 4992
173 301 269 416 ἶ,292
538 317 720 376 umentes
748 314 1013 378 ronuummn.

193 461 330 546 lo‚ci,.nt
350 475 530 522 mereamur
553 459 588 520 in
606 456 789 522 mercedem
811 457 946 541 sociari,
967 457 1159 555 plenissima
1187 459 1305 522 volun-

146 539 482 642 'ss'tatepraestitisse
511 540 566 606 vel
597 539 802 604 confirmasse
824 551 1020 624 cognoscite.
1067 539 1306 624 Praecipientes

127 637 130 646 '
172 639 176 646 '
189 625 269 710 ergo
291 626 440 710 rubemus
465 632 501 686 ut
525 625 610 686 sicut
630 632 755 687 constat
775 622 815 684 ab
843 624 1015 688 antedictis
1035 623 1242 708 Principibus
1268 628 1306 692 de

181 701 280 783 siliis
300 707 462 792 praefatae
480 707 647 769 Ecclesiae
664 704 797 768 Domini
810 703 901 770 illius
921 705 1048 803 integra
1064 707 1222 772 emunitas
1236 711 1305 772 abs-

37 849 41 858 ,
144 843 148 876 ς
182 791 414 878 „qnejintroitu
436 789 582 852 iudicum
602 788 666 850 fnit
690 809 852 866 concessa,
874 787 921 850 ita
939 799 974 852 et
991 799 1135 868 inantea,
1152 793 1305 853 auxilian-

144 893 147 900 ’
175 888 224 952 „te
237 872 409 952 rDomino,
431 871 591 955 inspectas
610 870 757 954 priorum
779 871 971 956 Principum
986 873 1190 936 auctoritates
1208 877 1306 936 omni·

143 1029 146 1036 Ι
191 957 568 1036 modisconserventum
601 963 634 1016 et
653 974 761 1035 neque
786 975 853 1032 vos,
877 976 987 1038 neque
1011 954 1178 1034 iuniores,
1201 979 1304 1041 neque

190 1041 390 1106 successores
415 1038 534 1116 vestri,
564 1037 617 1101 vel
644 1035 799 1119 quislibet
818 1035 862 1106 de,
888 1037 1058 1100 iudiciaria
1086 1048 1245 1122 potestate
1272 1043 1304 1102 in

192 1124 287 1190 villas
315 1119 498 1184 antedictae
517 1118 695 1196 Ecclesiae,
717 1139 795 1200 quas
818 1119 974 1182 moderno
999 1129 1144 1205 tempore
1168 1122 1304 1184 ubicun-

192 1227 257 1291 qne
280 1205 316 1266 in
341 1224 443 1285 regno
468 1212 578 1266 nostro
599 1201 761 1284 possidere
780 1212 972 1276 noscuntur,
994 1203 1049 1265 vel
1070 1223 1153 1286 qnae
1178 1204 1303 1268 inantea

193 1293 212 1351 d
243 1292 351 1352 Deum
377 1285 565 1349 timentibus
583 1282 769 1346 bominibus
788 1283 1091 1363 fuerintconlatae,
1113 1295 1179 1348 tam
1203 1287 1242 1350 de
1257 1290 1303 1349 in-

137 1439 143 1448 ,
193 1370 319 1456 gennis,
339 1388 438 1451 quam
458 1367 499 1429 de
519 1365 735 1430 servientibus
752 1365 807 1429 vel
827 1367 1030 1448 quibuslibet
1045 1367 1235 1432 nationibus
1253 1371 1303 1432 ho·

192 1455 318 1516 minum
341 1451 375 1511 in
394 1449 578 1533 praedictae
591 1447 756 1511 Ecclesiae
776 1447 869 1512 villas
889 1460 1147 1529 commanentes,
1177 1473 1241 1514 nec
1269 1453 1302 1515 ad

71 1609 76 1618 ¹
194 1535 371 1622 agendum,
387 1553 447 1594 nec
465 1533 558 1606 freda
570 1531 777 1612 exigendum,
802 1551 864 1594 nec
885 1532 1089 1595 fideiussores
1110 1533 1302 1614 tollendum,

48 1681 51 1690 ,
99 1620 118 1674 .’
145 1625 263 1700 „nec
285 1614 468 1678 mansiones
491 1623 686 1697 autparatas
714 1612 918 1695 faciendum,
948 1633 1010 1678 uec
1035 1635 1089 1677 eos
1118 1615 1160 1678 de
1187 1620 1301 1700 quasli-

138 1701 174 1784 ‚j'z'
193 1703 383 1764 bet'caasas
408 1695 685 1779 distringendum,
707 1716 767 1756 nec
799 1697 906 1760 nullas
931 1696 1167 1760 redhibitiones
1195 1703 1301 1782 requi·

193 1773 353 1860 feudum,
375 1780 496 1843 ibidem
512 1781 547 1840 in
570 1775 685 1839 redere
705 1799 771 1839 non
797 1779 1022 1859 praesumatis;
1052 1781 1110 1842 sed
1136 1783 1300 1866 sicutipse

194 1865 373 1940 beneficius
416 1865 434 1924 d
460 1865 524 1924 iam
549 1801 643 1922 dictis
660 1859 866 1944 Principibus
890 1863 932 1923 ad
959 1862 1023 1922 iam
1053 1861 1139 1924 dicta
1160 1865 1301 1928 Ecclesia

99 1989 115 2026 ,-
194 1949 259 2028 fnit
288 1947 435 2028 indultus
463 1955 496 2008 et
515 1965 618 2026 usque
647 1941 743 2004 ruodo
764 1954 988 2022 conservatus,
1018 1942 1065 2005 ita
1095 1953 1129 2005 et
1153 1945 1300 2030 deinceps

194 2052 256 2116 per
280 2029 366 2096 hanc
379 2027 534 2091 ‚nostram
566 2025 787 2094 auctoritatem
802 2025 1004 2110 'generaliter
1026 2027 1253 2096 confirmatum
1273 2031 1300 2090 in

174 2113 258 2178 'Dei
286 2110 425 2192 nomine,
441 2109 631 2195 perenniter
655 2118 783 2169 maneat
804 2107 1070 2181 inconvulsum}e
1092 2119 1125 2171 et
1149 2103 1301 2196 quicquid

196 2195 314 2256 exinde
334 2194 428 2255 fiscus
452 2181 561 2256 nostrii·
580 2199 706 2274 poterat
731 2190 859 2272 sperare
874 2234 883 2269 ,
897 2191 945 2252 'in
970 2189 1186 2254 luminaribus
1209 2195 1300 2279 ipsius

196 2277 363 2340 Ecclesiae
385 2276 419 2336 in
431 2284 625 2359 perpetuum
634 2273 801 2354 ‚proficiat
839 2275 883 2334 Et
902 2285 939 2335 ut
954 2272 1036 2335 haec
1057 2275 1232 2352 auctoritas
1243 2289 1299 2338 tam

197 2357 433 2442 praesentibusv
448 2379 545 2440 qnam
563 2356 682 2418 lutaris
707 2357 904 2437 temporibus
931 2357 1102 2434 inviolata,
1123 2360 1197 2418 Deo
1218 2361 1299 2421 adiu-

196 2451 278 2588 tope,
299 2441 399 2524 possit
423 2441 581 2518 constare,
601 2439 713 2502 subtus
738 2459 808 2502 eam
825 2438 957 2525 propria
981 2459 1080 2500 manu
1102 2437 1297 2507 decrevimus

196 2545 233 2588 ro
257 2542 377 2590 crure,⁴
524 2567 526 2577 ι

499 2654 716 2748 'Praeceptum
742 2650 781 2713 de
801 2650 992 2740 episcopatu.

281 2771 323 2840 V.
366 2772 429 2834 llle
452 2771 522 2844 Rex
549 2768 619 2830 viro
642 2766 817 2850 apostolico
843 2766 903 2828 illo
926 2766 1098 2850 Episcopo.
1152 2765 1292 2848 Quamvis

197 2879 257 2922 nos
284 2851 573 2917 administrandum
600 2849 910 2933 gubernandumque
937 2871 1048 2910 rerum
1069 2857 1187 2911 statum
1211 2871 1293 2932 prae-

197 2939 291 3003 celsis
314 2935 578 3020 occupationibus
607 2933 713 3016 regiae
741 2931 971 2993 sollicitudinis
991 2954 1070 2993 cura
1091 2933 1293 3012 constringat,

196 3021 280 3084 nibil
307 3011 416 3082 tamen
443 3027 509 3078 tam
533 3014 705 3099 principali
729 3035 825 3096 quam
847 3012 1001 3095 Principe
1030 3014 1165 3096 dignum
1197 3024 1244 3076 est
1265 3023 1295 3072 nt

196 3127 271 3168 curu
293 3104 312 3164 d
339 3099 491 3186 pastorali
517 3099 688 3181 paululum
709 3097 835 3157 aberrat
852 3095 944 3178 plebs
961 3097 1113 3158 destituta
1131 3097 1293 3179 praesidio,

196 3209 255 3273 pro
284 3185 387 3248 salute
416 3183 594 3242 animarum
621 3177 805 3240 huiusmodi
833 3178 978 3262 personis
1009 3179 1091 3241 locis
1113 3178 1292 3240 celsioribus

194 3270 413 3355 pontificalem
431 3264 604 3350 prospiciat
625 3263 822 3324 committere
839 3259 1028 3342 dignitatem
1047 3261 1081 3321 in
1101 3261 1219 3344 quibus
1238 3283 1291 3320 ma·

195 3361 272 3415 neat
293 3350 468 3434 dupliciter
496 3368 612 3424 sermo,
634 3355 668 3406 ut
692 3344 832 3429 populns
854 3345 1051 3425 magistrum,
1073 3353 1161 3404 actus
1181 3340 1292 3404 Christi
1327 3394 1331 3403 .

194 3437 340 3498 imitetur
368 3429 559 3513 discipulus;
595 3428 651 3510 qui
680 3428 808 3510 plebem
838 3447 903 3486 non
930 3425 1038 3486 minus
1061 3427 1181 3508 pietate
1205 3444 1291 3506 quam

194 3519 364 3582 severitate
388 3515 596 3592 constringat,
617 3509 674 3592 qui
694 3510 772 3570 sciat
792 3507 957 3570 commissa
986 3509 1046 3568 sibi
1071 3509 1194 3570 talenta
1222 3506 1290 3566 assi·

119 3655 123 3660 ,
194 3603 277 3663 duae
297 3596 546 3684 praedicationis
566 3592 766 3653 sermonibus
786 3589 949 3672 expolire,
979 3601 1010 3652 et
1031 3589 1192 3671 adquisita
1215 3588 1290 3648 mul·

189 3683 400 3766 tiplieataqne
421 3677 525 3762 gregis
544 3675 594 3736 sui
609 3677 723 3750 salute,
737 3673 777 3734 ad
798 3673 884 3733 ovile
899 3672 1061 3733 dominico
1080 3672 1179 3732 nullis
1195 3692 1290 3730 macu-

115 3814 117 3820 ,
189 3768 232 3828 lis
250 3765 413 3826 sordidato
431 3763 536 3823 valeat
553 3767 765 3840 praesentare.
800 3755 842 3815 Et
856 3755 933 3835 quia
949 3755 1157 3836 cognovimus
1171 3763 1288 3814 sanctae

191 3846 429 3916 recordationis
442 3847 569 3903 Domno
588 3839 646 3901 illo
664 3839 751 3898 urbis
771 3837 1028 3898 illiusAntestite
1046 3835 1231 3898 evocatione
1246 3835 1288 3894 di·

166 3995 170 4002 ,
188 3929 322 3994 «vinaab
339 3929 399 3988 bae
415 3929 489 3988 luce
509 3923 679 4005 migrasse,
703 3923 742 3984 de
765 3921 856 3980 cuius
869 3939 1050 3980 successore
1077 3917 1287 3979 sollicitudine

192 4033 337 4095 congrua
356 4030 502 4070 unacum
523 4005 735 4067 Pontificibus
757 4003 809 4063 vel
833 4001 1019 4084 proceribus
1035 4001 1151 4062 nostris
1171 3998 1288 4082 plenius

191 4104 377 4170 tractantes,
400 4089 600 4154 decrevimus
621 4086 749 4147 inlustri
775 4085 844 4147 viro
866 4087 937 4161 (ant
965 4083 1162 4162 venerabili)
1185 4083 1240 4142 illo
1259 4079 1286 4136 in

191 4180 263 4261 ipsa
287 4177 366 4238 urbe
394 4171 612 4258 pontificalem
631 4171 662 4228 in
683 4169 745 4229 Dei
772 4166 902 4226 nomine
931 4164 1129 4226 committere
1158 4161 1287 4245 dignita-

189 4272 277 4335 tem;
306 4280 403 4342 quern
422 4257 614 4342 plerumque
637 4251 722 4336 apud
741 4249 862 4312 animos
881 4256 1004 4310 nostros
1021 4255 1053 4308 et
1067 4247 1148 4309 actio
1166 4245 1286 4330 probata
