<?xml version="1.0" encoding="UTF-8"?>
<!DOCTYPE html PUBLIC "-//W3C//DTD XHTML 1.0 Transitional//EN"
    "http://www.w3.org/TR/xhtml1/DTD/xhtml1-transitional.dtd">
<html xmlns="http://www.w3.org/1999/xhtml" xml:lang="en" lang="en">
 <head>
  <title>
</title>
<meta http-equiv="Content-Type" content="text/html;charset=utf-8" />
  <meta name='ocr-system' content='tesseract 3.04.00' />
  <meta name='ocr-capabilities' content='ocr_page ocr_carea ocr_par ocr_line ocrx_word'/>
</head>
<body>
  <div class='ocr_page' id='page_1' title='image "./corpusiurisgerm01visigoog_0316.png"; bbox 0 0 2712 4992; ppageno 0'>
   <div class='ocr_carea' id='block_1_1' title="bbox 430 339 1182 410">
    <p class='ocr_par' dir='ltr' id='par_1_1' title="bbox 430 339 1182 410">
     <span class='ocr_line' id='line_1_1' title="bbox 430 339 1182 410; baseline 0.005 -4"><span class='ocrx_word' id='word_1_1' title='bbox 430 382 434 387; x_wconf 32' lang='grc' dir='ltr'><em>ι</em></span> <span class='ocrx_word' id='word_1_2' title='bbox 478 352 583 406; x_wconf 40' lang='lat' dir='ltr'><strong>‘nisan</strong></span> <span class='ocrx_word' id='word_1_3' title='bbox 618 352 748 404; x_wconf 79' lang='lat' dir='ltr'><strong>narnus</strong></span> <span class='ocrx_word' id='word_1_4' title='bbox 1113 339 1182 410; x_wconf 75' lang='lat'><strong>³05</strong></span> 
     </span>
    </p>
   </div>
   <div class='ocr_carea' id='block_1_2' title="bbox 67 490 1232 1806">
    <p class='ocr_par' dir='ltr' id='par_1_2' title="bbox 67 490 1232 1806">
     <span class='ocr_line' id='line_1_2' title="bbox 71 490 1185 558; baseline 0.006 -7"><span class='ocrx_word' id='word_1_5' title='bbox 71 491 230 552; x_wconf 74' lang='lat' dir='ltr'><strong>fidelium</strong></span> <span class='ocrx_word' id='word_1_6' title='bbox 251 501 566 554; x_wconf 88' lang='lat' dir='ltr'><strong>nostrorum-omnes</strong></span> <span class='ocrx_word' id='word_1_7' title='bbox 593 515 642 554; x_wconf 88' lang='lat' dir='ltr'><strong>res</strong></span> <span class='ocrx_word' id='word_1_8' title='bbox 671 493 738 558; x_wconf 88' lang='lat' dir='ltr'><strong>eius</strong></span> <span class='ocrx_word' id='word_1_9' title='bbox 770 492 828 553; x_wconf 90' lang='lat' dir='ltr'><strong>sub</strong></span> <span class='ocrx_word' id='word_1_10' title='bbox 851 490 917 550; x_wconf 86' lang='lat' dir='ltr'><strong>fisci</strong></span> <span class='ocrx_word' id='word_1_11' title='bbox 934 491 1065 555; x_wconf 88' lang='lat' dir='ltr'><strong>titulum</strong></span> <span class='ocrx_word' id='word_1_12' title='bbox 1085 498 1185 558; x_wconf 85' lang='lat' dir='ltr'><strong>inlus·</strong></span> 
     </span>
     <span class='ocr_line' id='line_1_3' title="bbox 68 573 1184 657; baseline 0.005 -23"><span class='ocrx_word' id='word_1_13' title='bbox 68 576 185 634; x_wconf 84' lang='lat' dir='ltr'><strong>tribus</strong></span> <span class='ocrx_word' id='word_1_14' title='bbox 212 573 289 633; x_wconf 85' lang='lat' dir='ltr'><strong>viris</strong></span> <span class='ocrx_word' id='word_1_15' title='bbox 307 575 373 634; x_wconf 91' lang='lat' dir='ltr'><strong>illis</strong></span> <span class='ocrx_word' id='word_1_16' title='bbox 394 577 612 657; x_wconf 76' lang='lat' dir='ltr'><strong>praecepimus</strong></span> <span class='ocrx_word' id='word_1_17' title='bbox 633 596 796 650; x_wconf 86' lang='lat' dir='ltr'><strong>revocare,</strong></span> <span class='ocrx_word' id='word_1_18' title='bbox 817 573 893 655; x_wconf 87' lang='lat' dir='ltr'><strong>quia</strong></span> <span class='ocrx_word' id='word_1_19' title='bbox 915 573 941 634; x_wconf 91' lang='lat' dir='ltr'><strong>si</strong></span> <span class='ocrx_word' id='word_1_20' title='bbox 969 597 1001 635; x_wconf 92' lang='lat' dir='ltr'><strong>se</strong></span> <span class='ocrx_word' id='word_1_21' title='bbox 1030 601 1096 639; x_wconf 91' lang='lat' dir='ltr'><strong>non</strong></span> <span class='ocrx_word' id='word_1_22' title='bbox 1117 580 1184 640; x_wconf 90' lang='lat' dir='ltr'><strong>dis-</strong></span> 
     </span>
     <span class='ocr_line' id='line_1_4' title="bbox 68 654 1182 739; baseline 0.004 -23"><span class='ocrx_word' id='word_1_23' title='bbox 68 659 219 733; x_wconf 75' lang='lat' dir='ltr'><strong>tulisset,</strong></span> <span class='ocrx_word' id='word_1_24' title='bbox 237 677 301 716; x_wconf 92' lang='lat' dir='ltr'><strong>non</strong></span> <span class='ocrx_word' id='word_1_25' title='bbox 325 657 428 739; x_wconf 89' lang='lat' dir='ltr'><strong>solum</strong></span> <span class='ocrx_word' id='word_1_26' title='bbox 449 679 499 717; x_wconf 90' lang='lat' dir='ltr'><strong>res</strong></span> <span class='ocrx_word' id='word_1_27' title='bbox 515 659 672 738; x_wconf 89' lang='lat' dir='ltr'><strong>perderat,</strong></span> <span class='ocrx_word' id='word_1_28' title='bbox 695 657 752 716; x_wconf 91' lang='lat' dir='ltr'><strong>sed</strong></span> <span class='ocrx_word' id='word_1_29' title='bbox 772 654 904 738; x_wconf 85' lang='lat' dir='ltr'><strong>protuli</strong></span> <span class='ocrx_word' id='word_1_30' title='bbox 924 657 1096 720; x_wconf 90' lang='lat' dir='ltr'><strong>rebelloin</strong></span> <span class='ocrx_word' id='word_1_31' title='bbox 1117 663 1182 720; x_wconf 89' lang='lat' dir='ltr'><strong>vita</strong></span> 
     </span>
     <span class='ocr_line' id='line_1_5' title="bbox 68 739 1184 821; baseline 0.005 -24"><span class='ocrx_word' id='word_1_32' title='bbox 68 741 182 818; x_wconf 87' lang='lat' dir='ltr'><strong>ipsius</strong></span> <span class='ocrx_word' id='word_1_33' title='bbox 207 759 259 798; x_wconf 92' lang='lat' dir='ltr'><strong>eos</strong></span> <span class='ocrx_word' id='word_1_34' title='bbox 283 739 542 799; x_wconf 83' lang='lat' dir='ltr'>ordinaveramus</span> <span class='ocrx_word' id='word_1_35' title='bbox 571 740 956 820; x_wconf 82' lang='lat' dir='ltr'><strong>insequere,.propterea</strong></span> <span class='ocrx_word' id='word_1_36' title='bbox 983 753 1184 821; x_wconf 82' lang='lat' dir='ltr'><strong>praesentem</strong></span> 
     </span>
     <span class='ocr_line' id='line_1_6' title="bbox 67 819 1184 901; baseline 0.007 -23"><span class='ocrx_word' id='word_1_37' title='bbox 67 819 345 901; x_wconf 88' lang='lat' dir='ltr'><strong>Praeceptionem</strong></span> <span class='ocrx_word' id='word_1_38' title='bbox 373 819 518 889; x_wconf 85' lang='lat' dir='ltr'><strong>dedimus</strong></span> <span class='ocrx_word' id='word_1_39' title='bbox 541 831 581 882; x_wconf 91' lang='lat' dir='ltr'><strong>ut</strong></span> <span class='ocrx_word' id='word_1_40' title='bbox 602 823 677 880; x_wconf 92' lang='lat' dir='ltr'><strong>dum</strong></span> <span class='ocrx_word' id='word_1_41' title='bbox 701 821 854 901; x_wconf 80' lang='lat' dir='ltr'><strong>praedicti</strong></span> <span class='ocrx_word' id='word_1_42' title='bbox 878 819 938 880; x_wconf 85' lang='lat' dir='ltr'><strong>viri</strong></span> <span class='ocrx_word' id='word_1_43' title='bbox 953 822 1029 900; x_wconf 79' lang='lat' dir='ltr'><strong>illi,</strong></span> <span class='ocrx_word' id='word_1_44' title='bbox 1052 826 1106 886; x_wconf 87' lang='lat' dir='ltr'><strong>vel</strong></span> <span class='ocrx_word' id='word_1_45' title='bbox 1134 848 1184 886; x_wconf 86' lang='lat' dir='ltr'><strong>re-</strong></span> 
     </span>
     <span class='ocr_line' id='line_1_7' title="bbox 67 901 1182 989; baseline 0.006 -28"><span class='ocrx_word' id='word_1_46' title='bbox 67 901 165 982; x_wconf 85' lang='lat' dir='ltr'><strong>liqui</strong></span> <span class='ocrx_word' id='word_1_47' title='bbox 186 923 276 983; x_wconf 90' lang='lat' dir='ltr'><strong>pares</strong></span> <span class='ocrx_word' id='word_1_48' title='bbox 297 911 351 962; x_wconf 90' lang='lat' dir='ltr'><strong>aut</strong></span> <span class='ocrx_word' id='word_1_49' title='bbox 372 903 494 983; x_wconf 80' lang='lat' dir='ltr'><strong>gasindi</strong></span> <span class='ocrx_word' id='word_1_50' title='bbox 511 925 648 978; x_wconf 84' lang='lat' dir='ltr'><strong>eorum,</strong></span> <span class='ocrx_word' id='word_1_51' title='bbox 680 925 744 960; x_wconf 92' lang='lat' dir='ltr'><strong>non</strong></span> <span class='ocrx_word' id='word_1_52' title='bbox 768 925 807 963; x_wconf 80' lang='lat' dir='ltr'><strong>ex</strong></span> <span class='ocrx_word' id='word_1_53' title='bbox 835 924 891 962; x_wconf 89' lang='lat' dir='ltr'><strong>sua</strong></span> <span class='ocrx_word' id='word_1_54' title='bbox 911 907 1182 989; x_wconf 78' lang='lat' dir='ltr'><strong>praesumptione,</strong></span> 
     </span>
     <span class='ocr_line' id='line_1_8' title="bbox 71 985 1183 1066; baseline 0.006 -23"><span class='ocrx_word' id='word_1_55' title='bbox 71 985 145 1044; x_wconf 89' lang='lat' dir='ltr'><strong>nisi</strong></span> <span class='ocrx_word' id='word_1_56' title='bbox 168 1005 226 1066; x_wconf 89' lang='lat' dir='ltr'><strong>per</strong></span> <span class='ocrx_word' id='word_1_57' title='bbox 250 993 355 1044; x_wconf 89' lang='lat' dir='ltr'><strong>nostra</strong></span> <span class='ocrx_word' id='word_1_58' title='bbox 367 985 568 1045; x_wconf 87' lang='lat' dir='ltr'><strong>ordinatione</strong></span> <span class='ocrx_word' id='word_1_59' title='bbox 586 1007 649 1044; x_wconf 91' lang='lat' dir='ltr'><strong>una</strong></span> <span class='ocrx_word' id='word_1_60' title='bbox 667 1007 739 1044; x_wconf 88' lang='lat' dir='ltr'><strong>cum</strong></span> <span class='ocrx_word' id='word_1_61' title='bbox 761 985 896 1045; x_wconf 92' lang='lat' dir='ltr'><strong>consilio</strong></span> <span class='ocrx_word' id='word_1_62' title='bbox 916 987 1088 1063; x_wconf 87' lang='lat' dir='ltr'><strong>Seniorum</strong></span> <span class='ocrx_word' id='word_1_63' title='bbox 1107 991 1183 1049; x_wconf 84' lang='lat' dir='ltr'><strong>lide·</strong></span> 
     </span>
     <span class='ocr_line' id='line_1_9' title="bbox 73 1065 1183 1150; baseline 0.004 -25"><span class='ocrx_word' id='word_1_64' title='bbox 73 1067 165 1132; x_wconf 85' lang='lat' dir='ltr'><strong>lium</strong></span> <span class='ocrx_word' id='word_1_65' title='bbox 180 1075 361 1127; x_wconf 88' lang='lat' dir='ltr'><strong>nostrorum</strong></span> <span class='ocrx_word' id='word_1_66' title='bbox 376 1068 458 1147; x_wconf 86' lang='lat' dir='ltr'><strong>ipsas</strong></span> <span class='ocrx_word' id='word_1_67' title='bbox 475 1089 525 1128; x_wconf 89' lang='lat' dir='ltr'><strong>res</strong></span> <span class='ocrx_word' id='word_1_68' title='bbox 543 1068 602 1128; x_wconf 91' lang='lat' dir='ltr'><strong>sub</strong></span> <span class='ocrx_word' id='word_1_69' title='bbox 621 1068 697 1142; x_wconf 78' lang='lat' dir='ltr'><strong>fisco</strong></span> <span class='ocrx_word' id='word_1_70' title='bbox 723 1079 831 1127; x_wconf 88' lang='lat' dir='ltr'><strong>nostro</strong></span> <span class='ocrx_word' id='word_1_71' title='bbox 846 1065 963 1146; x_wconf 91' lang='lat' dir='ltr'><strong>positas</strong></span> <span class='ocrx_word' id='word_1_72' title='bbox 987 1069 1183 1150; x_wconf 84' lang='lat' dir='ltr'><strong>habuerunt,</strong></span> 
     </span>
     <span class='ocr_line' id='line_1_10' title="bbox 74 1147 1184 1234; baseline 0.005 -26"><span class='ocrx_word' id='word_1_73' title='bbox 74 1158 113 1208; x_wconf 85' lang='lat' dir='ltr'><strong>et</strong></span> <span class='ocrx_word' id='word_1_74' title='bbox 134 1148 250 1209; x_wconf 88' lang='lat' dir='ltr'><strong>nostris</strong></span> <span class='ocrx_word' id='word_1_75' title='bbox 273 1148 447 1208; x_wconf 79' lang='lat' dir='ltr'><strong>ditionibus</strong></span> <span class='ocrx_word' id='word_1_76' title='bbox 467 1147 522 1209; x_wconf 89' lang='lat' dir='ltr'><strong>ubi</strong></span> <span class='ocrx_word' id='word_1_77' title='bbox 537 1150 704 1225; x_wconf 87' lang='lat' dir='ltr'><strong>iussimus,</strong></span> <span class='ocrx_word' id='word_1_78' title='bbox 727 1150 777 1208; x_wconf 83' lang='lat' dir='ltr'><strong>rel</strong></span> <span class='ocrx_word' id='word_1_79' title='bbox 798 1150 997 1230; x_wconf 88' lang='lat' dir='ltr'><strong>reliquorum</strong></span> <span class='ocrx_word' id='word_1_80' title='bbox 1021 1155 1085 1234; x_wconf 82' lang='lat' dir='ltr'><strong>qui</strong></span> <span class='ocrx_word' id='word_1_81' title='bbox 1110 1176 1184 1214; x_wconf 88' lang='lat' dir='ltr'><strong>cum</strong></span> 
     </span>
     <span class='ocr_line' id='line_1_11' title="bbox 77 1231 1182 1312; baseline 0.005 -22"><span class='ocrx_word' id='word_1_82' title='bbox 77 1233 197 1294; x_wconf 80' lang='lat' dir='ltr'><strong>codem</strong></span> <span class='ocrx_word' id='word_1_83' title='bbox 216 1231 308 1289; x_wconf 85' lang='lat' dir='ltr'><strong>mixti</strong></span> <span class='ocrx_word' id='word_1_84' title='bbox 325 1231 475 1309; x_wconf 86' lang='lat' dir='ltr'><strong>fuerunt,</strong></span> <span class='ocrx_word' id='word_1_85' title='bbox 499 1253 538 1292; x_wconf 86' lang='lat' dir='ltr'><strong>ex</strong></span> <span class='ocrx_word' id='word_1_86' title='bbox 566 1232 627 1292; x_wconf 91' lang='lat' dir='ltr'><strong>boc</strong></span> <span class='ocrx_word' id='word_1_87' title='bbox 657 1231 922 1311; x_wconf 89' lang='lat' dir='ltr'><strong>comprehensum</strong></span> <span class='ocrx_word' id='word_1_88' title='bbox 955 1235 1182 1312; x_wconf 81' lang='lat' dir='ltr'><strong>adduxerunt,</strong></span> 
     </span>
     <span class='ocr_line' id='line_1_12' title="bbox 77 1313 1232 1398; baseline 0.007 -27"><span class='ocrx_word' id='word_1_89' title='bbox 77 1315 159 1374; x_wconf 91' lang='lat' dir='ltr'><strong>ideo</strong></span> <span class='ocrx_word' id='word_1_90' title='bbox 183 1313 326 1374; x_wconf 88' lang='lat' dir='ltr'><strong>iubemus</strong></span> <span class='ocrx_word' id='word_1_91' title='bbox 356 1323 391 1394; x_wconf 83' lang='lat' dir='ltr'><strong>ut</strong></span> <span class='ocrx_word' id='word_1_92' title='bbox 418 1314 494 1373; x_wconf 89' lang='lat' dir='ltr'><strong>dum</strong></span> <span class='ocrx_word' id='word_1_93' title='bbox 519 1331 578 1398; x_wconf 88' lang='lat' dir='ltr'><strong>per</strong></span> <span class='ocrx_word' id='word_1_94' title='bbox 604 1318 708 1373; x_wconf 83' lang='lat' dir='ltr'><strong>nostra</strong></span> <span class='ocrx_word' id='word_1_95' title='bbox 734 1313 935 1377; x_wconf 89' lang='lat' dir='ltr'><strong>ordinatione</strong></span> <span class='ocrx_word' id='word_1_96' title='bbox 964 1317 1084 1377; x_wconf 90' lang='lat' dir='ltr'><strong>sactum</strong></span> <span class='ocrx_word' id='word_1_97' title='bbox 1115 1328 1182 1394; x_wconf 88' lang='lat' dir='ltr'><strong>est,</strong></span> <span class='ocrx_word' id='word_1_98' title='bbox 1228 1382 1232 1392; x_wconf 65' lang='grc'><em>,</em></span> 
     </span>
     <span class='ocr_line' id='line_1_13' title="bbox 78 1395 1183 1480; baseline 0.003 -24"><span class='ocrx_word' id='word_1_99' title='bbox 78 1397 501 1478; x_wconf 83' lang='lat' dir='ltr'><strong>nulloumquamtemporc</strong></span> <span class='ocrx_word' id='word_1_100' title='bbox 522 1397 616 1455; x_wconf 79' lang='lat' dir='ltr'><strong>need</strong></span> <span class='ocrx_word' id='word_1_101' title='bbox 646 1395 794 1455; x_wconf 90' lang='lat' dir='ltr'><strong>iamdicto</strong></span> <span class='ocrx_word' id='word_1_102' title='bbox 825 1395 906 1473; x_wconf 92' lang='lat' dir='ltr'><strong>illo,</strong></span> <span class='ocrx_word' id='word_1_103' title='bbox 937 1418 998 1458; x_wconf 89' lang='lat' dir='ltr'><strong>nec</strong></span> <span class='ocrx_word' id='word_1_104' title='bbox 1021 1400 1077 1480; x_wconf 91' lang='lat' dir='ltr'><strong>qui</strong></span> <span class='ocrx_word' id='word_1_105' title='bbox 1109 1422 1183 1459; x_wconf 90' lang='lat' dir='ltr'><strong>cum</strong></span> 
     </span>
     <span class='ocr_line' id='line_1_14' title="bbox 77 1477 1183 1562; baseline 0.005 -24"><span class='ocrx_word' id='word_1_106' title='bbox 77 1501 120 1538; x_wconf 88' lang='lat' dir='ltr'><strong>eo</strong></span> <span class='ocrx_word' id='word_1_107' title='bbox 139 1477 233 1536; x_wconf 79' lang='lat' dir='ltr'><strong>mixti</strong></span> <span class='ocrx_word' id='word_1_108' title='bbox 261 1481 415 1554; x_wconf 85' lang='lat' dir='ltr'><strong>fuerunt,</strong></span> <span class='ocrx_word' id='word_1_109' title='bbox 447 1499 507 1538; x_wconf 90' lang='lat' dir='ltr'><strong>nec</strong></span> <span class='ocrx_word' id='word_1_110' title='bbox 530 1478 568 1537; x_wconf 89' lang='lat' dir='ltr'><strong>ab</strong></span> <span class='ocrx_word' id='word_1_111' title='bbox 588 1477 723 1537; x_wconf 86' lang='lat' dir='ltr'><strong>heredes</strong></span> <span class='ocrx_word' id='word_1_112' title='bbox 749 1499 861 1537; x_wconf 91' lang='lat' dir='ltr'><strong>eorum</strong></span> <span class='ocrx_word' id='word_1_113' title='bbox 893 1481 1011 1540; x_wconf 83' lang='lat' dir='ltr'><strong>exinde</strong></span> <span class='ocrx_word' id='word_1_114' title='bbox 1038 1483 1183 1562; x_wconf 73' lang='lat' dir='ltr'><strong>quidibet</strong></span> 
     </span>
     <span class='ocr_line' id='line_1_15' title="bbox 73 1559 1180 1641; baseline 0.003 -22"><span class='ocrx_word' id='word_1_115' title='bbox 73 1559 242 1620; x_wconf 80' lang='lat' dir='ltr'><strong>calumnia</strong></span> <span class='ocrx_word' id='word_1_116' title='bbox 265 1567 318 1618; x_wconf 88' lang='lat' dir='ltr'><strong>aut</strong></span> <span class='ocrx_word' id='word_1_117' title='bbox 333 1561 524 1640; x_wconf 84' lang='lat' dir='ltr'><strong>repetitione</strong></span> <span class='ocrx_word' id='word_1_118' title='bbox 548 1562 613 1620; x_wconf 85' lang='lat' dir='ltr'><strong>ulla</strong></span> <span class='ocrx_word' id='word_1_119' title='bbox 631 1559 747 1632; x_wconf 84' lang='lat' dir='ltr'><strong>babere</strong></span> <span class='ocrx_word' id='word_1_120' title='bbox 782 1559 920 1640; x_wconf 90' lang='lat' dir='ltr'><strong>penitus.</strong></span> <span class='ocrx_word' id='word_1_121' title='bbox 937 1580 1002 1621; x_wconf 89' lang='lat' dir='ltr'><strong>non</strong></span> <span class='ocrx_word' id='word_1_122' title='bbox 1026 1563 1180 1641; x_wconf 89' lang='lat' dir='ltr'><strong>debeant,</strong></span> 
     </span>
     <span class='ocr_line' id='line_1_16' title="bbox 74 1641 1182 1724; baseline 0.002 -21"><span class='ocrx_word' id='word_1_123' title='bbox 74 1644 221 1703; x_wconf 84' lang='lat' dir='ltr'><strong>sedtum</strong></span> <span class='ocrx_word' id='word_1_124' title='bbox 243 1642 306 1722; x_wconf 89' lang='lat' dir='ltr'><strong>ipsa</strong></span> <span class='ocrx_word' id='word_1_125' title='bbox 338 1643 394 1701; x_wconf 93' lang='lat' dir='ltr'><strong>ille</strong></span> <span class='ocrx_word' id='word_1_126' title='bbox 420 1665 515 1723; x_wconf 86' lang='lat' dir='ltr'><strong>quarn</strong></span> <span class='ocrx_word' id='word_1_127' title='bbox 543 1663 650 1724; x_wconf 84' lang='lat' dir='ltr'><strong>pares,</strong></span> <span class='ocrx_word' id='word_1_128' title='bbox 673 1641 815 1723; x_wconf 82' lang='lat' dir='ltr'><strong>gasindi,</strong></span> <span class='ocrx_word' id='word_1_129' title='bbox 842 1643 905 1701; x_wconf 69' lang='lat' dir='ltr'><strong>uel·</strong></span> <span class='ocrx_word' id='word_1_130' title='bbox 930 1641 1024 1704; x_wconf 90' lang='lat' dir='ltr'><strong>amici</strong></span> <span class='ocrx_word' id='word_1_131' title='bbox 1051 1667 1182 1724; x_wconf 88' lang='lat' dir='ltr'><strong>eorum,</strong></span> 
     </span>
     <span class='ocr_line' id='line_1_17' title="bbox 70 1723 1182 1806; baseline 0.004 -23"><span class='ocrx_word' id='word_1_132' title='bbox 70 1723 239 1806; x_wconf 88' lang='lat' dir='ltr'><strong>quicquid</strong></span> <span class='ocrx_word' id='word_1_133' title='bbox 256 1725 295 1783; x_wconf 87' lang='lat' dir='ltr'><strong>de</strong></span> <span class='ocrx_word' id='word_1_134' title='bbox 310 1745 361 1783; x_wconf 89' lang='lat' dir='ltr'><strong>res</strong></span> <span class='ocrx_word' id='word_1_135' title='bbox 376 1725 539 1804; x_wconf 86' lang='lat' dir='ltr'><strong>praedicto</strong></span> <span class='ocrx_word' id='word_1_136' title='bbox 560 1725 616 1783; x_wconf 93' lang='lat' dir='ltr'><strong>illo</strong></span> <span class='ocrx_word' id='word_1_137' title='bbox 635 1726 768 1783; x_wconf 81' lang='lat' dir='ltr'><strong>fuerunt</strong></span> <span class='ocrx_word' id='word_1_138' title='bbox 784 1723 998 1804; x_wconf 80' lang='lat' dir='ltr'><strong>etabstultum</strong></span> <span class='ocrx_word' id='word_1_139' title='bbox 1014 1727 1086 1803; x_wconf 87' lang='lat' dir='ltr'><strong>fuit,</strong></span> <span class='ocrx_word' id='word_1_140' title='bbox 1105 1729 1182 1788; x_wconf 90' lang='lat' dir='ltr'><strong>dum</strong></span> 
     </span>
    </p>
   </div>
   <div class='ocr_carea' id='block_1_3' title="bbox 70 1805 1271 1888">
    <p class='ocr_par' dir='ltr' id='par_1_3' title="bbox 70 1805 1271 1888">
     <span class='ocr_line' id='line_1_18' title="bbox 70 1805 1271 1888; baseline 0.005 -22"><span class='ocrx_word' id='word_1_141' title='bbox 70 1829 138 1888; x_wconf 88' lang='lat' dir='ltr'><strong>per</strong></span> <span class='ocrx_word' id='word_1_142' title='bbox 153 1807 224 1866; x_wconf 89' lang='lat' dir='ltr'><strong>eius</strong></span> <span class='ocrx_word' id='word_1_143' title='bbox 241 1805 350 1886; x_wconf 89' lang='lat' dir='ltr'><strong>culpas</strong></span> <span class='ocrx_word' id='word_1_144' title='bbox 373 1816 403 1865; x_wconf 89' lang='lat' dir='ltr'><strong>et</strong></span> <span class='ocrx_word' id='word_1_145' title='bbox 427 1818 531 1866; x_wconf 85' lang='lat' dir='ltr'><strong>nostra</strong></span> <span class='ocrx_word' id='word_1_146' title='bbox 547 1806 748 1866; x_wconf 86' lang='lat' dir='ltr'><strong>ordinatione</strong></span> <span class='ocrx_word' id='word_1_147' title='bbox 771 1807 976 1886; x_wconf 83' lang='lat' dir='ltr'><strong>factumest,</strong></span> <span class='ocrx_word' id='word_1_148' title='bbox 999 1810 1085 1869; x_wconf 89' lang='lat' dir='ltr'><strong>omni</strong></span> <span class='ocrx_word' id='word_1_149' title='bbox 1103 1820 1182 1870; x_wconf 88' lang='lat' dir='ltr'><strong>tem·</strong></span> <span class='ocrx_word' id='word_1_150' title='bbox 1268 1866 1271 1872; x_wconf 91' lang='lat'>.</span> 
     </span>
    </p>
   </div>
   <div class='ocr_carea' id='block_1_4' title="bbox 71 1887 1180 2217">
    <p class='ocr_par' dir='ltr' id='par_1_4' title="bbox 71 1887 1180 2217">
     <span class='ocr_line' id='line_1_19' title="bbox 72 1887 1179 1970; baseline 0.005 -24"><span class='ocrx_word' id='word_1_151' title='bbox 72 1910 160 1970; x_wconf 89' lang='lat' dir='ltr'><strong>pore</strong></span> <span class='ocrx_word' id='word_1_152' title='bbox 180 1887 295 1947; x_wconf 72' lang='lat' dir='ltr'><strong>exinde</strong></span> <span class='ocrx_word' id='word_1_153' title='bbox 318 1887 425 1946; x_wconf 86' lang='lat' dir='ltr'><strong>educti</strong></span> <span class='ocrx_word' id='word_1_154' title='bbox 447 1899 478 1948; x_wconf 91' lang='lat' dir='ltr'><strong>et</strong></span> <span class='ocrx_word' id='word_1_155' title='bbox 505 1888 641 1950; x_wconf 87' lang='lat' dir='ltr'><strong>absoluti</strong></span> <span class='ocrx_word' id='word_1_156' title='bbox 665 1899 880 1969; x_wconf 84' lang='lat' dir='ltr'><strong>permaneant,</strong></span> <span class='ocrx_word' id='word_1_157' title='bbox 904 1900 935 1950; x_wconf 87' lang='lat' dir='ltr'><strong>et</strong></span> <span class='ocrx_word' id='word_1_158' title='bbox 955 1900 990 1950; x_wconf 91' lang='lat' dir='ltr'><strong>ut</strong></span> <span class='ocrx_word' id='word_1_159' title='bbox 1021 1892 1179 1968; x_wconf 75' lang='lat' dir='ltr'><strong>diximus,</strong></span> 
     </span>
     <span class='ocr_line' id='line_1_20' title="bbox 71 1965 1180 2052; baseline 0.005 -23"><span class='ocrx_word' id='word_1_160' title='bbox 71 1970 241 2030; x_wconf 85' lang='lat' dir='ltr'><strong>calumnia</strong></span> <span class='ocrx_word' id='word_1_161' title='bbox 263 1979 317 2028; x_wconf 88' lang='lat' dir='ltr'><strong>aut</strong></span> <span class='ocrx_word' id='word_1_162' title='bbox 336 1965 526 2050; x_wconf 84' lang='lat' dir='ltr'><strong>repetitione</strong></span> <span class='ocrx_word' id='word_1_163' title='bbox 543 1971 594 2030; x_wconf 83' lang='lat' dir='ltr'><strong>rel</strong></span> <span class='ocrx_word' id='word_1_164' title='bbox 619 1969 810 2029; x_wconf 87' lang='lat' dir='ltr'><strong>damnietate</strong></span> <span class='ocrx_word' id='word_1_165' title='bbox 831 1973 1092 2052; x_wconf 82' lang='lat' dir='ltr'><strong>quandoquidem</strong></span> <span class='ocrx_word' id='word_1_166' title='bbox 1121 1997 1180 2034; x_wconf 80' lang='lat' dir='ltr'><strong>ex-</strong></span> 
     </span>
     <span class='ocr_line' id='line_1_21' title="bbox 71 2049 1177 2136; baseline 0.004 -24"><span class='ocrx_word' id='word_1_167' title='bbox 71 2054 156 2114; x_wconf 87' lang='lat' dir='ltr'><strong>inde</strong></span> <span class='ocrx_word' id='word_1_168' title='bbox 173 2051 376 2131; x_wconf 86' lang='lat' dir='ltr'><strong>suprascripti</strong></span> <span class='ocrx_word' id='word_1_169' title='bbox 392 2053 452 2112; x_wconf 91' lang='lat' dir='ltr'><strong>viri</strong></span> <span class='ocrx_word' id='word_1_170' title='bbox 468 2054 517 2112; x_wconf 93' lang='lat' dir='ltr'><strong>illi</strong></span> <span class='ocrx_word' id='word_1_171' title='bbox 540 2053 650 2112; x_wconf 87' lang='lat' dir='ltr'><strong>fideles</strong></span> <span class='ocrx_word' id='word_1_172' title='bbox 665 2051 765 2112; x_wconf 82' lang='lat' dir='ltr'><strong>nostri</strong></span> <span class='ocrx_word' id='word_1_173' title='bbox 785 2049 849 2111; x_wconf 88' lang='lat' dir='ltr'><strong>non</strong></span> <span class='ocrx_word' id='word_1_174' title='bbox 870 2055 1096 2136; x_wconf 88' lang='lat' dir='ltr'><strong>pertimescant</strong></span> <span class='ocrx_word' id='word_1_175' title='bbox 1119 2056 1177 2116; x_wconf 78' lang='lat' dir='ltr'><strong>ha-</strong></span> 
     </span>
     <span class='ocr_line' id='line_1_22' title="bbox 71 2133 821 2217; baseline -0.001 -23"><span class='ocrx_word' id='word_1_176' title='bbox 71 2135 167 2200; x_wconf 85' lang='lat' dir='ltr'><strong>bere.</strong></span> <span class='ocrx_word' id='word_1_177' title='bbox 208 2136 250 2196; x_wconf 90' lang='lat' dir='ltr'><strong>Et</strong></span> <span class='ocrx_word' id='word_1_178' title='bbox 268 2143 305 2192; x_wconf 91' lang='lat' dir='ltr'><strong>ut</strong></span> <span class='ocrx_word' id='word_1_179' title='bbox 323 2133 404 2195; x_wconf 87' lang='lat' dir='ltr'><strong>hacc</strong></span> <span class='ocrx_word' id='word_1_180' title='bbox 424 2135 612 2217; x_wconf 87' lang='lat' dir='ltr'><strong>Praeceptio</strong></span> <span class='ocrx_word' id='word_1_181' title='bbox 636 2133 758 2194; x_wconf 86' lang='lat' dir='ltr'><strong>firmior</strong></span> <span class='ocrx_word' id='word_1_182' title='bbox 773 2135 821 2199; x_wconf 81' lang='lat' dir='ltr'><strong>sit.</strong></span> 
     </span>
    </p>
   </div>
   <div class='ocr_carea' id='block_1_5' title="bbox 69 2257 1280 2346">
    <p class='ocr_par' dir='ltr' id='par_1_5' title="bbox 69 2257 1280 2346">
     <span class='ocr_line' id='line_1_23' title="bbox 69 2257 1280 2346; baseline 0.001 -24"><span class='ocrx_word' id='word_1_183' title='bbox 69 2262 285 2345; x_wconf 83' lang='lat' dir='ltr'><strong>Praeceptum</strong></span> <span class='ocrx_word' id='word_1_184' title='bbox 307 2279 438 2340; x_wconf 86' lang='lat' dir='ltr'><strong>quorum</strong></span> <span class='ocrx_word' id='word_1_185' title='bbox 459 2261 498 2321; x_wconf 80' lang='lat' dir='ltr'><strong>ab</strong></span> <span class='ocrx_word' id='word_1_186' title='bbox 521 2261 659 2320; x_wconf 79' lang='lat' dir='ltr'><strong>hostibus</strong></span> <span class='ocrx_word' id='word_1_187' title='bbox 679 2258 734 2320; x_wconf 83' lang='lat' dir='ltr'><strong>vel</strong></span> <span class='ocrx_word' id='word_1_188' title='bbox 762 2259 825 2322; x_wconf 83' lang='lat' dir='ltr'><strong>alio</strong></span> <span class='ocrx_word' id='word_1_189' title='bbox 854 2257 947 2322; x_wconf 77' lang='lat' dir='ltr'><strong>niodo</strong></span> <span class='ocrx_word' id='word_1_190' title='bbox 971 2263 1098 2346; x_wconf 80' lang='lat' dir='ltr'><strong>suerint</strong></span> <span class='ocrx_word' id='word_1_191' title='bbox 1124 2269 1177 2329; x_wconf 76' lang='lat' dir='ltr'><strong>in·-</strong></span> <span class='ocrx_word' id='word_1_192' title='bbox 1207 2335 1209 2339; x_wconf 23' lang='grc' dir='ltr'>Ι</span> <span class='ocrx_word' id='word_1_193' title='bbox 1277 2327 1280 2334; x_wconf 20' lang='grc' dir='ltr'><strong><em>Δ</em></strong></span> 
     </span>
    </p>
   </div>
   <div class='ocr_carea' id='block_1_6' title="bbox 463 2343 867 2428">
    <p class='ocr_par' dir='ltr' id='par_1_6' title="bbox 463 2343 867 2428">
     <span class='ocr_line' id='line_1_24' title="bbox 463 2343 867 2428; baseline -0.015 -26"><span class='ocrx_word' id='word_1_194' title='bbox 463 2355 635 2404; x_wconf 78' lang='lat' dir='ltr'><strong>strumenta</strong></span> <span class='ocrx_word' id='word_1_195' title='bbox 655 2343 793 2410; x_wconf 67' lang='lat' dir='ltr'><strong>incensa,</strong></span> <span class='ocrx_word' id='word_1_196' title='bbox 826 2421 829 2428; x_wconf 19' lang='grc' dir='ltr'><strong>Δ</strong></span> <span class='ocrx_word' id='word_1_197' title='bbox 864 2384 867 2396; x_wconf 78' lang='grc'>,</span> 
     </span>
    </p>
   </div>
   <div class='ocr_carea' id='block_1_7' title="bbox 66 2457 1246 4355">
    <p class='ocr_par' dir='ltr' id='par_1_7' title="bbox 66 2457 1246 4355">
     <span class='ocr_line' id='line_1_25' title="bbox 159 2457 1175 2542; baseline 0.008 -22"><span class='ocrx_word' id='word_1_198' title='bbox 159 2457 322 2526; x_wconf 81' lang='lat' dir='ltr'><strong>XXXIII.</strong></span> <span class='ocrx_word' id='word_1_199' title='bbox 364 2457 522 2541; x_wconf 84' lang='lat' dir='ltr'><strong>Aregale</strong></span> <span class='ocrx_word' id='word_1_200' title='bbox 547 2477 677 2517; x_wconf 87' lang='lat' dir='ltr'><strong>neccsse</strong></span> <span class='ocrx_word' id='word_1_201' title='bbox 706 2466 754 2518; x_wconf 85' lang='lat' dir='ltr'><strong>est</strong></span> <span class='ocrx_word' id='word_1_202' title='bbox 781 2457 970 2520; x_wconf 76' lang='lat' dir='ltr'><strong>releventur</strong></span> <span class='ocrx_word' id='word_1_203' title='bbox 1002 2463 1175 2542; x_wconf 85' lang='lat' dir='ltr'><strong>clementia</strong></span> 
     </span>
     <span class='ocr_line' id='line_1_26' title="bbox 70 2540 1175 2630; baseline 0.005 -29"><span class='ocrx_word' id='word_1_204' title='bbox 70 2544 127 2622; x_wconf 86' lang='lat' dir='ltr'><strong>qui</strong></span> <span class='ocrx_word' id='word_1_205' title='bbox 154 2543 400 2602; x_wconf 78' lang='lat' dir='ltr'><strong>clarnnietateab</strong></span> <span class='ocrx_word' id='word_1_206' title='bbox 416 2541 559 2602; x_wconf 85' lang='lat' dir='ltr'><strong>hostibus</strong></span> <span class='ocrx_word' id='word_1_207' title='bbox 579 2540 630 2600; x_wconf 85' lang='lat' dir='ltr'><strong>vel</strong></span> <span class='ocrx_word' id='word_1_208' title='bbox 652 2541 734 2620; x_wconf 90' lang='lat' dir='ltr'><strong>passi</strong></span> <span class='ocrx_word' id='word_1_209' title='bbox 762 2551 836 2610; x_wconf 85' lang='lat' dir='ltr'><strong>sunt</strong></span> <span class='ocrx_word' id='word_1_210' title='bbox 863 2543 1027 2604; x_wconf 77' lang='lat' dir='ltr'><strong>violantia.</strong></span> <span class='ocrx_word' id='word_1_211' title='bbox 1071 2549 1175 2630; x_wconf 83' lang='lat' dir='ltr'><strong>lgitar</strong></span> 
     </span>
     <span class='ocr_line' id='line_1_27' title="bbox 71 2623 1173 2712; baseline 0.005 -30"><span class='ocrx_word' id='word_1_212' title='bbox 71 2626 182 2686; x_wconf 79' lang='lat' dir='ltr'><strong>tidelis</strong></span> <span class='ocrx_word' id='word_1_213' title='bbox 195 2628 263 2684; x_wconf 90' lang='lat' dir='ltr'><strong>Deo</strong></span> <span class='ocrx_word' id='word_1_214' title='bbox 278 2625 416 2706; x_wconf 90' lang='lat' dir='ltr'><strong>propitio</strong></span> <span class='ocrx_word' id='word_1_215' title='bbox 438 2633 545 2683; x_wconf 88' lang='lat' dir='ltr'><strong>noster</strong></span> <span class='ocrx_word' id='word_1_216' title='bbox 566 2623 624 2694; x_wconf 86' lang='lat' dir='ltr'><strong>¹illc</strong></span> <span class='ocrx_word' id='word_1_217' title='bbox 649 2623 837 2682; x_wconf 88' lang='lat' dir='ltr'><strong>clementiae</strong></span> <span class='ocrx_word' id='word_1_218' title='bbox 859 2625 950 2704; x_wconf 82' lang='lat' dir='ltr'><strong>regui</strong></span> <span class='ocrx_word' id='word_1_219' title='bbox 975 2629 1073 2688; x_wconf 86' lang='lat' dir='ltr'><strong>nostri</strong></span> <span class='ocrx_word' id='word_1_220' title='bbox 1101 2653 1173 2712; x_wconf 90' lang='lat' dir='ltr'><strong>sug·</strong></span> 
     </span>
     <span class='ocr_line' id='line_1_28' title="bbox 69 2707 1172 2790; baseline 0.005 -24"><span class='ocrx_word' id='word_1_221' title='bbox 69 2708 171 2790; x_wconf 80' lang='lat' dir='ltr'><strong>gessit</strong></span> <span class='ocrx_word' id='word_1_222' title='bbox 184 2727 222 2766; x_wconf 90' lang='lat' dir='ltr'><strong>eo</strong></span> <span class='ocrx_word' id='word_1_223' title='bbox 244 2707 331 2788; x_wconf 88' lang='lat' dir='ltr'><strong>quod</strong></span> <span class='ocrx_word' id='word_1_224' title='bbox 343 2717 415 2766; x_wconf 88' lang='lat' dir='ltr'><strong>aute</strong></span> <span class='ocrx_word' id='word_1_225' title='bbox 435 2707 494 2766; x_wconf 80' lang='lat' dir='ltr'><strong>lios</strong></span> <span class='ocrx_word' id='word_1_226' title='bbox 511 2715 699 2780; x_wconf 60' lang='lat' dir='ltr'><strong>annosam</strong></span> <span class='ocrx_word' id='word_1_227' title='bbox 718 2725 802 2762; x_wconf 88' lang='lat' dir='ltr'><strong>anno</strong></span> <span class='ocrx_word' id='word_1_228' title='bbox 821 2707 989 2786; x_wconf 82' lang='lat' dir='ltr'><strong>superiori,</strong></span> <span class='ocrx_word' id='word_1_229' title='bbox 1012 2712 1172 2772; x_wconf 78' lang='lat' dir='ltr'><strong>exercitus</strong></span> 
     </span>
     <span class='ocr_line' id='line_1_29' title="bbox 68 2787 1171 2872; baseline 0.007 -25"><span class='ocrx_word' id='word_1_230' title='bbox 68 2801 184 2850; x_wconf 88' lang='lat' dir='ltr'><strong>noster</strong></span> <span class='ocrx_word' id='word_1_231' title='bbox 203 2799 256 2848; x_wconf 86' lang='lat' dir='ltr'><strong>aut</strong></span> <span class='ocrx_word' id='word_1_232' title='bbox 275 2787 362 2849; x_wconf 91' lang='lat' dir='ltr'><strong>illius</strong></span> <span class='ocrx_word' id='word_1_233' title='bbox 388 2791 481 2871; x_wconf 86' lang='lat' dir='ltr'><strong>Regis</strong></span> <span class='ocrx_word' id='word_1_234' title='bbox 500 2789 611 2848; x_wconf 87' lang='lat' dir='ltr'><strong>domus</strong></span> <span class='ocrx_word' id='word_1_235' title='bbox 633 2808 702 2846; x_wconf 89' lang='lat' dir='ltr'><strong>suas</strong></span> <span class='ocrx_word' id='word_1_236' title='bbox 722 2787 874 2846; x_wconf 88' lang='lat' dir='ltr'><strong>incendio</strong></span> <span class='ocrx_word' id='word_1_237' title='bbox 893 2803 1094 2872; x_wconf 85' lang='lat' dir='ltr'><strong>cremassent,</strong></span> <span class='ocrx_word' id='word_1_238' title='bbox 1117 2797 1171 2856; x_wconf 81' lang='lat' dir='ltr'><strong>rel</strong></span> 
     </span>
     <span class='ocr_line' id='line_1_30' title="bbox 66 2869 1172 2954; baseline 0.001 -24"><span class='ocrx_word' id='word_1_239' title='bbox 66 2893 118 2933; x_wconf 88' lang='lat' dir='ltr'><strong>res</strong></span> <span class='ocrx_word' id='word_1_240' title='bbox 153 2893 223 2932; x_wconf 89' lang='lat' dir='ltr'><strong>suas</strong></span> <span class='ocrx_word' id='word_1_241' title='bbox 252 2872 545 2954; x_wconf 83' lang='lat' dir='ltr'><strong>quampluresnna</strong></span> <span class='ocrx_word' id='word_1_242' title='bbox 570 2891 643 2930; x_wconf 90' lang='lat' dir='ltr'><strong>eum</strong></span> <span class='ocrx_word' id='word_1_243' title='bbox 664 2878 840 2928; x_wconf 89' lang='lat' dir='ltr'><strong>strumenta</strong></span> <span class='ocrx_word' id='word_1_244' title='bbox 872 2869 1073 2952; x_wconf 86' lang='lat' dir='ltr'><strong>chartarum,</strong></span> <span class='ocrx_word' id='word_1_245' title='bbox 1106 2887 1172 2937; x_wconf 80' lang='lat' dir='ltr'><strong>tam</strong></span> 
     </span>
     <span class='ocr_line' id='line_1_31' title="bbox 68 2954 1170 3036; baseline -0.005 -24"><span class='ocrx_word' id='word_1_246' title='bbox 68 2954 162 3034; x_wconf 90' lang='lat' dir='ltr'><strong>quod</strong></span> <span class='ocrx_word' id='word_1_247' title='bbox 184 2976 242 3035; x_wconf 92' lang='lat' dir='ltr'><strong>per</strong></span> <span class='ocrx_word' id='word_1_248' title='bbox 256 2954 345 3035; x_wconf 88' lang='lat' dir='ltr'><strong>regio</strong></span> <span class='ocrx_word' id='word_1_249' title='bbox 365 2975 498 3014; x_wconf 89' lang='lat' dir='ltr'><strong>munere</strong></span> <span class='ocrx_word' id='word_1_250' title='bbox 513 2961 721 3033; x_wconf 85' lang='lat' dir='ltr'><strong>perceperat,</strong></span> <span class='ocrx_word' id='word_1_251' title='bbox 745 2971 839 3032; x_wconf 85' lang='lat' dir='ltr'><strong>quarn</strong></span> <span class='ocrx_word' id='word_1_252' title='bbox 855 2960 887 3011; x_wconf 91' lang='lat' dir='ltr'><strong>et</strong></span> <span class='ocrx_word' id='word_1_253' title='bbox 903 2955 989 3032; x_wconf 91' lang='lat' dir='ltr'><strong>quod</strong></span> <span class='ocrx_word' id='word_1_254' title='bbox 1012 2978 1070 3036; x_wconf 88' lang='lat' dir='ltr'><strong>per</strong></span> <span class='ocrx_word' id='word_1_255' title='bbox 1089 2980 1170 3020; x_wconf 79' lang='lat' dir='ltr'><strong>ren.</strong></span> 
     </span>
     <span class='ocr_line' id='line_1_32' title="bbox 69 3032 1169 3117; baseline 0.002 -22"><span class='ocrx_word' id='word_1_256' title='bbox 69 3036 223 3111; x_wconf 80' lang='lat' dir='ltr'><strong>ditionis,</strong></span> <span class='ocrx_word' id='word_1_257' title='bbox 246 3035 439 3113; x_wconf 89' lang='lat' dir='ltr'><strong>donationis,</strong></span> <span class='ocrx_word' id='word_1_258' title='bbox 460 3033 629 3108; x_wconf 86' lang='lat' dir='ltr'><strong>cessionis,</strong></span> <span class='ocrx_word' id='word_1_259' title='bbox 659 3032 913 3093; x_wconf 85' lang='lat' dir='ltr'><strong>commutationis</strong></span> <span class='ocrx_word' id='word_1_260' title='bbox 937 3035 1083 3117; x_wconf 87' lang='lat' dir='ltr'><strong>titulum,</strong></span> <span class='ocrx_word' id='word_1_261' title='bbox 1114 3043 1169 3102; x_wconf 84' lang='lat' dir='ltr'><strong>vel</strong></span> 
     </span>
     <span class='ocr_line' id='line_1_33' title="bbox 71 3115 1173 3202; baseline 0.005 -24"><span class='ocrx_word' id='word_1_262' title='bbox 71 3119 110 3178; x_wconf 92' lang='lat' dir='ltr'><strong>de</strong></span> <span class='ocrx_word' id='word_1_263' title='bbox 132 3118 228 3178; x_wconf 87' lang='lat' dir='ltr'><strong>alode</strong></span> <span class='ocrx_word' id='word_1_264' title='bbox 244 3128 412 3198; x_wconf 88' lang='lat' dir='ltr'><strong>parentum</strong></span> <span class='ocrx_word' id='word_1_265' title='bbox 429 3121 461 3177; x_wconf 92' lang='lat' dir='ltr'><strong>in</strong></span> <span class='ocrx_word' id='word_1_266' title='bbox 483 3135 677 3199; x_wconf 86' lang='lat' dir='ltr'><strong>quocunqne</strong></span> <span class='ocrx_word' id='word_1_267' title='bbox 703 3115 775 3174; x_wconf 89' lang='lat' dir='ltr'><strong>loco</strong></span> <span class='ocrx_word' id='word_1_268' title='bbox 799 3115 832 3172; x_wconf 91' lang='lat' dir='ltr'><strong>in</strong></span> <span class='ocrx_word' id='word_1_269' title='bbox 851 3136 951 3202; x_wconf 73' lang='lat' dir='ltr'><strong>pegno</strong></span> <span class='ocrx_word' id='word_1_270' title='bbox 974 3131 1082 3182; x_wconf 87' lang='lat' dir='ltr'><strong>nostro</strong></span> <span class='ocrx_word' id='word_1_271' title='bbox 1107 3126 1173 3184; x_wconf 35' lang='lat' dir='ltr'><strong>ali-⁷</strong></span> 
     </span>
     <span class='ocr_line' id='line_1_34' title="bbox 71 3193 1179 3281; baseline 0.008 -23"><span class='ocrx_word' id='word_1_272' title='bbox 71 3201 154 3280; x_wconf 87' lang='lat' dir='ltr'><strong>qnid</strong></span> <span class='ocrx_word' id='word_1_273' title='bbox 166 3200 366 3281; x_wconf 86' lang='lat' dir='ltr'><strong>possidebat,</strong></span> <span class='ocrx_word' id='word_1_274' title='bbox 388 3193 509 3260; x_wconf 90' lang='lat' dir='ltr'><strong>ibidem</strong></span> <span class='ocrx_word' id='word_1_275' title='bbox 531 3206 744 3258; x_wconf 86' lang='lat' dir='ltr'><strong>concrematas</strong></span> <span class='ocrx_word' id='word_1_276' title='bbox 766 3197 909 3261; x_wconf 90' lang='lat' dir='ltr'><strong>fuissent.</strong></span> <span class='ocrx_word' id='word_1_277' title='bbox 960 3203 1053 3262; x_wconf 90' lang='lat' dir='ltr'><strong>Unde</strong></span> <span class='ocrx_word' id='word_1_278' title='bbox 1076 3209 1179 3266; x_wconf 41' lang='lat' dir='ltr'><strong>‘reta-¹</strong></span> 
     </span>
     <span class='ocr_line' id='line_1_35' title="bbox 70 3280 1169 3370; baseline 0.005 -28"><span class='ocrx_word' id='word_1_279' title='bbox 70 3286 193 3342; x_wconf 88' lang='lat' dir='ltr'><strong>tionem</strong></span> <span class='ocrx_word' id='word_1_280' title='bbox 210 3282 368 3342; x_wconf 87' lang='lat' dir='ltr'><strong>bonorum</strong></span> <span class='ocrx_word' id='word_1_281' title='bbox 385 3282 554 3342; x_wconf 90' lang='lat' dir='ltr'><strong>hominum</strong></span> <span class='ocrx_word' id='word_1_282' title='bbox 570 3280 715 3355; x_wconf 77' lang='lat' dir='ltr'><strong>manibus</strong></span> <span class='ocrx_word' id='word_1_283' title='bbox 735 3281 929 3362; x_wconf 83' lang='lat' dir='ltr'><strong>roboratam,</strong></span> <span class='ocrx_word' id='word_1_284' title='bbox 964 3286 1104 3363; x_wconf 90' lang='lat' dir='ltr'><strong>qualiter</strong></span> <span class='ocrx_word' id='word_1_285' title='bbox 1122 3289 1169 3370; x_wconf 92' lang='lat' dir='ltr'><strong>ip-</strong></span> 
     </span>
     <span class='ocr_line' id='line_1_36' title="bbox 71 3362 1246 3446; baseline 0.008 -24"><span class='ocrx_word' id='word_1_286' title='bbox 71 3365 111 3425; x_wconf 92' lang='lat' dir='ltr'><strong>sis</strong></span> <span class='ocrx_word' id='word_1_287' title='bbox 133 3366 179 3423; x_wconf 88' lang='lat' dir='ltr'><strong>ita</strong></span> <span class='ocrx_word' id='word_1_288' title='bbox 200 3365 362 3446; x_wconf 88' lang='lat' dir='ltr'><strong>cognitum</strong></span> <span class='ocrx_word' id='word_1_289' title='bbox 378 3365 441 3441; x_wconf 90' lang='lat' dir='ltr'><strong>sit,</strong></span> <span class='ocrx_word' id='word_1_290' title='bbox 462 3362 617 3445; x_wconf 80' lang='lat' dir='ltr'><strong>suggessit</strong></span> <span class='ocrx_word' id='word_1_291' title='bbox 649 3363 760 3438; x_wconf 92' lang='lat' dir='ltr'><strong>nobis,</strong></span> <span class='ocrx_word' id='word_1_292' title='bbox 784 3372 817 3421; x_wconf 84' lang='lat' dir='ltr'><strong>et</strong></span> <span class='ocrx_word' id='word_1_293' title='bbox 834 3363 970 3443; x_wconf 91' lang='lat' dir='ltr'><strong>protulit</strong></span> <span class='ocrx_word' id='word_1_294' title='bbox 993 3388 1167 3430; x_wconf 86' lang='lat' dir='ltr'><strong>recenseo·</strong></span> <span class='ocrx_word' id='word_1_295' title='bbox 1244 3419 1246 3431; x_wconf 93' lang='lat'>.</span> 
     </span>
     <span class='ocr_line' id='line_1_37' title="bbox 71 3443 1166 3530; baseline 0.007 -26"><span class='ocrx_word' id='word_1_296' title='bbox 71 3447 160 3517; x_wconf 83' lang='lat' dir='ltr'><strong>dan13</strong></span> <span class='ocrx_word' id='word_1_297' title='bbox 184 3457 216 3508; x_wconf 91' lang='lat' dir='ltr'><strong>et</strong></span> <span class='ocrx_word' id='word_1_298' title='bbox 234 3467 343 3506; x_wconf 88' lang='lat' dir='ltr'><strong>omnes</strong></span> <span class='ocrx_word' id='word_1_299' title='bbox 358 3467 407 3506; x_wconf 90' lang='lat' dir='ltr'><strong>res</strong></span> <span class='ocrx_word' id='word_1_300' title='bbox 429 3469 498 3506; x_wconf 88' lang='lat' dir='ltr'><strong>suas</strong></span> <span class='ocrx_word' id='word_1_301' title='bbox 524 3445 611 3504; x_wconf 91' lang='lat' dir='ltr'><strong>unde</strong></span> <span class='ocrx_word' id='word_1_302' title='bbox 643 3443 710 3526; x_wconf 88' lang='lat' dir='ltr'><strong>ipsa</strong></span> <span class='ocrx_word' id='word_1_303' title='bbox 741 3445 950 3504; x_wconf 89' lang='lat' dir='ltr'><strong>instrumenta</strong></span> <span class='ocrx_word' id='word_1_304' title='bbox 979 3451 1166 3530; x_wconf 85' lang='lat' dir='ltr'><strong>perierunt,</strong></span> 
     </span>
     <span class='ocr_line' id='line_1_38' title="bbox 70 3527 1166 3612; baseline 0.01 -28"><span class='ocrx_word' id='word_1_305' title='bbox 70 3529 189 3608; x_wconf 85' lang='lat' dir='ltr'><strong>absque</strong></span> <span class='ocrx_word' id='word_1_306' title='bbox 206 3529 304 3589; x_wconf 92' lang='lat' dir='ltr'><strong>ullius</strong></span> <span class='ocrx_word' id='word_1_307' title='bbox 336 3528 582 3611; x_wconf 89' lang='lat' dir='ltr'><strong>inquietudine,</strong></span> <span class='ocrx_word' id='word_1_308' title='bbox 617 3527 701 3586; x_wconf 89' lang='lat' dir='ltr'><strong>sicut</strong></span> <span class='ocrx_word' id='word_1_309' title='bbox 728 3535 759 3586; x_wconf 88' lang='lat' dir='ltr'><strong>et</strong></span> <span class='ocrx_word' id='word_1_310' title='bbox 796 3535 888 3586; x_wconf 89' lang='lat' dir='ltr'><strong>antea</strong></span> <span class='ocrx_word' id='word_1_311' title='bbox 919 3529 1015 3602; x_wconf 84' lang='lat' dir='ltr'><strong>lecit,</strong></span> <span class='ocrx_word' id='word_1_312' title='bbox 1037 3534 1166 3612; x_wconf 85' lang='lat' dir='ltr'><strong>quietus</strong></span> 
     </span>
     <span class='ocr_line' id='line_1_39' title="bbox 67 3607 1164 3692; baseline 0.005 -22"><span class='ocrx_word' id='word_1_313' title='bbox 67 3611 231 3690; x_wconf 88' lang='lat' dir='ltr'><strong>possidere</strong></span> <span class='ocrx_word' id='word_1_314' title='bbox 255 3611 393 3682; x_wconf 82' lang='lat' dir='ltr'><strong>videtur.</strong></span> <span class='ocrx_word' id='word_1_315' title='bbox 435 3611 500 3670; x_wconf 86' lang='lat' dir='ltr'><strong>Sed</strong></span> <span class='ocrx_word' id='word_1_316' title='bbox 517 3631 574 3692; x_wconf 91' lang='lat' dir='ltr'><strong>pro</strong></span> <span class='ocrx_word' id='word_1_317' title='bbox 600 3607 756 3676; x_wconf 88' lang='lat' dir='ltr'><strong>firmitatis</strong></span> <span class='ocrx_word' id='word_1_318' title='bbox 774 3609 916 3668; x_wconf 86' lang='lat' dir='ltr'><strong>studium</strong></span> <span class='ocrx_word' id='word_1_319' title='bbox 938 3612 1029 3690; x_wconf 81' lang='lat' dir='ltr'><strong>petiit</strong></span> <span class='ocrx_word' id='word_1_320' title='bbox 1044 3636 1164 3676; x_wconf 85' lang='lat' dir='ltr'><strong>memo·</strong></span> 
     </span>
     <span class='ocr_line' id='line_1_40' title="bbox 68 3692 1165 3778; baseline 0.009 -29"><span class='ocrx_word' id='word_1_321' title='bbox 68 3702 156 3752; x_wconf 89' lang='lat' dir='ltr'><strong>ratus</strong></span> <span class='ocrx_word' id='word_1_322' title='bbox 177 3693 232 3753; x_wconf 89' lang='lat' dir='ltr'><strong>ille</strong></span> <span class='ocrx_word' id='word_1_323' title='bbox 248 3702 283 3753; x_wconf 89' lang='lat' dir='ltr'><strong>ut</strong></span> <span class='ocrx_word' id='word_1_324' title='bbox 301 3714 358 3776; x_wconf 91' lang='lat' dir='ltr'><strong>per</strong></span> <span class='ocrx_word' id='word_1_325' title='bbox 371 3701 477 3753; x_wconf 87' lang='lat' dir='ltr'><strong>nostra</strong></span> <span class='ocrx_word' id='word_1_326' title='bbox 492 3692 679 3751; x_wconf 89' lang='lat' dir='ltr'><strong>auctoritate</strong></span> <span class='ocrx_word' id='word_1_327' title='bbox 696 3711 806 3750; x_wconf 90' lang='lat' dir='ltr'><strong>omnes</strong></span> <span class='ocrx_word' id='word_1_328' title='bbox 820 3713 871 3751; x_wconf 88' lang='lat' dir='ltr'><strong>res</strong></span> <span class='ocrx_word' id='word_1_329' title='bbox 892 3715 973 3769; x_wconf 83' lang='lat' dir='ltr'><strong>suas,</strong></span> <span class='ocrx_word' id='word_1_330' title='bbox 995 3704 1058 3755; x_wconf 88' lang='lat' dir='ltr'><strong>tam</strong></span> <span class='ocrx_word' id='word_1_331' title='bbox 1077 3701 1165 3778; x_wconf 91' lang='lat' dir='ltr'><strong>quod</strong></span> 
     </span>
     <span class='ocr_line' id='line_1_41' title="bbox 69 3773 1165 3856; baseline 0.009 -24"><span class='ocrx_word' id='word_1_332' title='bbox 69 3775 158 3854; x_wconf 88' lang='lat' dir='ltr'><strong>regio</strong></span> <span class='ocrx_word' id='word_1_333' title='bbox 180 3796 333 3850; x_wconf 90' lang='lat' dir='ltr'><strong>munere,</strong></span> <span class='ocrx_word' id='word_1_334' title='bbox 356 3797 449 3856; x_wconf 87' lang='lat' dir='ltr'><strong>quam</strong></span> <span class='ocrx_word' id='word_1_335' title='bbox 464 3775 552 3855; x_wconf 90' lang='lat' dir='ltr'><strong>quod</strong></span> <span class='ocrx_word' id='word_1_336' title='bbox 567 3795 625 3854; x_wconf 91' lang='lat' dir='ltr'><strong>per</strong></span> <span class='ocrx_word' id='word_1_337' title='bbox 636 3773 864 3850; x_wconf 58' lang='lat' dir='ltr'><strong>&#39;venditionis,</strong></span> <span class='ocrx_word' id='word_1_338' title='bbox 888 3774 1081 3855; x_wconf 86' lang='lat' dir='ltr'><strong>donationis,</strong></span> <span class='ocrx_word' id='word_1_339' title='bbox 1099 3801 1165 3842; x_wconf 88' lang='lat' dir='ltr'><strong>ces-</strong></span> 
     </span>
     <span class='ocr_line' id='line_1_42' title="bbox 71 3855 1164 3944; baseline 0.008 -30"><span class='ocrx_word' id='word_1_340' title='bbox 71 3855 178 3932; x_wconf 86' lang='lat' dir='ltr'><strong>sionis,</strong></span> <span class='ocrx_word' id='word_1_341' title='bbox 202 3859 521 3938; x_wconf 88' lang='lat' dir='ltr'><strong>commutationisque</strong></span> <span class='ocrx_word' id='word_1_342' title='bbox 542 3857 684 3932; x_wconf 87' lang='lat' dir='ltr'><strong>titulum,</strong></span> <span class='ocrx_word' id='word_1_343' title='bbox 700 3856 751 3914; x_wconf 86' lang='lat' dir='ltr'><strong>vel</strong></span> <span class='ocrx_word' id='word_1_344' title='bbox 768 3855 894 3936; x_wconf 88' lang='lat' dir='ltr'><strong>reliqua</strong></span> <span class='ocrx_word' id='word_1_345' title='bbox 912 3857 1003 3918; x_wconf 83' lang='lat' dir='ltr'><strong>alode</strong></span> <span class='ocrx_word' id='word_1_346' title='bbox 1019 3863 1058 3920; x_wconf 86' lang='lat' dir='ltr'><strong>ad</strong></span> <span class='ocrx_word' id='word_1_347' title='bbox 1074 3885 1164 3944; x_wconf 87' lang='lat' dir='ltr'><strong>prae·</strong></span> 
     </span>
     <span class='ocr_line' id='line_1_43' title="bbox 71 3938 1209 4022; baseline 0.007 -26"><span class='ocrx_word' id='word_1_348' title='bbox 71 3958 140 3998; x_wconf 84' lang='lat' dir='ltr'><strong>sens</strong></span> <span class='ocrx_word' id='word_1_349' title='bbox 162 3961 234 3998; x_wconf 89' lang='lat' dir='ltr'><strong>eum</strong></span> <span class='ocrx_word' id='word_1_350' title='bbox 251 3939 421 4019; x_wconf 46' lang='lat' dir='ltr'><strong>*aequitatis</strong></span> <span class='ocrx_word' id='word_1_351' title='bbox 438 3939 550 3999; x_wconf 89' lang='lat' dir='ltr'><strong>ordine</strong></span> <span class='ocrx_word' id='word_1_352' title='bbox 570 3938 699 4020; x_wconf 84' lang='lat' dir='ltr'><strong>quietus</strong></span> <span class='ocrx_word' id='word_1_353' title='bbox 713 3939 870 4018; x_wconf 90' lang='lat' dir='ltr'><strong>possedit,</strong></span> <span class='ocrx_word' id='word_1_354' title='bbox 896 3939 1164 4022; x_wconf 49' lang='lat' dir='ltr'><strong>deincepsin&#39;siu·</strong></span> <span class='ocrx_word' id='word_1_355' title='bbox 1206 3951 1209 3956; x_wconf 82' lang='lat'>&#39;</span> 
     </span>
     <span class='ocr_line' id='line_1_44' title="bbox 69 4021 1164 4108; baseline 0.007 -32"><span class='ocrx_word' id='word_1_356' title='bbox 69 4039 103 4076; x_wconf 88' lang='lat' dir='ltr'><strong>re</strong></span> <span class='ocrx_word' id='word_1_357' title='bbox 127 4030 158 4079; x_wconf 91' lang='lat' dir='ltr'><strong>et</strong></span> <span class='ocrx_word' id='word_1_358' title='bbox 173 4022 472 4082; x_wconf 88' lang='lat' dir='ltr'><strong>dominationeeius</strong></span> <span class='ocrx_word' id='word_1_359' title='bbox 494 4021 682 4080; x_wconf 87' lang='lat' dir='ltr'><strong>confirmare</strong></span> <span class='ocrx_word' id='word_1_360' title='bbox 708 4021 905 4080; x_wconf 86' lang='lat' dir='ltr'><strong>deberemus.</strong></span> <span class='ocrx_word' id='word_1_361' title='bbox 948 4023 1049 4086; x_wconf 92' lang='lat' dir='ltr'><strong>Cuius</strong></span> <span class='ocrx_word' id='word_1_362' title='bbox 1079 4028 1164 4108; x_wconf 87' lang='lat' dir='ltr'><strong>peti-</strong></span> 
     </span>
     <span class='ocr_line' id='line_1_45' title="bbox 72 4101 1162 4189; baseline 0.011 -31"><span class='ocrx_word' id='word_1_363' title='bbox 72 4101 189 4162; x_wconf 88' lang='lat' dir='ltr'><strong>tionem</strong></span> <span class='ocrx_word' id='word_1_364' title='bbox 201 4105 332 4184; x_wconf 82' lang='lat' dir='ltr'><strong>gratanti</strong></span> <span class='ocrx_word' id='word_1_365' title='bbox 350 4105 456 4163; x_wconf 87' lang='lat' dir='ltr'><strong>animo</strong></span> <span class='ocrx_word' id='word_1_366' title='bbox 476 4103 667 4185; x_wconf 86' lang='lat' dir='ltr'><strong>praestitisse</strong></span> <span class='ocrx_word' id='word_1_367' title='bbox 680 4103 949 4163; x_wconf 34' lang='lat' dir='ltr'><strong>veltconfirrnasse</strong></span> <span class='ocrx_word' id='word_1_368' title='bbox 967 4109 1162 4189; x_wconf 84' lang='lat' dir='ltr'><strong>cognoscite.</strong></span> 
     </span>
     <span class='ocr_line' id='line_1_46' title="bbox 69 4180 1164 4268; baseline 0.013 -30"><span class='ocrx_word' id='word_1_369' title='bbox 69 4180 304 4266; x_wconf 87' lang='lat' dir='ltr'><strong>Praecipientes</strong></span> <span class='ocrx_word' id='word_1_370' title='bbox 319 4207 395 4268; x_wconf 87' lang='lat' dir='ltr'><strong>ergo</strong></span> <span class='ocrx_word' id='word_1_371' title='bbox 415 4187 560 4246; x_wconf 89' lang='lat' dir='ltr'><strong>iubemus</strong></span> <span class='ocrx_word' id='word_1_372' title='bbox 580 4196 615 4247; x_wconf 92' lang='lat' dir='ltr'><strong>ut</strong></span> <span class='ocrx_word' id='word_1_373' title='bbox 630 4185 787 4266; x_wconf 80' lang='lat' dir='ltr'><strong>quiequid</strong></span> <span class='ocrx_word' id='word_1_374' title='bbox 807 4197 999 4246; x_wconf 88' lang='lat' dir='ltr'><strong>memoratus</strong></span> <span class='ocrx_word' id='word_1_375' title='bbox 1025 4191 1164 4252; x_wconf 80' lang='lat' dir='ltr'><strong>illatam</strong></span> 
     </span>
     <span class='ocr_line' id='line_1_47' title="bbox 72 4260 1163 4355; baseline 0.01 -30"><span class='ocrx_word' id='word_1_376' title='bbox 72 4260 227 4347; x_wconf 87' lang='lat' dir='ltr'><strong>interris,</strong></span> <span class='ocrx_word' id='word_1_377' title='bbox 251 4269 415 4348; x_wconf 89' lang='lat' dir='ltr'><strong>domibus,</strong></span> <span class='ocrx_word' id='word_1_378' title='bbox 438 4267 610 4346; x_wconf 88' lang='lat' dir='ltr'><strong>aediliciis,</strong></span> <span class='ocrx_word' id='word_1_379' title='bbox 632 4267 816 4345; x_wconf 86' lang='lat' dir='ltr'><strong>accolabus,</strong></span> <span class='ocrx_word' id='word_1_380' title='bbox 838 4268 1024 4353; x_wconf 87' lang='lat' dir='ltr'><strong>mancipiis,</strong></span> <span class='ocrx_word' id='word_1_381' title='bbox 1048 4275 1163 4355; x_wconf 76' lang='lat' dir='ltr'><strong>tineis,</strong></span> 
     </span>
    </p>
   </div>
   <div class='ocr_carea' id='block_1_8' title="bbox 747 4387 848 4463">
    <p class='ocr_par' dir='ltr' id='par_1_8' title="bbox 747 4387 848 4463">
     <span class='ocr_line' id='line_1_48' title="bbox 747 4387 848 4463; baseline 0.099 -12"><span class='ocrx_word' id='word_1_382' title='bbox 747 4387 848 4463; x_wconf 21' lang='lat'><strong>,20</strong></span> 
     </span>
    </p>
   </div>
   <div class='ocr_carea' id='block_1_9' title="bbox 0 0 1361 4992">
    <p class='ocr_par' dir='ltr' id='par_1_9' title="bbox 0 0 1361 4992">
     <span class='ocr_line' id='line_1_49' title="bbox 0 0 1361 4992; baseline 0 0"><span class='ocrx_word' id='word_1_383' title='bbox 0 0 1361 4992; x_wconf 95' lang='lat' dir='ltr'><strong> </strong></span> 
     </span>
    </p>
   </div>
  </div>
 </body>
</html>
