2786 4980
246 329 274 381 a.
293 327 369 398 can.
470 323 595 378 annun
629 321 851 378 rainconun
965 325 1026 380 sao.
1140 306 1188 382 81

118 479 180 533 teste
197 465 374 548 Evangelio,
395 475 521 548 tempus
540 463 686 542 ficorum,
709 463 799 524 aliud
824 461 968 523 voluerit
991 463 1185 554 siguificare,

118 557 193 615 itaet
219 549 249 610 in
279 551 340 609 hoc
365 547 459 614 citato
491 556 523 607 et
537 547 717 629 incongruo
745 555 919 622 conventu,
942 556 1064 608 remota
1090 549 1189 610 domi-

115 631 229 696 nationis
248 642 369 692 vestrae
394 629 595 707 sinceritate,
627 630 754 711 deque
777 628 860 687 nihil
883 636 995 687 contra
1014 631 1189 712 puritatem

113 718 236 777 volumus
259 723 445 789 autumare,
466 712 529 771 alia
545 711 702 792 quaedam
725 710 848 793 possint
862 709 1013 790 intelligi,
1055 713 1097 773 Et
1112 716 1190 794 quia

112 800 203 859 beatus
216 798 327 857 Petrus
345 816 472 855 omnem
489 802 600 854 monet
615 794 812 876 Episcopum
826 801 863 851 ut
878 802 1006 874 paratus
1021 793 1062 854 sit
1084 796 1124 854 ad
1144 819 1190 858 sa·

112 877 299 941 tisfactionem
326 877 412 937 omni
438 875 582 958 poscenti
610 897 643 936 se
667 876 848 952 rationem,
882 895 963 956 quam
988 897 1076 936 nunc
1103 878 1189 940 vide·

113 982 235 1044 mns,pro
248 968 390 1044 tempore
399 959 510 1021 (lamus
522 957 662 1019 fideliter
678 957 889 1018 dominationi
901 965 1024 1018 vestrae
1039 960 1183 1021 consilia.

117 1091 169 1171 (Ut
185 1089 347 1154 consideret
363 1109 423 1150 cnr
444 1090 476 1148 in
485 1086 605 1169 fratris
628 1107 757 1166 regnum
779 1089 909 1161 venerit,
940 1102 970 1149 et
990 1103 1096 1152 utrum
1113 1093 1191 1154 telin

380 1172 534 1231 sustinere
556 1170 647 1242 velit,
662 1169 769 1252 qualia
781 1168 896 1250 feeit.)

183 1285 230 1350 IV.
266 1286 379 1350 Primo
399 1285 531 1367 quidem
545 1284 579 1345 iu
602 1284 669 1368 ipsa
684 1285 792 1346 radice
807 1285 912 1346 cordis
927 1286 1106 1348 adventum
1125 1313 1194 1352 ves·
1262 1357 1265 1364 ,

118 1380 184 1431 unm
197 1372 224 1430 in
242 1370 303 1433 boc
318 1390 458 1450 regnum
473 1367 641 1452 inspicite,
663 1377 697 1428 et
712 1387 819 1428 coram
838 1368 941 1429 oculis
958 1370 1110 1449 Domini,
1142 1373 1195 1434 cui

115 1453 265 1514 seeundum
292 1449 494 1516 Psalmistam
516 1450 666 1532 cogitatio
688 1448 828 1510 hominis
854 1449 1045 1530 confitetur,
1078 1463 1195 1516 statera

114 1535 255 1616 aequitatis
274 1535 473 1618 ponderate;
505 1542 539 1593 et
567 1532 726 1614 quicquid
753 1531 931 1593 hortatores
959 1543 992 1595 et
1014 1537 1214 1618 consiliarii*

113 1639 142 1676 ae
161 1618 330 1687 laudatores
346 1616 443 1675 vestri
461 1616 552 1676 vobis
571 1615 690 1691 dicant,
707 1614 755 1675 ad'
767 1637 823 1674 cor
842 1616 964 1686 redite;
988 1626 1021 1678 et
1036 1618 1196 1701 quicquid

114 1698 145 1758 ad
164 1700 390 1760 accusationem
410 1707 441 1758 et
465 1697 776 1758 commendationem
800 1698 957 1759 adventus
978 1701 1077 1760 vestri
1101 1703 1197 1762 inve·

115 1781 170 1841 nire
192 1792 220 1842 et
248 1781 358 1842 dicere
385 1779 575 1862 potueritis,
597 1789 735 1840 vestram
763 1779 993 1840 conscientiam
1017 1783 1197 1866 interroga-

115 1871 157 1940 te,
179 1873 205 1924 et
228 1865 253 1924 si
275 1863 355 1923 talia
380 1863 539 1923 sustinere
564 1862 662 1924 vultis
687 1862 796 1942 qualia
825 1862 940 1938 facitis,
963 1864 1114 1927 iudicate.
1155 1868 1198 1926 Et

117 1943 303 2007 illamhoram
323 1965 422 2024 quam
443 1944 523 2006 certi
542 1945 617 2005 estis
641 1944 718 2026 quia
744 1945 836 2004 nullo
860 1945 955 2005 modo
976 1948 1122 2028 poteritis
1147 1951 1191 2008 ef·

115 2027 219 2106 fugere,
239 2027 373 2111 quando
394 2029 500 2087 anima
520 2035 626 2087 vestra
647 2029 687 2088 de
703 2048 837 2107 corpore
863 2027 961 2104 exiet,
983 2039 1057 2090 ante
1078 2030 1196 2092 mentis

115 2108 203 2170 oeulos
214 2112 337 2194 ponite,
363 2110 493 2191 quando
513 2118 616 2169 totum
636 2109 792 2168 mundum
812 2118 843 2170 et
861 2131 989 2170 omnem
1006 2120 1197 2193 potestatem

114 2199 139 2250 et
155 2211 251 2254 omnes
272 2194 415 2269 divitias,
438 2203 470 2252 et
489 2192 595 2273 ipsum
618 2213 733 2273 corpus
756 2191 971 2272 derelinquet,
994 2204 1025 2254 et
1048 2194 1117 2256 sine
1140 2196 1198 2256 ad-

113 2271 212 2335 iutorio
229 2275 340 2336 uxoris
356 2298 392 2336 ac
410 2275 561 2352 filiorum,
583 2282 615 2334 et
632 2275 701 2335 sine
716 2275 829 2333 solatio
852 2284 883 2332 et
906 2275 1058 2336 comitatu
1073 2277 1198 2338 drudo-

112 2375 170 2414 rum
185 2367 274 2438 atque
290 2379 458 2420 vassorum
471 2358 557 2417 nuda
573 2366 605 2416 et
618 2355 757 2418 desolata
770 2357 879 2433 exibit,
891 2366 922 2416 et
938 2357 1095 2439 quicquid
1114 2360 1200 2442 cogi·

111 2437 177 2500 tavit
187 2449 215 2500 et
227 2441 339 2500 ordina
361 2463 378 2501 e
394 2439 559 2524 disposuit,
574 2439 732 2500 infectum
743 2439 891 2515 dimittet,
904 2439 987 2499 sicut
1001 2441 1080 2501 dicit
1093 2445 1199 2523 Scrip-
1234 2451 1241 2462 ‘

111 2528 183 2579 tura:
199 2523 237 2581 In
249 2523 307 2582 itta
324 2464 377 2582 die
395 2523 543 2606 peribunt
560 2521 664 2583 omnes
678 2522 878 2597 cogitationes
893 2543 1010 2592 eorsum
1025 2533 1057 2582 et
1074 2523 1200 2584 videbit

111 2602 339 2684 omniapeccata
350 2627 407 2665 sua
422 2614 454 2665 et
467 2599 594 2680 sentiet,
608 2603 722 2665 videns
737 2602 879 2662 diabolos
892 2623 925 2662 se
940 2605 1198 2685 constringentes

110 2693 135 2744 et
153 2695 337 2764 coartantes,
360 2697 392 2747 et
410 2687 571 2768 quidquid
587 2694 700 2745 contra
714 2685 880 2744 caritatem
895 2692 927 2744 et
948 2685 1045 2744 fidem
1058 2687 1199 2748 debitam

110 2765 258 2846 cogitavit,
280 2769 493 2850 parabolavit,
516 2768 645 2829 etfacit
665 2769 699 2826 in
723 2767 783 2828 isto
806 2767 933 2843 secula,
956 2777 988 2827 et
1004 2790 1064 2851 per
1083 2769 1196 2850 dignos

107 2848 308 2927 poeniteutiae
324 2853 449 2912 fructus
471 2872 537 2911 non
559 2849 752 2925 emendavit,
776 2858 850 2908 ante
871 2848 981 2910 oculos
997 2871 1123 2932 semper
1143 2851 1199 2911 ha-

109 2929 201 3009 bebit,
219 2943 249 2992 et
275 2935 423 3014 effugere
443 2933 540 3010 volet,
570 2943 602 2994 et
628 2954 693 2992 non
715 2931 842 2994 valebit.
897 2933 976 2991 Nam
999 2942 1124 2994 certum
1150 2942 1198 2994 est

107 3013 171 3094 qaia
190 3015 227 3074 ad
254 3030 368 3075 omnes
393 3013 561 3093 homines,
590 3015 719 3097 quando
747 3015 959 3096 egrediuntur
980 3015 1019 3076 de
1050 3037 1196 3100 corpore,

106 3095 225 3156 veniunt
244 3096 388 3175 diaboli,
414 3106 448 3159 et
469 3097 508 3158 ad
529 3097 638 3173 iustos,
661 3104 694 3156 et
717 3096 756 3156 ad
779 3107 982 3178 peccatores:
1010 3099 1066 3159 sed
1098 3109 1130 3160 et
1156 3100 1196 3160 ad

107 3176 197 3256 ipsum
220 3179 384 3239 Christum
410 3178 522 3256 venit,
553 3180 586 3238 in
614 3200 679 3260 quo
709 3201 802 3240 suum
827 3181 909 3240 nihil
937 3179 1080 3259 invenit,
1113 3182 1196 3244 sicut

107 3259 245 3340 scriptum
269 3271 332 3322 esta
365 3260 459 3323 Venit
486 3264 639 3344 Princeps
664 3263 754 3320 hrains
779 3263 906 3336 uerendi,
936 3275 967 3320 et
998 3265 1030 3321 in
1054 3285 1102 3324 me
1131 3287 1196 3325 non

107 3339 185 3400 tiabat
207 3344 382 3425 quicquam.
424 3344 466 3404 Et
487 3345 582 3404 crede
605 3343 696 3404 nobis
712 3344 878 3420 veraciter,
895 3345 963 3402 Rex
979 3345 1102 3404 utinam
1116 3367 1196 3408 sem-

106 3442 155 3502 per
175 3423 259 3486 bone
283 3433 314 3484 et
338 3425 540 3502 Christiane,
566 3445 627 3486 nee
654 3427 750 3506 louge
784 3433 854 3501 ost,
884 3424 939 3499 sed
964 3427 1037 3486 satis
1061 3437 1094 3487 et
1121 3428 1195 3509 plus
1260 3501 1261 3508 ἵ

108 3525 190 3584 quam
208 3517 373 3588 speretur,
394 3529 493 3590 prope
515 3506 574 3567 tibi
597 3516 644 3568 est
669 3509 724 3568 illa
750 3508 837 3564 hora.
878 3507 1053 3586 Propterea
1075 3530 1140 3568 non
1163 3518 1195 3570 te

108 3585 247 3648 seducant
268 3587 327 3649 ista
353 3611 434 3670 quae
461 3587 559 3650 vides.
601 3591 638 3649 In
664 3599 807 3668 tempore
835 3587 955 3669 quippe
978 3589 1075 3670 patris
1098 3590 1196 3651 vestri

107 3667 230 3730 vidimus
254 3691 314 3752 per
341 3671 465 3752 aliquos
484 3671 612 3753 incepta
633 3682 664 3733 et
688 3673 772 3730 facta
795 3692 877 3750 qaaere
901 3671 1098 3751 intempore
1122 3672 1194 3750 ist0,

106 3769 155 3826 per
177 3752 251 3814 istos
271 3753 328 3833 qui
345 3753 403 3814 ista
424 3753 612 3830 conficiunt,
636 3754 782 3815 videmus
805 3753 886 3830 fieri,
910 3761 941 3811 et
963 3773 1022 3832 per
1043 3752 1122 3814 alios
1150 3752 1195 3813 vi-

108 3829 257 3894 debuntur
282 3835 445 3916 compleri.
493 3837 535 3896 Et
556 3836 685 3918 quaudo
716 3836 774 3894 tibi
806 3834 956 3894 adveniet
984 3833 1063 3892 hora
1090 3835 1194 3896 exitus

109 3911 157 3990 1111,
176 3917 259 3976 sicut
278 3917 385 3977 rident
407 3927 506 3995 nune,
529 3919 735 4000 quandoper
759 3927 790 3978 te
810 3917 958 3977 obtinent
978 3937 1060 3996 quae
1080 3918 1194 3978 volant

108 3990 136 4050 in
159 3995 236 4057 hora
260 3999 434 4060 voluntatis
454 4022 540 4078 suae,
562 4001 608 4062 sic
629 4000 781 4060 ridebunt
797 4009 829 4059 et
849 3999 883 4057 in
905 3998 984 4057 hora
1006 3998 1110 4060 exitus
1132 4000 1193 4076 tui,

109 4085 135 4134 et
152 4090 306 4159 quaerent
330 4081 491 4162 quomodo
509 4105 569 4164 per
594 4083 692 4143 alium
715 4091 847 4143 teneant
867 4103 948 4161 quae
968 4101 1026 4162 per
1050 4092 1082 4140 te
1109 4082 1195 4140 obti-

108 4171 252 4224 nuerunt..
288 4165 385 4241 Quod
405 4174 436 4224 ¹et
460 4164 531 4225 fieri
546 4175 650 4248 potest
670 4173 707 4224 ut
723 4166 852 4246 quidam
866 4165 961 4224 etiam
979 4173 1135 4242 quaerant
1160 4164 1194 4224 in

109 4246 238 4327 tempore
257 4253 322 4310 tue.
365 4247 476 4309 Sedet
493 4246 556 4330 illi,
580 4247 643 4312 nisi
664 4247 792 4329 dignam
807 4244 1042 4332 poenitentiam
1058 4247 1193 4328 egerint,
1245 4301 1247 4304 .

934 4359 957 4427 a
