2786 4980
218 329 247 383 l.
278 323 369 382 cira:
456 317 579 386 aranu
617 317 833 373 rmacoaura
945 320 1007 374 sse.
1148 299 1195 375 85

133 473 217 557 quiete
229 449 362 548 possint,
384 460 526 539 annuite.
547 459 609 521 Res
626 467 659 520 et
673 458 840 520 facultates
855 458 1098 538 ecclesiasticas,
1114 478 1195 544 quae

131 562 189 617 sunt
203 556 270 612 vota
286 543 448 620 fidelium,
468 543 572 625 pretia
584 551 804 623 peccatorum,
825 541 984 623 stipendia
1004 545 1196 605 ancillarum

130 646 313 696 etservorum
333 627 411 699 Dei,
437 624 623 706 depraedari
646 633 678 684 et
692 625 731 683 ab
747 624 902 684 Ecclesiis
925 626 1064 686 discindi
1093 626 1196 686 nolite

126 717 276 788 sustinere,
298 708 354 770 sed
372 707 521 782 fortiter,
551 715 586 764 ut
606 707 676 765 Rex
707 705 909 767 Christianus
926 717 957 767 et
978 709 1143 769 Ecclesiae
1162 730 1198 766 a-

93 848 95 853 .
123 803 249 869 lemnus,
280 791 415 852 resistite
442 799 538 868 atque
561 788 738 853 defendite.
783 792 831 848 De
861 790 979 869 quihus
1005 788 1197 852 consecratis

123 884 179 942 Deo
191 877 277 938 rebus
292 873 379 954 quod
406 872 523 932 habent
549 870 644 930 liberi
671 869 818 931 homines
839 872 992 933 Ecclesiis
1021 874 1198 936 servientes

123 985 171 1044 per
199 955 435 1038 dispositionem
461 955 636 1014 Rectorem
670 952 810 1033 ipsarum
842 954 1083 1031 Ecclesiarnm,
1123 955 1197 1014 ideo

125 1042 333 1104 constituerunt
348 1036 577 1117 Apostolorum
591 1056 788 1095 successores
809 1035 872 1096 hoe
894 1036 1048 1114 ordinari,
1069 1047 1105 1096 ut
1121 1036 1199 1118 quia

128 1131 269 1186 creverunt
292 1119 437 1180 fidelium
453 1129 542 1194 vota,
563 1127 596 1176 et
614 1117 824 1177 increverunt
836 1118 1016 1178 infidelium
1033 1121 1127 1196 mala,
1145 1141 1199 1178 au·

128 1216 231 1290 geretur
249 1225 308 1284 per
332 1201 602 1282 dispensationem
629 1200 877 1259 ecclesiasticam
903 1202 995 1283 regni
1019 1203 1133 1262 militia
1156 1202 1198 1261 ad

126 1287 307 1351 resistendam
323 1286 480 1342 malorum
498 1281 688 1362 nequitiam,
700 1290 859 1362 qnatenus
874 1283 958 1364 ipsae
975 1285 1198 1344 defensionem

125 1371 298 1432 haberentet
316 1387 440 1448 pacem,
456 1375 487 1424 et
503 1363 725 1436 Christianitas
744 1364 905 1426 obtineret
921 1367 1197 1445 tranquillitatem.

123 1457 299 1532 Quapropter
315 1449 402 1508 sicut
415 1457 447 1526 et
474 1447 548 1508 illae
567 1468 617 1507 res
638 1469 674 1505 ac
691 1447 859 1507 facultates
885 1448 923 1506 dc
943 1450 1060 1528 quihus
1083 1448 1199 1510 vivunt

122 1531 229 1608 Clerici,
242 1533 328 1591 itaet
342 1531 416 1590 illae
425 1529 482 1590 sub
492 1527 732 1589 consecratione
745 1529 952 1592 immunitatis
965 1540 1050 1607 sunt,
1070 1530 1110 1590 de
1122 1530 1200 1612 qui·-

119 1617 167 1678 bus
177 1615 284 1676 dehent
296 1613 436 1672 militare
459 1611 596 1681 vassalli;
613 1619 645 1670 et
661 1609 728 1691 pari
743 1611 880 1672 tuitione
905 1612 923 1672 t
939 1615 1027 1694 regia
1042 1620 1199 1694 potestate

120 1697 359 1758 inEcclesiarum
369 1694 476 1755 usibus
489 1693 609 1754 dehent
623 1693 754 1760 muniri.
764 1697 849 1773 Quia
866 1715 943 1756 vero
957 1695 1199 1756 KarolusPrin-

121 1778 324 1862 ceps,Pippini
337 1777 431 1858 Regis
445 1775 544 1859 pater,
561 1775 618 1856 qui
634 1778 755 1857 primus
773 1777 857 1837 inter
874 1799 984 1839 omnes
997 1781 1198 1839 Francorum

122 1862 203 1942 Reges
219 1882 252 1920 ac
272 1860 431 1939 Princeps
445 1857 723 1938 resEcclesiarum
742 1859 781 1919 ab
799 1860 844 1920 eis
859 1860 1017 1942 separavit
1035 1869 1130 1942 atque
1145 1860 1197 1920 di-

124 1943 200 2018 uisit,
216 1965 273 2021 pro
285 1942 353 2002 hoc
371 1942 439 2002 solo
456 1941 591 2018 maxime
616 1951 663 2001 est
686 1942 895 2002 aeternaliter
913 1943 1066 2024 perditus.
1116 1944 1197 2003 Nam

124 2025 149 2086 S.
164 2025 329 2084 Eucherius
345 2023 626 2083 Aurelianensium
637 2024 834 2105 Episcopus,
868 2025 978 2105 quiin
1002 2025 1197 2086 monasterio

122 2109 143 2167 S.
158 2107 303 2166 Trudonis
323 2105 514 2186 requiescit,
538 2105 571 2162 in
587 2106 730 2166 oratione
744 2107 864 2188 positus
880 2107 920 2166 ad
933 2108 1069 2168 alterurn
1082 2117 1129 2170 est
1144 2129 1197 2168 se-

120 2189 210 2248 culum
227 2199 359 2271 raptus,
383 2199 414 2250 et
430 2188 516 2247 inter
528 2198 652 2247 caetera
667 2210 749 2269 quae
772 2190 910 2248 Domino
928 2189 987 2250 sihi
1006 2190 1197 2250 ostendente

120 2271 276 2352 conspexit,
297 2269 384 2334 vidit
399 2269 492 2330 illum
511 2269 545 2328 in
562 2269 690 2329 inferno
710 2271 857 2332 inferiori
871 2272 1027 2352 torqueri.
1070 2273 1132 2332 Cui
1148 2272 1196 2331 in·

119 2355 283 2434 terroganti,
305 2352 349 2412 ah
364 2353 489 2434 Angelo
502 2351 570 2412 eius
585 2353 716 2412 eliretore
730 2375 917 2434 responsum
931 2364 988 2430 est,
1005 2354 1082 2435 quia
1095 2356 1198 2414 Sanc·
1244 2351 1249 2362 ’

119 2443 207 2495 lorum
218 2435 434 2512 iudicatione,
457 2433 513 2516 qui
536 2434 568 2493 in
586 2435 696 2493 futuro
716 2435 836 2496 iudicio
856 2459 929 2496 eum
945 2437 1085 2496 Domino
1109 2434 1197 2495 iudi·-

119 2517 235 2595 eahunt,
257 2514 528 2598 quorumqueres
542 2517 669 2576 abstulit
690 2527 721 2576 et
744 2517 874 2595 divisit,
904 2527 976 2578 ante
1001 2519 1084 2578 illud
1109 2516 1197 2576 iudi-

118 2599 189 2659 cium
202 2600 305 2659 anima
327 2609 360 2660 et
375 2621 509 2681 corpore
527 2599 728 2681 sempiternis
746 2602 858 2681 poenis
880 2608 928 2660 est
951 2600 1138 2682 deputatus,
1166 2607 1199 2658 et

117 2681 218 2763 recipit
234 2683 332 2742 simul
352 2703 426 2741 eum
439 2681 503 2742 suis
525 2681 662 2763 peccatis
676 2704 794 2761 poenas
810 2693 941 2764 propter
971 2692 1101 2762 peccata
1129 2703 1201 2741 om-

118 2764 194 2822 nium
207 2765 261 2845 qui
281 2785 336 2825 res
350 2786 421 2824 suas
437 2772 469 2823 et
492 2763 657 2824 facultates
674 2765 707 2823 in
729 2763 852 2824 honore
881 2775 912 2824 et
937 2786 1042 2825 amore
1067 2761 1200 2822 Domini

118 2847 150 2905 ad
166 2847 353 2908 Sanctorum
371 2846 450 2922 loca,
467 2845 499 2904 in
519 2845 731 2906 luminaribus
749 2846 852 2906 divini
871 2847 976 2908 cultus
990 2856 1023 2908 et
1039 2843 1200 2906 alimoniis

117 2949 265 2989 servorum
288 2927 411 2988 Christi
429 2949 464 2988 ac
488 2947 680 3008 pauperum,
702 2950 761 3009 pro
791 2929 968 2989 animarum
993 2951 1121 2990 suarum
1146 2949 1201 2987 re·

117 3009 284 3092 demptione
301 3011 513 3070 tradiderunt.
556 3009 620 3086 Qui
638 3010 672 3070 in
689 3031 721 3071 se
737 3032 882 3073 reversus
903 3022 1048 3073 sanctum
1068 3011 1200 3072 Bonifa-
1250 3027 1254 3034 ’

57 3109 59 3116 ’
117 3093 192 3152 cium
206 3101 236 3152 et
252 3091 448 3166 Fulradum‚
469 3091 623 3150 Abbatem
643 3093 827 3152 monasterii
848 3095 949 3156 saneti
977 3094 1145 3176 Dionysii,
1168 3101 1201 3153 et

117 3194 259 3234 summum
269 3174 481 3255 Capellanum
491 3174 585 3254 Regis
601 3174 731 3256 Pippini
745 3176 783 3234 ad
803 3191 835 3236 se
856 3179 1001 3254 vocavit,
1024 3177 1134 3258 eisque
1152 3184 1203 3235 tan

117 3254 270 3318 liadicens
291 3256 327 3315 in
349 3256 475 3338 signum
494 3256 585 3317 dedit
600 3267 636 3316 ut
652 3257 691 3317 ad
707 3259 913 3339 sepulchrum
931 3261 1019 3337 illius
1038 3259 1146 3336 irent,
1169 3267 1203 3318 et
1264 3290 1267 3294 ·

117 3338 140 3398 si
155 3361 265 3422 eorpus
284 3338 354 3400 eius
373 3339 491 3399 ibidem
512 3360 576 3398 non
594 3339 806 3420 reperissent,
829 3363 867 3401 ea
887 3364 968 3422 quae
986 3342 1122 3417 dicebat,
1148 3361 1203 3400 ve·

117 3441 225 3482 messe
246 3421 489 3482 concrederent.
531 3420 596 3504 Ipsi
618 3430 724 3482 autem
739 3433 907 3502 pergentes
937 3424 977 3483 ad
1001 3423 1201 3504 praedictum

118 3503 355 3578 monasterium,
378 3503 433 3562 ubi
448 3525 561 3584 corpus
582 3504 680 3584 ipsius
702 3504 813 3564 Karoli
831 3503 995 3564 humatum
1012 3506 1128 3579 fuerat,
1150 3523 1202 3564 se·

118 3585 344 3667 pulchrumque
364 3585 451 3646 illius
472 3585 671 3663 aperientes,
694 3585 781 3648 visus
795 3587 958 3647 estsubito
979 3585 1081 3646 exisse
1097 3587 1204 3660 draco,

120 3676 147 3728 et
168 3677 269 3727 totum
285 3667 369 3727 illud
384 3668 589 3749 sepulchrum
603 3668 739 3730 interius
751 3669 918 3727 inventum
932 3677 978 3727 est
990 3667 1203 3748 denigratum,

120 3769 149 3808 ac
164 3749 193 3810 si'
214 3749 329 3810 suisset
350 3761 505 3816 exustum.
541 3753 610 3811 Nos
634 3761 740 3810 autem
760 3750 833 3810 illos
858 3750 997 3810 vidimus
1021 3751 1077 3830 qui
1104 3770 1206 3828 usque

122 3831 155 3892 ((1
169 3841 308 3892 nostram
329 3843 462 3892 aetatem
487 3832 701 3912 duraverunt,
721 3833 779 3914 qui
794 3833 871 3894 huie
891 3833 939 3894 rei
962 3831 1206 3906 interfuerunt,

123 3915 249 3976 etnobis
269 3914 340 3974 viva
357 3935 435 3978 voce
458 3917 619 3976 veraciter
633 3925 709 3975 sunt
729 3917 830 3975 testati
853 3937 934 3996 quisae
958 3912 1133 3973 audierunt
1155 3920 1206 3970 at·
1289 3947 1291 3951 ,

123 4016 177 4075 que
193 3997 367 4059 uiderunt*
395 3997 491 4074 Quod
509 4019 704 4080 cognoscens
727 3998 895 4058 filiuseius
919 3994 1077 4076 Pippinus
1099 3995 1206 4074 Syno-

123 4077 189 4136 dum
202 4079 286 4160 apud
300 4078 440 4160 Liptinas
458 4080 646 4160 congregari
660 4081 756 4157 fecit,
779 4081 832 4140 eui
850 4080 990 4162 praefuit
1007 4097 1080 4136 eum
1096 4085 1207 4138 saneto

123 4158 426 4243 Bonifaeiolffegatus
446 4157 638 4244 apostolieae
660 4162 767 4240 Sedis,
791 4162 949 4244 Georgius
962 4158 1111 4230 nomine;
1135 4180 1209 4218 nam

125 4248 153 4301 et
172 4243 324 4326 synodum
337 4243 445 4330 ¹,ipsam
471 4245 641 4326 habemus,
673 4255 704 4306 et
732 4255 1020 4329 quantumcunque
1049 4241 1089 4304 de
1113 4241 1210 4310 rebus
