<?xml version="1.0" encoding="UTF-8"?>
<!DOCTYPE html PUBLIC "-//W3C//DTD XHTML 1.0 Transitional//EN"
    "http://www.w3.org/TR/xhtml1/DTD/xhtml1-transitional.dtd">
<html xmlns="http://www.w3.org/1999/xhtml" xml:lang="en" lang="en">
 <head>
  <title>
</title>
<meta http-equiv="Content-Type" content="text/html;charset=utf-8" />
  <meta name='ocr-system' content='tesseract 3.04.00' />
  <meta name='ocr-capabilities' content='ocr_page ocr_carea ocr_par ocr_line ocrx_word'/>
</head>
<body>
  <div class='ocr_page' id='page_1' title='image "./corpusiurisgerm01visigoog_0067.png"; bbox 0 0 2786 4980; ppageno 0'>
   <div class='ocr_carea' id='block_1_1' title="bbox 194 353 1129 439">
    <p class='ocr_par' dir='ltr' id='par_1_1' title="bbox 194 353 1129 439">
     <span class='ocr_line' id='line_1_1' title="bbox 194 353 1129 439; baseline -0.006 0"><span class='ocrx_word' id='word_1_1' title='bbox 194 363 245 439; x_wconf 78' lang='lat' dir='ltr'>st</span> <span class='ocrx_word' id='word_1_2' title='bbox 307 353 310 358; x_wconf 71' lang='grc'><strong><em>’</em></strong></span> <span class='ocrx_word' id='word_1_3' title='bbox 416 379 449 434; x_wconf 85' lang='lat' dir='ltr'>s.</span> <span class='ocrx_word' id='word_1_4' title='bbox 472 379 553 436; x_wconf 83' lang='lat' dir='ltr'>can.</span> <span class='ocrx_word' id='word_1_5' title='bbox 656 376 902 434; x_wconf 72' lang='lat' dir='ltr'>certaminis</span> <span class='ocrx_word' id='word_1_6' title='bbox 1018 377 1129 436; x_wconf 46' lang='lat' dir='ltr'>sss&#39;</span> 
     </span>
    </p>
   </div>
   <div class='ocr_carea' id='block_1_2' title="bbox 182 516 1308 769">
    <p class='ocr_par' dir='ltr' id='par_1_2' title="bbox 182 516 1308 769">
     <span class='ocr_line' id='line_1_2' title="bbox 194 516 1307 607; baseline -0.005 -21"><span class='ocrx_word' id='word_1_7' title='bbox 194 523 414 607; x_wconf 77' lang='lat' dir='ltr'><strong>investigent,</strong></span> <span class='ocrx_word' id='word_1_8' title='bbox 438 531 469 586; x_wconf 88' lang='lat' dir='ltr'>et</span> <span class='ocrx_word' id='word_1_9' title='bbox 494 519 587 582; x_wconf 83' lang='lat' dir='ltr'>nobis</span> <span class='ocrx_word' id='word_1_10' title='bbox 610 519 821 598; x_wconf 76' lang='lat' dir='ltr'>renuntient,</span> <span class='ocrx_word' id='word_1_11' title='bbox 855 528 893 580; x_wconf 87' lang='lat' dir='ltr'>ut</span> <span class='ocrx_word' id='word_1_12' title='bbox 923 516 958 579; x_wconf 88' lang='lat' dir='ltr'>in</span> <span class='ocrx_word' id='word_1_13' title='bbox 998 518 1134 582; x_wconf 85' lang='lat' dir='ltr'>Seniore</span> <span class='ocrx_word' id='word_1_14' title='bbox 1164 518 1229 581; x_wconf 87' lang='lat' dir='ltr'>boc</span> <span class='ocrx_word' id='word_1_15' title='bbox 1257 519 1307 581; x_wconf 87' lang='lat' dir='ltr'>sie</span> 
     </span>
     <span class='ocr_line' id='line_1_3' title="bbox 182 601 1308 687; baseline -0.004 -19"><span class='ocrx_word' id='word_1_16' title='bbox 182 609 426 686; x_wconf 87' lang='lat' dir='ltr'>emendemus,</span> <span class='ocrx_word' id='word_1_17' title='bbox 449 613 610 687; x_wconf 88' lang='lat' dir='ltr'>quatenus</span> <span class='ocrx_word' id='word_1_18' title='bbox 625 601 773 663; x_wconf 89' lang='lat' dir='ltr'>homines</span> <span class='ocrx_word' id='word_1_19' title='bbox 793 623 868 664; x_wconf 91' lang='lat' dir='ltr'>suos</span> <span class='ocrx_word' id='word_1_20' title='bbox 889 601 923 662; x_wconf 88' lang='lat' dir='ltr'>in</span> <span class='ocrx_word' id='word_1_21' title='bbox 939 609 1094 684; x_wconf 79' lang='lat' dir='ltr'><strong>potestate</strong></span> <span class='ocrx_word' id='word_1_22' title='bbox 1113 603 1245 681; x_wconf 85' lang='lat' dir='ltr'>babeat,</span> <span class='ocrx_word' id='word_1_23' title='bbox 1273 611 1308 664; x_wconf 88' lang='lat' dir='ltr'>et</span> 
     </span>
     <span class='ocr_line' id='line_1_4' title="bbox 194 683 1211 769; baseline -0.005 -18"><span class='ocrx_word' id='word_1_24' title='bbox 194 689 342 752; x_wconf 90' lang='lat' dir='ltr'>contenti</span> <span class='ocrx_word' id='word_1_25' title='bbox 359 690 424 751; x_wconf 85' lang='lat' dir='ltr'>sint</span> <span class='ocrx_word' id='word_1_26' title='bbox 442 687 577 764; x_wconf 88' lang='lat' dir='ltr'>debitis,</span> <span class='ocrx_word' id='word_1_27' title='bbox 600 694 633 747; x_wconf 86' lang='lat' dir='ltr'>et</span> <span class='ocrx_word' id='word_1_28' title='bbox 650 685 796 747; x_wconf 87' lang='lat' dir='ltr'>indebita</span> <span class='ocrx_word' id='word_1_29' title='bbox 816 683 935 746; x_wconf 88' lang='lat' dir='ltr'>iniuste</span> <span class='ocrx_word' id='word_1_30' title='bbox 957 706 1023 746; x_wconf 91' lang='lat' dir='ltr'>non</span> <span class='ocrx_word' id='word_1_31' title='bbox 1048 695 1211 769; x_wconf 83' lang='lat' dir='ltr'>appetant,</span> 
     </span>
    </p>
   </div>
   <div class='ocr_carea' id='block_1_3' title="bbox 192 791 1308 1039">
    <p class='ocr_par' dir='ltr' id='par_1_3' title="bbox 192 791 1308 1039">
     <span class='ocr_line' id='line_1_5' title="bbox 192 791 1302 892; baseline -0.007 -32"><span class='ocrx_word' id='word_1_32' title='bbox 192 798 273 860; x_wconf 86' lang='lat' dir='ltr'>Post</span> <span class='ocrx_word' id='word_1_33' title='bbox 293 800 354 858; x_wconf 88' lang='lat' dir='ltr'>ista</span> <span class='ocrx_word' id='word_1_34' title='bbox 376 795 514 892; x_wconf 82' lang='lat' dir='ltr'>capitula</span> <span class='ocrx_word' id='word_1_35' title='bbox 534 793 677 875; x_wconf 84' lang='lat' dir='ltr'>sequitur</span> <span class='ocrx_word' id='word_1_36' title='bbox 698 793 733 852; x_wconf 87' lang='lat' dir='ltr'>ia</span> <span class='ocrx_word' id='word_1_37' title='bbox 755 793 853 853; x_wconf 84' lang='lat' dir='ltr'>veteri</span> <span class='ocrx_word' id='word_1_38' title='bbox 872 791 979 853; x_wconf 87' lang='lat' dir='ltr'>codice</span> <span class='ocrx_word' id='word_1_39' title='bbox 1000 793 1065 857; x_wconf 82' lang='lat' dir='ltr'>Ms.</span> <span class='ocrx_word' id='word_1_40' title='bbox 1093 791 1302 853; x_wconf 77' lang='lat' dir='ltr'>bibliothecae</span> 
     </span>
     <span class='ocr_line' id='line_1_6' title="bbox 195 874 1308 961; baseline -0.008 -19"><span class='ocrx_word' id='word_1_41' title='bbox 195 881 379 961; x_wconf 81' lang='lat' dir='ltr'>Bigotianae</span> <span class='ocrx_word' id='word_1_42' title='bbox 390 883 607 960; x_wconf 72' lang='lat' dir='ltr'>sragmcntum</span> <span class='ocrx_word' id='word_1_43' title='bbox 628 875 779 959; x_wconf 86' lang='lat' dir='ltr'>epistolae</span> <span class='ocrx_word' id='word_1_44' title='bbox 801 887 865 936; x_wconf 86' lang='lat' dir='ltr'>tum</span> <span class='ocrx_word' id='word_1_45' title='bbox 886 875 906 934; x_wconf 85' lang='lat' dir='ltr'>ia</span> <span class='ocrx_word' id='word_1_46' title='bbox 926 874 1047 936; x_wconf 85' lang='lat' dir='ltr'>Karolo</span> <span class='ocrx_word' id='word_1_47' title='bbox 1068 875 1149 954; x_wconf 78' lang='lat' dir='ltr'>Rege</span> <span class='ocrx_word' id='word_1_48' title='bbox 1168 876 1308 960; x_wconf 77' lang='lat' dir='ltr'><em>scriptae</em></span> 
     </span>
     <span class='ocr_line' id='line_1_7' title="bbox 334 956 1160 1039; baseline -0.006 -17"><span class='ocrx_word' id='word_1_49' title='bbox 334 961 380 1022; x_wconf 85' lang='lat' dir='ltr'>ad</span> <span class='ocrx_word' id='word_1_50' title='bbox 399 963 539 1039; x_wconf 86' lang='lat' dir='ltr'>Missos,</span> <span class='ocrx_word' id='word_1_51' title='bbox 571 971 604 1020; x_wconf 89' lang='lat' dir='ltr'>ut</span> <span class='ocrx_word' id='word_1_52' title='bbox 625 978 717 1031; x_wconf 83' lang='lat' dir='ltr'>reor,</span> <span class='ocrx_word' id='word_1_53' title='bbox 752 956 952 1029; x_wconf 86' lang='lat' dir='ltr'>dominicos,</span> <span class='ocrx_word' id='word_1_54' title='bbox 974 957 1033 1019; x_wconf 76' lang='lat' dir='ltr'>toa</span> <span class='ocrx_word' id='word_1_55' title='bbox 1055 957 1160 1017; x_wconf 87' lang='lat' dir='ltr'>modo.</span> 
     </span>
    </p>
   </div>
   <div class='ocr_carea' id='block_1_4' title="bbox 192 1060 1312 1729">
    <p class='ocr_par' dir='ltr' id='par_1_4' title="bbox 192 1060 1312 1729">
     <span class='ocr_line' id='line_1_8' title="bbox 285 1060 1312 1146; baseline -0.012 -15"><span class='ocrx_word' id='word_1_56' title='bbox 285 1067 474 1132; x_wconf 89' lang='lat' dir='ltr'>Mandamus</span> <span class='ocrx_word' id='word_1_57' title='bbox 490 1074 660 1146; x_wconf 86' lang='lat' dir='ltr'>praeterea·</span> <span class='ocrx_word' id='word_1_58' title='bbox 680 1071 716 1122; x_wconf 87' lang='lat' dir='ltr'>ut</span> <span class='ocrx_word' id='word_1_59' title='bbox 738 1061 764 1122; x_wconf 90' lang='lat' dir='ltr'>si</span> <span class='ocrx_word' id='word_1_60' title='bbox 784 1061 933 1144; x_wconf 82' lang='lat' dir='ltr'>Capitale</span> <span class='ocrx_word' id='word_1_61' title='bbox 950 1060 1082 1124; x_wconf 88' lang='lat' dir='ltr'>Domini</span> <span class='ocrx_word' id='word_1_62' title='bbox 1101 1060 1154 1122; x_wconf 87' lang='lat' dir='ltr'>avi</span> <span class='ocrx_word' id='word_1_63' title='bbox 1173 1069 1205 1121; x_wconf 88' lang='lat' dir='ltr'>et</span> <span class='ocrx_word' id='word_1_64' title='bbox 1219 1060 1312 1142; x_wconf 84' lang='lat' dir='ltr'>geni-</span> 
     </span>
     <span class='ocr_line' id='line_1_9' title="bbox 193 1143 1310 1230; baseline -0.009 -17"><span class='ocrx_word' id='word_1_65' title='bbox 193 1150 275 1213; x_wconf 84' lang='lat' dir='ltr'>toris</span> <span class='ocrx_word' id='word_1_66' title='bbox 293 1150 394 1212; x_wconf 85' lang='lat' dir='ltr'>noslri</span> <span class='ocrx_word' id='word_1_67' title='bbox 418 1147 536 1230; x_wconf 87' lang='lat' dir='ltr'>scripta</span> <span class='ocrx_word' id='word_1_68' title='bbox 554 1167 617 1206; x_wconf 91' lang='lat' dir='ltr'>non</span> <span class='ocrx_word' id='word_1_69' title='bbox 636 1145 770 1219; x_wconf 86' lang='lat' dir='ltr'>habetis,</span> <span class='ocrx_word' id='word_1_70' title='bbox 784 1143 916 1205; x_wconf 89' lang='lat' dir='ltr'>mittatis</span> <span class='ocrx_word' id='word_1_71' title='bbox 938 1145 978 1205; x_wconf 85' lang='lat' dir='ltr'>ad</span> <span class='ocrx_word' id='word_1_72' title='bbox 992 1144 1147 1226; x_wconf 88' lang='lat' dir='ltr'>palatium</span> <span class='ocrx_word' id='word_1_73' title='bbox 1160 1155 1310 1204; x_wconf 87' lang='lat' dir='ltr'>nostrum</span> 
     </span>
     <span class='ocr_line' id='line_1_10' title="bbox 194 1226 1310 1315; baseline -0.012 -19"><span class='ocrx_word' id='word_1_74' title='bbox 194 1235 234 1296; x_wconf 85' lang='lat' dir='ltr'>de</span> <span class='ocrx_word' id='word_1_75' title='bbox 255 1255 343 1294; x_wconf 92' lang='lat' dir='ltr'>more</span> <span class='ocrx_word' id='word_1_76' title='bbox 357 1233 641 1315; x_wconf 87' lang='lat' dir='ltr'>praedecessorum</span> <span class='ocrx_word' id='word_1_77' title='bbox 658 1235 838 1288; x_wconf 86' lang='lat' dir='ltr'>vestrorum</span> <span class='ocrx_word' id='word_1_78' title='bbox 853 1227 985 1287; x_wconf 90' lang='lat' dir='ltr'>Missum</span> <span class='ocrx_word' id='word_1_79' title='bbox 1000 1237 1140 1287; x_wconf 82' lang='lat' dir='ltr'>vestrum</span> <span class='ocrx_word' id='word_1_80' title='bbox 1158 1235 1189 1286; x_wconf 91' lang='lat' dir='ltr'>et</span> <span class='ocrx_word' id='word_1_81' title='bbox 1206 1226 1310 1308; x_wconf 91' lang='lat' dir='ltr'>scrip·</span> 
     </span>
     <span class='ocr_line' id='line_1_11' title="bbox 192 1309 1307 1396; baseline -0.007 -20"><span class='ocrx_word' id='word_1_82' title='bbox 192 1325 299 1378; x_wconf 91' lang='lat' dir='ltr'>torem</span> <span class='ocrx_word' id='word_1_83' title='bbox 316 1335 391 1376; x_wconf 89' lang='lat' dir='ltr'>cum</span> <span class='ocrx_word' id='word_1_84' title='bbox 406 1333 613 1396; x_wconf 60' lang='lat' dir='ltr'>pergamenam</span> <span class='ocrx_word' id='word_1_85' title='bbox 637 1321 669 1371; x_wconf 88' lang='lat' dir='ltr'>et</span> <span class='ocrx_word' id='word_1_86' title='bbox 686 1310 731 1370; x_wconf 91' lang='lat' dir='ltr'>ibi</span> <span class='ocrx_word' id='word_1_87' title='bbox 749 1309 788 1370; x_wconf 90' lang='lat' dir='ltr'>de</span> <span class='ocrx_word' id='word_1_88' title='bbox 817 1318 927 1370; x_wconf 88' lang='lat' dir='ltr'>nostro</span> <span class='ocrx_word' id='word_1_89' title='bbox 953 1309 1089 1368; x_wconf 85' lang='lat' dir='ltr'>armario</span> <span class='ocrx_word' id='word_1_90' title='bbox 1116 1309 1183 1391; x_wconf 88' lang='lat' dir='ltr'>ipsa</span> <span class='ocrx_word' id='word_1_91' title='bbox 1209 1309 1307 1390; x_wconf 86' lang='lat' dir='ltr'>Capi·</span> 
     </span>
     <span class='ocr_line' id='line_1_12' title="bbox 194 1391 1306 1478; baseline -0.009 -19"><span class='ocrx_word' id='word_1_92' title='bbox 194 1400 262 1459; x_wconf 82' lang='lat' dir='ltr'>tuln</span> <span class='ocrx_word' id='word_1_93' title='bbox 279 1397 415 1478; x_wconf 86' lang='lat' dir='ltr'>accipiat</span> <span class='ocrx_word' id='word_1_94' title='bbox 435 1405 532 1476; x_wconf 87' lang='lat' dir='ltr'>atque</span> <span class='ocrx_word' id='word_1_95' title='bbox 550 1393 740 1455; x_wconf 88' lang='lat' dir='ltr'>conscribat.</span> <span class='ocrx_word' id='word_1_96' title='bbox 780 1393 823 1454; x_wconf 88' lang='lat' dir='ltr'>Et</span> <span class='ocrx_word' id='word_1_97' title='bbox 842 1413 899 1453; x_wconf 82' lang='lat' dir='ltr'>vos</span> <span class='ocrx_word' id='word_1_98' title='bbox 915 1391 1033 1454; x_wconf 88' lang='lat' dir='ltr'>deinde</span> <span class='ocrx_word' id='word_1_99' title='bbox 1051 1391 1231 1452; x_wconf 86' lang='lat' dir='ltr'>secundum</span> <span class='ocrx_word' id='word_1_100' title='bbox 1249 1392 1306 1474; x_wconf 92' lang='lat' dir='ltr'>ip-</span> 
     </span>
     <span class='ocr_line' id='line_1_13' title="bbox 192 1473 1304 1563; baseline -0.008 -21"><span class='ocrx_word' id='word_1_101' title='bbox 192 1504 226 1542; x_wconf 88' lang='lat' dir='ltr'>sa</span> <span class='ocrx_word' id='word_1_102' title='bbox 247 1480 393 1563; x_wconf 87' lang='lat' dir='ltr'>Capitula</span> <span class='ocrx_word' id='word_1_103' title='bbox 413 1479 475 1540; x_wconf 90' lang='lat' dir='ltr'>Dei</span> <span class='ocrx_word' id='word_1_104' title='bbox 492 1476 668 1553; x_wconf 88' lang='lat' dir='ltr'>iustitiam,</span> <span class='ocrx_word' id='word_1_105' title='bbox 689 1475 868 1557; x_wconf 83' lang='lat' dir='ltr'>populique</span> <span class='ocrx_word' id='word_1_106' title='bbox 889 1475 907 1534; x_wconf 77' lang='lat' dir='ltr'>a</span> <span class='ocrx_word' id='word_1_107' title='bbox 933 1476 1003 1535; x_wconf 90' lang='lat' dir='ltr'>Deo</span> <span class='ocrx_word' id='word_1_108' title='bbox 1026 1474 1116 1534; x_wconf 90' lang='lat' dir='ltr'>vobis</span> <span class='ocrx_word' id='word_1_109' title='bbox 1142 1473 1304 1534; x_wconf 83' lang='lat' dir='ltr'>commissi</span> 
     </span>
     <span class='ocr_line' id='line_1_14' title="bbox 194 1556 1302 1644; baseline -0.005 -22"><span class='ocrx_word' id='word_1_110' title='bbox 194 1560 390 1624; x_wconf 85' lang='lat' dir='ltr'>necessarias</span> <span class='ocrx_word' id='word_1_111' title='bbox 413 1559 700 1644; x_wconf 78' lang='lat' dir='ltr'>proclamationes,</span> <span class='ocrx_word' id='word_1_112' title='bbox 722 1557 871 1640; x_wconf 80' lang='lat' dir='ltr'>legaliter</span> <span class='ocrx_word' id='word_1_113' title='bbox 895 1557 1066 1619; x_wconf 87' lang='lat' dir='ltr'>emendare</span> <span class='ocrx_word' id='word_1_114' title='bbox 1087 1556 1198 1618; x_wconf 90' lang='lat' dir='ltr'>solerti</span> <span class='ocrx_word' id='word_1_115' title='bbox 1215 1556 1302 1639; x_wconf 80' lang='lat' dir='ltr'>vigi-</span> 
     </span>
     <span class='ocr_line' id='line_1_15' title="bbox 192 1643 678 1729; baseline -0.012 -23"><span class='ocrx_word' id='word_1_116' title='bbox 192 1645 294 1706; x_wconf 87' lang='lat' dir='ltr'>lantia</span> <span class='ocrx_word' id='word_1_117' title='bbox 308 1643 498 1729; x_wconf 88' lang='lat' dir='ltr'>procuretis.</span> <span class='ocrx_word' id='word_1_118' title='bbox 540 1643 678 1706; x_wconf 77' lang='lat' dir='ltr'>Veners.</span> 
     </span>
    </p>
   </div>
   <div class='ocr_carea' id='block_1_5' title="bbox 336 1744 1150 1811">
    <p class='ocr_par' dir='ltr' id='par_1_5' title="bbox 336 1744 1150 1811">
     <span class='ocr_line' id='line_1_16' title="bbox 336 1744 1150 1811; baseline -0.006 -2"><span class='ocrx_word' id='word_1_119' title='bbox 336 1746 431 1811; x_wconf 80' lang='lat' dir='ltr'>Istud</span> <span class='ocrx_word' id='word_1_120' title='bbox 451 1758 677 1807; x_wconf 86' lang='lat' dir='ltr'>sacramentum</span> <span class='ocrx_word' id='word_1_121' title='bbox 697 1745 844 1806; x_wconf 81' lang='lat' dir='ltr'>iurabant</span> <span class='ocrx_word' id='word_1_122' title='bbox 864 1744 983 1805; x_wconf 83' lang='lat' dir='ltr'>Franci</span> <span class='ocrx_word' id='word_1_123' title='bbox 1000 1745 1150 1810; x_wconf 80' lang='lat' dir='ltr'>homines.</span> 
     </span>
    </p>
   </div>
   <div class='ocr_carea' id='block_1_6' title="bbox 129 1849 1386 3194">
    <p class='ocr_par' dir='ltr' id='par_1_6' title="bbox 190 1849 1386 2350">
     <span class='ocr_line' id='line_1_17' title="bbox 273 1849 1299 1936; baseline -0.003 -21"><span class='ocrx_word' id='word_1_124' title='bbox 273 1855 342 1936; x_wconf 82' lang='lat' dir='ltr'>Ego</span> <span class='ocrx_word' id='word_1_125' title='bbox 364 1853 412 1918; x_wconf 91' lang='lat' dir='ltr'>ill.</span> <span class='ocrx_word' id='word_1_126' title='bbox 433 1850 655 1927; x_wconf 81' lang='lat' dir='ltr'>adsalituram,</span> <span class='ocrx_word' id='word_1_127' title='bbox 677 1849 762 1911; x_wconf 89' lang='lat' dir='ltr'>illud</span> <span class='ocrx_word' id='word_1_128' title='bbox 788 1850 908 1909; x_wconf 87' lang='lat' dir='ltr'>malum</span> <span class='ocrx_word' id='word_1_129' title='bbox 933 1849 1021 1931; x_wconf 87' lang='lat' dir='ltr'>quod</span> <span class='ocrx_word' id='word_1_130' title='bbox 1043 1853 1135 1911; x_wconf 76' lang='lat' dir='ltr'>scacis</span> <span class='ocrx_word' id='word_1_131' title='bbox 1164 1860 1299 1930; x_wconf 80' lang='lat' dir='ltr'>vocant,</span> 
     </span>
     <span class='ocr_line' id='line_1_18' title="bbox 190 1933 1302 2010; baseline -0.004 -11"><span class='ocrx_word' id='word_1_132' title='bbox 190 1936 245 2002; x_wconf 76' lang='lat' dir='ltr'>vel</span> <span class='ocrx_word' id='word_1_133' title='bbox 270 1937 430 2010; x_wconf 81' lang='lat' dir='ltr'>tesceiam,</span> <span class='ocrx_word' id='word_1_134' title='bbox 454 1955 519 1993; x_wconf 91' lang='lat' dir='ltr'>non</span> <span class='ocrx_word' id='word_1_135' title='bbox 535 1933 668 2010; x_wconf 88' lang='lat' dir='ltr'>faciam,</span> <span class='ocrx_word' id='word_1_136' title='bbox 690 1954 750 1992; x_wconf 90' lang='lat' dir='ltr'>nec</span> <span class='ocrx_word' id='word_1_137' title='bbox 770 1942 806 1992; x_wconf 90' lang='lat' dir='ltr'>ut</span> <span class='ocrx_word' id='word_1_138' title='bbox 820 1933 902 1993; x_wconf 86' lang='lat' dir='ltr'>alius</span> <span class='ocrx_word' id='word_1_139' title='bbox 918 1933 1016 1992; x_wconf 88' lang='lat' dir='ltr'>faciat</span> <span class='ocrx_word' id='word_1_140' title='bbox 1030 1935 1242 2004; x_wconf 64' lang='lat' dir='ltr'>consentiam</span> <span class='ocrx_word' id='word_1_141' title='bbox 1268 1945 1302 1995; x_wconf 91' lang='lat' dir='ltr'>et</span> 
     </span>
     <span class='ocr_line' id='line_1_19' title="bbox 192 2016 1301 2100; baseline -0.005 -18"><span class='ocrx_word' id='word_1_142' title='bbox 192 2019 218 2082; x_wconf 88' lang='lat' dir='ltr'>si</span> <span class='ocrx_word' id='word_1_143' title='bbox 241 2039 376 2100; x_wconf 87' lang='lat' dir='ltr'>sapuero</span> <span class='ocrx_word' id='word_1_144' title='bbox 390 2016 447 2098; x_wconf 87' lang='lat' dir='ltr'>qui</span> <span class='ocrx_word' id='word_1_145' title='bbox 463 2016 526 2076; x_wconf 90' lang='lat' dir='ltr'>boc</span> <span class='ocrx_word' id='word_1_146' title='bbox 554 2016 668 2091; x_wconf 74' lang='lat' dir='ltr'>faciat,</span> <span class='ocrx_word' id='word_1_147' title='bbox 691 2037 756 2075; x_wconf 91' lang='lat' dir='ltr'>non</span> <span class='ocrx_word' id='word_1_148' title='bbox 788 2016 914 2076; x_wconf 84' lang='lat' dir='ltr'>celabo:</span> <span class='ocrx_word' id='word_1_149' title='bbox 945 2025 977 2077; x_wconf 88' lang='lat' dir='ltr'>et</span> <span class='ocrx_word' id='word_1_150' title='bbox 1005 2038 1102 2097; x_wconf 90' lang='lat' dir='ltr'>quem</span> <span class='ocrx_word' id='word_1_151' title='bbox 1132 2017 1198 2078; x_wconf 91' lang='lat' dir='ltr'>scio</span> <span class='ocrx_word' id='word_1_152' title='bbox 1238 2019 1301 2097; x_wconf 91' lang='lat' dir='ltr'>qui</span> 
     </span>
     <span class='ocr_line' id='line_1_20' title="bbox 193 2097 1301 2173; baseline -0.003 -10"><span class='ocrx_word' id='word_1_153' title='bbox 193 2123 283 2163; x_wconf 88' lang='lat' dir='ltr'>nunc</span> <span class='ocrx_word' id='word_1_154' title='bbox 303 2102 384 2160; x_wconf 89' lang='lat' dir='ltr'>latro</span> <span class='ocrx_word' id='word_1_155' title='bbox 403 2107 457 2158; x_wconf 88' lang='lat' dir='ltr'>aut</span> <span class='ocrx_word' id='word_1_156' title='bbox 473 2098 658 2158; x_wconf 83' lang='lat' dir='ltr'>scachcator</span> <span class='ocrx_word' id='word_1_157' title='bbox 671 2107 729 2173; x_wconf 90' lang='lat' dir='ltr'>est,</span> <span class='ocrx_word' id='word_1_158' title='bbox 746 2097 950 2158; x_wconf 87' lang='lat' dir='ltr'>vobisMissis</span> <span class='ocrx_word' id='word_1_159' title='bbox 966 2099 1135 2160; x_wconf 87' lang='lat' dir='ltr'>dominicis</span> <span class='ocrx_word' id='word_1_160' title='bbox 1160 2121 1224 2160; x_wconf 92' lang='lat' dir='ltr'>non</span> <span class='ocrx_word' id='word_1_161' title='bbox 1242 2121 1301 2160; x_wconf 91' lang='lat' dir='ltr'>cc-</span> 
     </span>
     <span class='ocr_line' id='line_1_21' title="bbox 191 2180 1300 2259; baseline 0.001 -16"><span class='ocrx_word' id='word_1_162' title='bbox 191 2183 288 2259; x_wconf 89' lang='lat' dir='ltr'>labo,</span> <span class='ocrx_word' id='word_1_163' title='bbox 311 2193 347 2242; x_wconf 90' lang='lat' dir='ltr'>ut</span> <span class='ocrx_word' id='word_1_164' title='bbox 364 2202 429 2242; x_wconf 87' lang='lat' dir='ltr'>non</span> <span class='ocrx_word' id='word_1_165' title='bbox 446 2183 654 2248; x_wconf 87' lang='lat' dir='ltr'>manifestem.</span> <span class='ocrx_word' id='word_1_166' title='bbox 697 2182 750 2242; x_wconf 92' lang='lat' dir='ltr'>Sic</span> <span class='ocrx_word' id='word_1_167' title='bbox 771 2201 821 2242; x_wconf 90' lang='lat' dir='ltr'>me</span> <span class='ocrx_word' id='word_1_168' title='bbox 836 2182 924 2242; x_wconf 90' lang='lat' dir='ltr'>Deus</span> <span class='ocrx_word' id='word_1_169' title='bbox 940 2180 1071 2244; x_wconf 87' lang='lat' dir='ltr'>adiuvet</span> <span class='ocrx_word' id='word_1_170' title='bbox 1095 2192 1128 2244; x_wconf 91' lang='lat' dir='ltr'>et</span> <span class='ocrx_word' id='word_1_171' title='bbox 1146 2182 1223 2244; x_wconf 88' lang='lat' dir='ltr'>istae</span> <span class='ocrx_word' id='word_1_172' title='bbox 1237 2183 1300 2244; x_wconf 87' lang='lat' dir='ltr'>Re·</span> 
     </span>
     <span class='ocr_line' id='line_1_22' title="bbox 191 2265 1386 2350; baseline -0.002 -24"><span class='ocrx_word' id='word_1_173' title='bbox 191 2265 327 2350; x_wconf 88' lang='lat' dir='ltr'>liquiae.</span> <span class='ocrx_word' id='word_1_174' title='bbox 1385 2275 1386 2278; x_wconf 76' lang='grc'>’</span> 
     </span>
    </p>

    <p class='ocr_par' dir='ltr' id='par_1_7' title="bbox 508 2345 977 2408">
     <span class='ocr_line' id='line_1_23' title="bbox 508 2345 977 2408; baseline -0.002 0"><span class='ocrx_word' id='word_1_175' title='bbox 508 2345 603 2408; x_wconf 85' lang='lat' dir='ltr'>Istud</span> <span class='ocrx_word' id='word_1_176' title='bbox 621 2347 768 2408; x_wconf 85' lang='lat' dir='ltr'>iurabant</span> <span class='ocrx_word' id='word_1_177' title='bbox 790 2345 977 2407; x_wconf 72' lang='lat' dir='ltr'>centenarii.</span> 
     </span>
    </p>

    <p class='ocr_par' dir='ltr' id='par_1_8' title="bbox 129 2453 1305 3194">
     <span class='ocr_line' id='line_1_24' title="bbox 274 2453 1297 2539; baseline -0.004 -21"><span class='ocrx_word' id='word_1_178' title='bbox 274 2454 344 2539; x_wconf 76' lang='lat' dir='ltr'>Ego</span> <span class='ocrx_word' id='word_1_179' title='bbox 368 2455 416 2521; x_wconf 86' lang='lat' dir='ltr'>ill.</span> <span class='ocrx_word' id='word_1_180' title='bbox 438 2453 660 2531; x_wconf 83' lang='lat' dir='ltr'>adsalituram,</span> <span class='ocrx_word' id='word_1_181' title='bbox 683 2453 767 2515; x_wconf 87' lang='lat' dir='ltr'>illud</span> <span class='ocrx_word' id='word_1_182' title='bbox 792 2453 913 2513; x_wconf 89' lang='lat' dir='ltr'>malum</span> <span class='ocrx_word' id='word_1_183' title='bbox 938 2453 1026 2535; x_wconf 82' lang='lat' dir='ltr'>quo&#39;d</span> <span class='ocrx_word' id='word_1_184' title='bbox 1053 2453 1143 2514; x_wconf 78' lang='lat' dir='ltr'>scach</span> <span class='ocrx_word' id='word_1_185' title='bbox 1163 2463 1297 2532; x_wconf 80' lang='lat' dir='ltr'>vocant,</span> 
     </span>
     <span class='ocr_line' id='line_1_25' title="bbox 192 2536 1301 2613; baseline -0.005 -12"><span class='ocrx_word' id='word_1_186' title='bbox 192 2537 247 2602; x_wconf 81' lang='lat' dir='ltr'>vel</span> <span class='ocrx_word' id='word_1_187' title='bbox 270 2541 415 2599; x_wconf 84' lang='lat' dir='ltr'>tesceiam</span> <span class='ocrx_word' id='word_1_188' title='bbox 432 2560 497 2598; x_wconf 91' lang='lat' dir='ltr'>non</span> <span class='ocrx_word' id='word_1_189' title='bbox 519 2537 647 2613; x_wconf 88' lang='lat' dir='ltr'>faciam,</span> <span class='ocrx_word' id='word_1_190' title='bbox 671 2558 731 2597; x_wconf 89' lang='lat' dir='ltr'>nec</span> <span class='ocrx_word' id='word_1_191' title='bbox 752 2547 788 2597; x_wconf 91' lang='lat' dir='ltr'>ut</span> <span class='ocrx_word' id='word_1_192' title='bbox 810 2537 891 2596; x_wconf 88' lang='lat' dir='ltr'>alius</span> <span class='ocrx_word' id='word_1_193' title='bbox 910 2537 1007 2596; x_wconf 87' lang='lat' dir='ltr'>faciat</span> <span class='ocrx_word' id='word_1_194' title='bbox 1021 2536 1230 2606; x_wconf 63' lang='lat' dir='ltr'>consentiam</span> <span class='ocrx_word' id='word_1_195' title='bbox 1264 2547 1301 2596; x_wconf 84' lang='lat' dir='ltr'>et</span> 
     </span>
     <span class='ocr_line' id='line_1_26' title="bbox 192 2618 1299 2703; baseline -0.005 -20"><span class='ocrx_word' id='word_1_196' title='bbox 192 2621 220 2683; x_wconf 87' lang='lat' dir='ltr'>si</span> <span class='ocrx_word' id='word_1_197' title='bbox 237 2642 372 2703; x_wconf 88' lang='lat' dir='ltr'>sapuero</span> <span class='ocrx_word' id='word_1_198' title='bbox 397 2621 453 2703; x_wconf 93' lang='lat' dir='ltr'>qui</span> <span class='ocrx_word' id='word_1_199' title='bbox 476 2620 537 2680; x_wconf 92' lang='lat' dir='ltr'>hoc</span> <span class='ocrx_word' id='word_1_200' title='bbox 563 2620 678 2696; x_wconf 87' lang='lat' dir='ltr'>faciat,</span> <span class='ocrx_word' id='word_1_201' title='bbox 701 2641 766 2680; x_wconf 90' lang='lat' dir='ltr'>non</span> <span class='ocrx_word' id='word_1_202' title='bbox 795 2619 923 2680; x_wconf 89' lang='lat' dir='ltr'>celabo:</span> <span class='ocrx_word' id='word_1_203' title='bbox 955 2630 987 2680; x_wconf 91' lang='lat' dir='ltr'>et</span> <span class='ocrx_word' id='word_1_204' title='bbox 1015 2641 1113 2701; x_wconf 88' lang='lat' dir='ltr'>quem</span> <span class='ocrx_word' id='word_1_205' title='bbox 1143 2619 1209 2679; x_wconf 92' lang='lat' dir='ltr'>scio</span> <span class='ocrx_word' id='word_1_206' title='bbox 1238 2618 1299 2697; x_wconf 87' lang='lat' dir='ltr'>qui</span> 
     </span>
     <span class='ocr_line' id='line_1_27' title="bbox 193 2701 1298 2782; baseline -0.004 -18"><span class='ocrx_word' id='word_1_207' title='bbox 193 2724 283 2765; x_wconf 90' lang='lat' dir='ltr'>nnnc</span> <span class='ocrx_word' id='word_1_208' title='bbox 306 2705 387 2764; x_wconf 88' lang='lat' dir='ltr'>latro</span> <span class='ocrx_word' id='word_1_209' title='bbox 405 2713 460 2763; x_wconf 89' lang='lat' dir='ltr'>aut</span> <span class='ocrx_word' id='word_1_210' title='bbox 482 2702 667 2764; x_wconf 86' lang='lat' dir='ltr'>scachcator</span> <span class='ocrx_word' id='word_1_211' title='bbox 687 2713 749 2782; x_wconf 91' lang='lat' dir='ltr'>est,</span> <span class='ocrx_word' id='word_1_212' title='bbox 778 2701 868 2764; x_wconf 83' lang='lat' dir='ltr'>vobis</span> <span class='ocrx_word' id='word_1_213' title='bbox 899 2703 1003 2764; x_wconf 91' lang='lat' dir='ltr'>Missis</span> <span class='ocrx_word' id='word_1_214' title='bbox 1030 2702 1199 2763; x_wconf 89' lang='lat' dir='ltr'>dominicis</span> <span class='ocrx_word' id='word_1_215' title='bbox 1229 2722 1298 2760; x_wconf 90' lang='lat' dir='ltr'>non</span> 
     </span>
     <span class='ocr_line' id='line_1_28' title="bbox 129 2783 1298 2864; baseline -0.003 -17"><span class='ocrx_word' id='word_1_216' title='bbox 129 2783 130 2788; x_wconf 8' lang='grc' dir='ltr'>ἵ</span> <span class='ocrx_word' id='word_1_217' title='bbox 194 2785 326 2864; x_wconf 85' lang='lat' dir='ltr'>celabo,</span> <span class='ocrx_word' id='word_1_218' title='bbox 348 2796 470 2847; x_wconf 89' lang='lat' dir='ltr'>utnon</span> <span class='ocrx_word' id='word_1_219' title='bbox 493 2785 704 2846; x_wconf 80' lang='lat' dir='ltr'>manifestem.</span> <span class='ocrx_word' id='word_1_220' title='bbox 756 2785 800 2846; x_wconf 86' lang='lat' dir='ltr'>Et</span> <span class='ocrx_word' id='word_1_221' title='bbox 825 2785 864 2846; x_wconf 91' lang='lat' dir='ltr'>de</span> <span class='ocrx_word' id='word_1_222' title='bbox 892 2786 1025 2846; x_wconf 87' lang='lat' dir='ltr'>Francis</span> <span class='ocrx_word' id='word_1_223' title='bbox 1050 2783 1233 2844; x_wconf 90' lang='lat' dir='ltr'>hominihus</span> <span class='ocrx_word' id='word_1_224' title='bbox 1259 2783 1298 2843; x_wconf 88' lang='lat' dir='ltr'>in</span> 
     </span>
     <span class='ocr_line' id='line_1_29' title="bbox 194 2866 1299 2930; baseline 0 -4"><span class='ocrx_word' id='word_1_225' title='bbox 194 2868 256 2929; x_wconf 89' lang='lat' dir='ltr'>isto</span> <span class='ocrx_word' id='word_1_226' title='bbox 271 2870 423 2929; x_wconf 89' lang='lat' dir='ltr'>comitatu</span> <span class='ocrx_word' id='word_1_227' title='bbox 442 2879 474 2930; x_wconf 89' lang='lat' dir='ltr'>et</span> <span class='ocrx_word' id='word_1_228' title='bbox 501 2869 533 2927; x_wconf 87' lang='lat' dir='ltr'>in</span> <span class='ocrx_word' id='word_1_229' title='bbox 555 2889 626 2927; x_wconf 89' lang='lat' dir='ltr'>meo</span> <span class='ocrx_word' id='word_1_230' title='bbox 652 2867 830 2928; x_wconf 89' lang='lat' dir='ltr'>ministerio</span> <span class='ocrx_word' id='word_1_231' title='bbox 855 2866 1130 2930; x_wconf 86' lang='lat' dir='ltr'>commanentibus</span> <span class='ocrx_word' id='word_1_232' title='bbox 1167 2866 1299 2926; x_wconf 89' lang='lat' dir='ltr'>nullum</span> 
     </span>
     <span class='ocr_line' id='line_1_30' title="bbox 193 2948 1299 3033; baseline 0.001 -25"><span class='ocrx_word' id='word_1_233' title='bbox 193 2951 364 3026; x_wconf 87' lang='lat' dir='ltr'>recelabo,</span> <span class='ocrx_word' id='word_1_234' title='bbox 401 2959 557 3030; x_wconf 79' lang='lat' dir='ltr'>quantum</span> <span class='ocrx_word' id='word_1_235' title='bbox 573 2949 736 3010; x_wconf 88' lang='lat' dir='ltr'>recordari</span> <span class='ocrx_word' id='word_1_236' title='bbox 756 2958 906 3032; x_wconf 86' lang='lat' dir='ltr'>potuero,</span> <span class='ocrx_word' id='word_1_237' title='bbox 927 2961 963 3011; x_wconf 89' lang='lat' dir='ltr'>ut</span> <span class='ocrx_word' id='word_1_238' title='bbox 980 2971 1039 3033; x_wconf 84' lang='lat' dir='ltr'>per</span> <span class='ocrx_word' id='word_1_239' title='bbox 1056 2948 1189 3010; x_wconf 82' lang='lat' dir='ltr'>brevem</span> <span class='ocrx_word' id='word_1_240' title='bbox 1205 2949 1299 3009; x_wconf 84' lang='lat' dir='ltr'>vobis</span> 
     </span>
     <span class='ocr_line' id='line_1_31' title="bbox 196 3031 1305 3095; baseline 0.001 -4"><span class='ocrx_word' id='word_1_241' title='bbox 196 3033 300 3093; x_wconf 87' lang='lat' dir='ltr'>Missis</span> <span class='ocrx_word' id='word_1_242' title='bbox 318 3031 487 3092; x_wconf 87' lang='lat' dir='ltr'>dominicis</span> <span class='ocrx_word' id='word_1_243' title='bbox 512 3055 577 3093; x_wconf 90' lang='lat' dir='ltr'>non</span> <span class='ocrx_word' id='word_1_244' title='bbox 596 3033 808 3094; x_wconf 80' lang='lat' dir='ltr'>manifestem.</span> <span class='ocrx_word' id='word_1_245' title='bbox 850 3033 904 3095; x_wconf 88' lang='lat' dir='ltr'>Sic</span> <span class='ocrx_word' id='word_1_246' title='bbox 930 3055 980 3094; x_wconf 89' lang='lat' dir='ltr'>me</span> <span class='ocrx_word' id='word_1_247' title='bbox 1002 3035 1090 3094; x_wconf 89' lang='lat' dir='ltr'>Deus</span> <span class='ocrx_word' id='word_1_248' title='bbox 1117 3032 1247 3093; x_wconf 83' lang='lat' dir='ltr'>adiuvet</span> <span class='ocrx_word' id='word_1_249' title='bbox 1271 3040 1305 3092; x_wconf 90' lang='lat' dir='ltr'>et</span> 
     </span>
     <span class='ocr_line' id='line_1_32' title="bbox 194 3113 484 3194; baseline 0.017 -24"><span class='ocrx_word' id='word_1_250' title='bbox 194 3113 272 3174; x_wconf 90' lang='lat' dir='ltr'>istae</span> <span class='ocrx_word' id='word_1_251' title='bbox 304 3113 484 3194; x_wconf 88' lang='lat' dir='ltr'>Reliquiae.</span> 
     </span>
    </p>
   </div>
   <div class='ocr_carea' id='block_1_7' title="bbox 187 3215 1382 4209">
    <p class='ocr_par' dir='ltr' id='par_1_9' title="bbox 234 3215 1254 3362">
     <span class='ocr_line' id='line_1_33' title="bbox 234 3215 1254 3299; baseline 0.004 -21"><span class='ocrx_word' id='word_1_252' title='bbox 234 3217 329 3278; x_wconf 86' lang='lat' dir='ltr'>Missi</span> <span class='ocrx_word' id='word_1_253' title='bbox 342 3229 443 3278; x_wconf 84' lang='lat' dir='ltr'>autem</span> <span class='ocrx_word' id='word_1_254' title='bbox 466 3229 496 3279; x_wconf 84' lang='lat' dir='ltr'>et</span> <span class='ocrx_word' id='word_1_255' title='bbox 513 3217 595 3297; x_wconf 80' lang='lat' dir='ltr'>Pagi</span> <span class='ocrx_word' id='word_1_256' title='bbox 606 3238 666 3294; x_wconf 86' lang='lat' dir='ltr'>per</span> <span class='ocrx_word' id='word_1_257' title='bbox 682 3219 856 3278; x_wconf 85' lang='lat' dir='ltr'>missaticos</span> <span class='ocrx_word' id='word_1_258' title='bbox 874 3217 1010 3299; x_wconf 83' lang='lat' dir='ltr'>qualiter</span> <span class='ocrx_word' id='word_1_259' title='bbox 1026 3215 1162 3298; x_wconf 84' lang='lat' dir='ltr'>fuerunt</span> <span class='ocrx_word' id='word_1_260' title='bbox 1182 3234 1254 3282; x_wconf 87' lang='lat' dir='ltr'>tunc</span> 
     </span>
     <span class='ocr_line' id='line_1_34' title="bbox 668 3300 817 3362; baseline -0.013 0"><span class='ocrx_word' id='word_1_261' title='bbox 668 3300 817 3362; x_wconf 87' lang='lat' dir='ltr'>ordinati.</span> 
     </span>
    </p>

    <p class='ocr_par' dir='ltr' id='par_1_10' title="bbox 192 3377 1382 3630">
     <span class='ocr_line' id='line_1_35' title="bbox 273 3377 1297 3466; baseline 0.004 -23"><span class='ocrx_word' id='word_1_262' title='bbox 273 3377 300 3443; x_wconf 87' lang='grc' dir='ltr'>Ι.</span> <span class='ocrx_word' id='word_1_263' title='bbox 342 3381 534 3445; x_wconf 87' lang='lat' dir='ltr'>Hincmarns</span> <span class='ocrx_word' id='word_1_264' title='bbox 562 3383 758 3466; x_wconf 90' lang='lat' dir='ltr'>Episcopus,</span> <span class='ocrx_word' id='word_1_265' title='bbox 786 3382 961 3460; x_wconf 87' lang='lat' dir='ltr'>Ricuinus,</span> <span class='ocrx_word' id='word_1_266' title='bbox 987 3382 1297 3466; x_wconf 79' lang='lat' dir='ltr'>Engiscalcus,Mis·</span> 
     </span>
     <span class='ocr_line' id='line_1_36' title="bbox 192 3462 1382 3546; baseline 0.002 -20"><span class='ocrx_word' id='word_1_267' title='bbox 192 3462 267 3526; x_wconf 87' lang='lat' dir='ltr'>siin</span> <span class='ocrx_word' id='word_1_268' title='bbox 289 3465 477 3543; x_wconf 85' lang='lat' dir='ltr'>Remtiano,</span> <span class='ocrx_word' id='word_1_269' title='bbox 501 3469 662 3543; x_wconf 91' lang='lat' dir='ltr'>Vonziso,</span> <span class='ocrx_word' id='word_1_270' title='bbox 685 3465 865 3543; x_wconf 81' lang='lat' dir='ltr'>stadiniso,</span> <span class='ocrx_word' id='word_1_271' title='bbox 887 3465 1032 3544; x_wconf 89' lang='lat' dir='ltr'>Pertiso,</span> <span class='ocrx_word' id='word_1_272' title='bbox 1052 3469 1199 3546; x_wconf 87' lang='lat' dir='ltr'>Barriso,</span> <span class='ocrx_word' id='word_1_273' title='bbox 1231 3471 1296 3538; x_wconf 60' lang='lat' dir='ltr'>Ca-‚</span> <span class='ocrx_word' id='word_1_274' title='bbox 1381 3539 1382 3544; x_wconf 7' lang='grc' dir='ltr'>ἵ</span> 
     </span>
     <span class='ocr_line' id='line_1_37' title="bbox 192 3545 1382 3630; baseline 0.003 -22"><span class='ocrx_word' id='word_1_275' title='bbox 192 3546 322 3624; x_wconf 88' lang='lat' dir='ltr'>miziso,</span> <span class='ocrx_word' id='word_1_276' title='bbox 346 3550 553 3626; x_wconf 87' lang='lat' dir='ltr'>Catalaunio,</span> <span class='ocrx_word' id='word_1_277' title='bbox 577 3549 762 3625; x_wconf 88' lang='lat' dir='ltr'>Virtudiso,</span> <span class='ocrx_word' id='word_1_278' title='bbox 783 3548 1018 3630; x_wconf 80' lang='lat' dir='ltr'>Bagensoniso,</span> <span class='ocrx_word' id='word_1_279' title='bbox 1039 3550 1225 3611; x_wconf 86' lang='lat' dir='ltr'>Tardaniso.</span> <span class='ocrx_word' id='word_1_280' title='bbox 1381 3545 1382 3548; x_wconf 24' lang='lat'>¹</span> 
     </span>
    </p>

    <p class='ocr_par' dir='ltr' id='par_1_11' title="bbox 189 3622 1297 3794">
     <span class='ocr_line' id='line_1_38' title="bbox 231 3622 1297 3714; baseline 0.003 -25"><span class='ocrx_word' id='word_1_281' title='bbox 231 3689 236 3698; x_wconf 81' lang='grc'><em>,</em></span> <span class='ocrx_word' id='word_1_282' title='bbox 274 3622 319 3690; x_wconf 89' lang='lat' dir='ltr'>ll.</span> <span class='ocrx_word' id='word_1_283' title='bbox 361 3633 521 3694; x_wconf 88' lang='lat' dir='ltr'>Pardulns</span> <span class='ocrx_word' id='word_1_284' title='bbox 535 3631 733 3714; x_wconf 90' lang='lat' dir='ltr'>Episcopus,</span> <span class='ocrx_word' id='word_1_285' title='bbox 762 3631 941 3706; x_wconf 78' lang='lat' dir='ltr'>altmarus,</span> <span class='ocrx_word' id='word_1_286' title='bbox 972 3631 1173 3710; x_wconf 85' lang='lat' dir='ltr'>Teodacrus,</span> <span class='ocrx_word' id='word_1_287' title='bbox 1206 3630 1297 3694; x_wconf 87' lang='lat' dir='ltr'>Missi</span> 
     </span>
     <span class='ocr_line' id='line_1_39' title="bbox 189 3710 1232 3794; baseline 0.004 -22"><span class='ocrx_word' id='word_1_288' title='bbox 189 3710 225 3772; x_wconf 86' lang='lat' dir='ltr'>in</span> <span class='ocrx_word' id='word_1_289' title='bbox 244 3712 450 3794; x_wconf 89' lang='lat' dir='ltr'>Landnniso,</span> <span class='ocrx_word' id='word_1_290' title='bbox 472 3714 642 3792; x_wconf 80' lang='lat' dir='ltr'>Pontiano,</span> <span class='ocrx_word' id='word_1_291' title='bbox 667 3713 877 3789; x_wconf 87' lang='lat' dir='ltr'>Suessonico,</span> <span class='ocrx_word' id='word_1_292' title='bbox 900 3713 1029 3790; x_wconf 86' lang='lat' dir='ltr'>Urciso,</span> <span class='ocrx_word' id='word_1_293' title='bbox 1052 3724 1084 3773; x_wconf 87' lang='lat' dir='ltr'>et</span> <span class='ocrx_word' id='word_1_294' title='bbox 1102 3715 1232 3777; x_wconf 86' lang='lat' dir='ltr'>Vadiso.</span> 
     </span>
    </p>

    <p class='ocr_par' dir='ltr' id='par_1_12' title="bbox 187 3795 1295 4122">
     <span class='ocr_line' id='line_1_40' title="bbox 275 3795 1295 3879; baseline 0.006 -24"><span class='ocrx_word' id='word_1_295' title='bbox 275 3795 336 3856; x_wconf 88' lang='lat' dir='ltr'>ill.</span> <span class='ocrx_word' id='word_1_296' title='bbox 381 3799 480 3858; x_wconf 88' lang='lat' dir='ltr'>immo</span> <span class='ocrx_word' id='word_1_297' title='bbox 508 3796 703 3879; x_wconf 89' lang='lat' dir='ltr'>Episcopus,</span> <span class='ocrx_word' id='word_1_298' title='bbox 726 3795 904 3856; x_wconf 86' lang='lat' dir='ltr'>Adalardus</span> <span class='ocrx_word' id='word_1_299' title='bbox 928 3795 1035 3872; x_wconf 86' lang='lat' dir='ltr'>Abba,</span> <span class='ocrx_word' id='word_1_300' title='bbox 1065 3797 1295 3877; x_wconf 87' lang='lat' dir='ltr'>Waltcaudus,</span> 
     </span>
     <span class='ocr_line' id='line_1_41' title="bbox 190 3877 1293 3958; baseline 0.004 -20"><span class='ocrx_word' id='word_1_301' title='bbox 190 3877 379 3958; x_wconf 88' lang='lat' dir='ltr'>Odelricus,</span> <span class='ocrx_word' id='word_1_302' title='bbox 408 3878 497 3941; x_wconf 90' lang='lat' dir='ltr'>Missi</span> <span class='ocrx_word' id='word_1_303' title='bbox 538 3881 572 3938; x_wconf 89' lang='lat' dir='ltr'>in</span> <span class='ocrx_word' id='word_1_304' title='bbox 607 3879 812 3950; x_wconf 81' lang='lat' dir='ltr'>Noviomiso,</span> <span class='ocrx_word' id='word_1_305' title='bbox 849 3877 1079 3956; x_wconf 86' lang='lat' dir='ltr'>Vermendiso,</span> <span class='ocrx_word' id='word_1_306' title='bbox 1116 3877 1293 3958; x_wconf 84' lang='lat' dir='ltr'>Aderdiso,</span> 
     </span>
     <span class='ocr_line' id='line_1_42' title="bbox 189 3960 1289 4042; baseline 0.004 -22"><span class='ocrx_word' id='word_1_307' title='bbox 189 3961 388 4039; x_wconf 81' lang='lat' dir='ltr'>Cuutricis0,</span> <span class='ocrx_word' id='word_1_308' title='bbox 411 3962 567 4040; x_wconf 86' lang='lat' dir='ltr'>Flandra,</span> <span class='ocrx_word' id='word_1_309' title='bbox 595 3961 805 4023; x_wconf 87' lang='lat' dir='ltr'>Comitatibus</span> <span class='ocrx_word' id='word_1_310' title='bbox 824 3960 1045 4042; x_wconf 82' lang='lat' dir='ltr'>Engilramni,</span> <span class='ocrx_word' id='word_1_311' title='bbox 1070 3970 1102 4022; x_wconf 92' lang='lat' dir='ltr'>et</span> <span class='ocrx_word' id='word_1_312' title='bbox 1122 3962 1156 4022; x_wconf 91' lang='lat' dir='ltr'>in</span> <span class='ocrx_word' id='word_1_313' title='bbox 1183 3965 1289 4024; x_wconf 86' lang='lat' dir='ltr'>Comi·</span> 
     </span>
     <span class='ocr_line' id='line_1_43' title="bbox 187 4044 827 4122; baseline 0 -19"><span class='ocrx_word' id='word_1_314' title='bbox 187 4044 305 4104; x_wconf 83' lang='lat' dir='ltr'>tatibus</span> <span class='ocrx_word' id='word_1_315' title='bbox 323 4045 517 4109; x_wconf 84' lang='lat' dir='ltr'>Waltcaudi.</span> <span class='ocrx_word' id='word_1_316' title='bbox 825 4116 827 4122; x_wconf 18' lang='grc' dir='ltr'><strong><em>Α</em></strong></span> 
     </span>
    </p>

    <p class='ocr_par' dir='ltr' id='par_1_13' title="bbox 271 4124 1295 4209">
     <span class='ocr_line' id='line_1_44' title="bbox 271 4124 1295 4209; baseline 0.003 -22"><span class='ocrx_word' id='word_1_317' title='bbox 271 4127 330 4187; x_wconf 85' lang='lat' dir='ltr'>lV.</span> <span class='ocrx_word' id='word_1_318' title='bbox 372 4127 547 4189; x_wconf 85' lang='lat' dir='ltr'>Folcoinus</span> <span class='ocrx_word' id='word_1_319' title='bbox 566 4125 764 4209; x_wconf 89' lang='lat' dir='ltr'>Episcopus,</span> <span class='ocrx_word' id='word_1_320' title='bbox 785 4124 992 4208; x_wconf 86' lang='lat' dir='ltr'>Adalgarius,</span> <span class='ocrx_word' id='word_1_321' title='bbox 1013 4127 1239 4209; x_wconf 79' lang='lat' dir='ltr'>Engiscalcus,</span> <span class='ocrx_word' id='word_1_322' title='bbox 1262 4138 1295 4190; x_wconf 86' lang='lat' dir='ltr'>et</span> 
     </span>
    </p>
   </div>
   <div class='ocr_carea' id='block_1_8' title="bbox 184 4205 1295 4376">
    <p class='ocr_par' dir='ltr' id='par_1_14' title="bbox 184 4205 1295 4376">
     <span class='ocr_line' id='line_1_45' title="bbox 184 4205 1295 4295; baseline 0.008 -30"><span class='ocrx_word' id='word_1_323' title='bbox 184 4205 413 4291; x_wconf 84' lang='lat' dir='ltr'>Berengarius,</span> <span class='ocrx_word' id='word_1_324' title='bbox 436 4210 524 4270; x_wconf 87' lang='lat' dir='ltr'>Missi</span> <span class='ocrx_word' id='word_1_325' title='bbox 544 4208 577 4267; x_wconf 91' lang='lat' dir='ltr'>in</span> <span class='ocrx_word' id='word_1_326' title='bbox 592 4210 752 4270; x_wconf 85' lang='lat' dir='ltr'>Comitatu</span> <span class='ocrx_word' id='word_1_327' title='bbox 768 4209 952 4294; x_wconf 76' lang='lat' dir='ltr'>Berengarii</span> <span class='ocrx_word' id='word_1_328' title='bbox 961 4254 971 4290; x_wconf 94' lang='lat'>,</span> <span class='ocrx_word' id='word_1_329' title='bbox 991 4211 1216 4295; x_wconf 79' lang='lat' dir='ltr'>Engiscalchi,</span> <span class='ocrx_word' id='word_1_330' title='bbox 1233 4213 1295 4274; x_wconf 85' lang='lat' dir='ltr'>Ge·</span> 
     </span>
     <span class='ocr_line' id='line_1_46' title="bbox 185 4290 826 4376; baseline 0.005 -26"><span class='ocrx_word' id='word_1_331' title='bbox 185 4290 291 4368; x_wconf 77' lang='lat' dir='ltr'>sardi,</span> <span class='ocrx_word' id='word_1_332' title='bbox 315 4302 347 4356; x_wconf 85' lang='lat' dir='ltr'>et</span> <span class='ocrx_word' id='word_1_333' title='bbox 369 4293 404 4354; x_wconf 91' lang='lat' dir='ltr'>in</span> <span class='ocrx_word' id='word_1_334' title='bbox 427 4291 636 4357; x_wconf 80' lang='lat' dir='ltr'>Comitatilius</span> <span class='ocrx_word' id='word_1_335' title='bbox 653 4291 826 4376; x_wconf 83' lang='lat' dir='ltr'>Reginarii.</span> 
     </span>
    </p>
   </div>
   <div class='ocr_carea' id='block_1_9' title="bbox 0 0 1398 4980">
    <p class='ocr_par' dir='ltr' id='par_1_15' title="bbox 0 0 1398 4980">
     <span class='ocr_line' id='line_1_47' title="bbox 0 0 1398 4980; baseline 0 0"><span class='ocrx_word' id='word_1_336' title='bbox 0 0 1398 4980; x_wconf 95' lang='lat' dir='ltr'> </span> 
     </span>
    </p>
   </div>
  </div>
 </body>
</html>
