<?xml version="1.0" encoding="UTF-8"?>
<!DOCTYPE html PUBLIC "-//W3C//DTD XHTML 1.0 Transitional//EN"
    "http://www.w3.org/TR/xhtml1/DTD/xhtml1-transitional.dtd">
<html xmlns="http://www.w3.org/1999/xhtml" xml:lang="en" lang="en">
 <head>
  <title>
</title>
<meta http-equiv="Content-Type" content="text/html;charset=utf-8" />
  <meta name='ocr-system' content='tesseract 3.04.00' />
  <meta name='ocr-capabilities' content='ocr_page ocr_carea ocr_par ocr_line ocrx_word'/>
</head>
<body>
  <div class='ocr_page' id='page_1' title='image "./corpusiurisgerm01visigoog_0180.png"; bbox 0 0 2658 4978; ppageno 0'>
   <div class='ocr_carea' id='block_1_1' title="bbox 181 322 1172 407">
    <p class='ocr_par' dir='ltr' id='par_1_1' title="bbox 181 322 1172 407">
     <span class='ocr_line' id='line_1_1' title="bbox 181 322 1172 407; baseline -0.01 -3"><span class='ocrx_word' id='word_1_1' title='bbox 181 354 213 407; x_wconf 79' lang='lat' dir='ltr'><strong>a.</strong></span> <span class='ocrx_word' id='word_1_2' title='bbox 247 347 322 405; x_wconf 81' lang='lat' dir='ltr'><strong>eun</strong></span> <span class='ocrx_word' id='word_1_3' title='bbox 430 349 552 402; x_wconf 73' lang='lat' dir='ltr'><strong>saecun</strong></span> <span class='ocrx_word' id='word_1_4' title='bbox 592 345 826 404; x_wconf 41' lang='lat' dir='ltr'><strong>suranconuu,</strong></span> <span class='ocrx_word' id='word_1_5' title='bbox 919 345 981 402; x_wconf 78' lang='lat' dir='ltr'><strong>eoo.</strong></span> <span class='ocrx_word' id='word_1_6' title='bbox 1103 322 1172 394; x_wconf 74' lang='lat' dir='ltr'><strong>loe</strong></span> 
     </span>
    </p>
   </div>
   <div class='ocr_carea' id='block_1_2' title="bbox 72 485 1186 4101">
    <p class='ocr_par' dir='ltr' id='par_1_2' title="bbox 75 485 1186 1724">
     <span class='ocr_line' id='line_1_2' title="bbox 157 485 1172 569; baseline 0 -23"><span class='ocrx_word' id='word_1_7' title='bbox 157 486 216 546; x_wconf 83' lang='lat' dir='ltr'><strong>V.&#39;</strong></span> <span class='ocrx_word' id='word_1_8' title='bbox 241 489 282 548; x_wconf 84' lang='lat' dir='ltr'><strong>Ut</strong></span> <span class='ocrx_word' id='word_1_9' title='bbox 298 487 449 569; x_wconf 76' lang='lat' dir='ltr'><strong>Episcopi</strong></span> <span class='ocrx_word' id='word_1_10' title='bbox 470 487 668 562; x_wconf 74' lang='lat' dir='ltr'><strong>(inmitibus,</strong></span> <span class='ocrx_word' id='word_1_11' title='bbox 691 487 812 559; x_wconf 78' lang='lat' dir='ltr'><strong>Missis,</strong></span> <span class='ocrx_word' id='word_1_12' title='bbox 843 497 876 546; x_wconf 91' lang='lat' dir='ltr'><strong>et</strong></span> <span class='ocrx_word' id='word_1_13' title='bbox 908 488 1012 547; x_wconf 80' lang='lat' dir='ltr'><strong>vassis</strong></span> <span class='ocrx_word' id='word_1_14' title='bbox 1034 485 1172 560; x_wconf 83' lang='lat' dir='ltr'><strong>nostris,</strong></span> 
     </span>
     <span class='ocr_line' id='line_1_3' title="bbox 85 568 1172 652; baseline -0.005 -17"><span class='ocrx_word' id='word_1_15' title='bbox 85 573 131 636; x_wconf 87' lang='lat' dir='ltr'><strong>sed</strong></span> <span class='ocrx_word' id='word_1_16' title='bbox 148 569 281 652; x_wconf 84' lang='lat' dir='ltr'><strong>stipsis</strong></span> <span class='ocrx_word' id='word_1_17' title='bbox 303 571 368 632; x_wconf 91' lang='lat' dir='ltr'><strong>suis</strong></span> <span class='ocrx_word' id='word_1_18' title='bbox 384 570 537 646; x_wconf 88' lang='lat' dir='ltr'><strong>subditis,</strong></span> <span class='ocrx_word' id='word_1_19' title='bbox 558 579 620 628; x_wconf 87' lang='lat' dir='ltr'><strong>tam</strong></span> <span class='ocrx_word' id='word_1_20' title='bbox 648 569 783 631; x_wconf 88' lang='lat' dir='ltr'><strong>Clericis</strong></span> <span class='ocrx_word' id='word_1_21' title='bbox 801 591 897 649; x_wconf 89' lang='lat' dir='ltr'><strong>quam</strong></span> <span class='ocrx_word' id='word_1_22' title='bbox 917 568 1026 645; x_wconf 88' lang='lat' dir='ltr'><strong>laicis,</strong></span> <span class='ocrx_word' id='word_1_23' title='bbox 1049 578 1080 630; x_wconf 91' lang='lat' dir='ltr'><strong>et</strong></span> <span class='ocrx_word' id='word_1_24' title='bbox 1107 569 1172 630; x_wconf 89' lang='lat' dir='ltr'><strong>Co-</strong></span> 
     </span>
     <span class='ocr_line' id='line_1_4' title="bbox 75 650 1173 734; baseline -0.005 -18"><span class='ocrx_word' id='word_1_25' title='bbox 75 656 185 716; x_wconf 82' lang='lat' dir='ltr'><strong>mitum</strong></span> <span class='ocrx_word' id='word_1_26' title='bbox 206 673 244 712; x_wconf 84' lang='lat' dir='ltr'><strong>ae</strong></span> <span class='ocrx_word' id='word_1_27' title='bbox 264 653 473 714; x_wconf 78' lang='lat' dir='ltr'>vassallorum</span> <span class='ocrx_word' id='word_1_28' title='bbox 491 662 671 712; x_wconf 89' lang='lat' dir='ltr'><strong>nostrorum</strong></span> <span class='ocrx_word' id='word_1_29' title='bbox 690 651 891 727; x_wconf 89' lang='lat' dir='ltr'><strong>bominibus,</strong></span> <span class='ocrx_word' id='word_1_30' title='bbox 925 662 1091 734; x_wconf 86' lang='lat' dir='ltr'><strong>paternam</strong></span> <span class='ocrx_word' id='word_1_31' title='bbox 1115 650 1173 710; x_wconf 90' lang='lat' dir='ltr'><strong>be-</strong></span> 
     </span>
     <span class='ocr_line' id='line_1_5' title="bbox 86 733 1174 820; baseline -0.007 -22"><span class='ocrx_word' id='word_1_32' title='bbox 86 735 566 820; x_wconf 83' lang='lat' dir='ltr'><strong>nignitatemseeundumsuum</strong></span> <span class='ocrx_word' id='word_1_33' title='bbox 580 733 812 810; x_wconf 90' lang='lat' dir='ltr'><strong>ministerium,</strong></span> <span class='ocrx_word' id='word_1_34' title='bbox 834 744 866 796; x_wconf 88' lang='lat' dir='ltr'><strong>et</strong></span> <span class='ocrx_word' id='word_1_35' title='bbox 900 733 1043 794; x_wconf 86' lang='lat' dir='ltr'><strong>debitum</strong></span> <span class='ocrx_word' id='word_1_36' title='bbox 1071 733 1174 792; x_wconf 88' lang='lat' dir='ltr'><strong>hono-</strong></span> 
     </span>
     <span class='ocr_line' id='line_1_6' title="bbox 86 814 1174 900; baseline -0.007 -18"><span class='ocrx_word' id='word_1_37' title='bbox 86 841 146 882; x_wconf 88' lang='lat' dir='ltr'><strong>rem</strong></span> <span class='ocrx_word' id='word_1_38' title='bbox 161 841 195 879; x_wconf 90' lang='lat' dir='ltr'><strong>ac</strong></span> <span class='ocrx_word' id='word_1_39' title='bbox 209 819 314 900; x_wconf 86' lang='lat' dir='ltr'><strong>legem</strong></span> <span class='ocrx_word' id='word_1_40' title='bbox 328 827 361 877; x_wconf 91' lang='lat' dir='ltr'><strong>et</strong></span> <span class='ocrx_word' id='word_1_41' title='bbox 376 815 724 898; x_wconf 85' lang='lat' dir='ltr'><strong>iustitiam,nnicuique</strong></span> <span class='ocrx_word' id='word_1_42' title='bbox 734 817 911 878; x_wconf 85' lang='lat' dir='ltr'><strong>secundnm</strong></span> <span class='ocrx_word' id='word_1_43' title='bbox 922 838 1015 876; x_wconf 71' lang='lat' dir='ltr'><strong>siarum</strong></span> <span class='ocrx_word' id='word_1_44' title='bbox 1026 814 1174 877; x_wconf 82' lang='lat' dir='ltr'><strong>ordinem</strong></span> 
     </span>
     <span class='ocr_line' id='line_1_7' title="bbox 86 897 1173 982; baseline -0.005 -22"><span class='ocrx_word' id='word_1_45' title='bbox 86 899 314 982; x_wconf 69' lang='lat' dir='ltr'><strong>indignitatem</strong></span> <span class='ocrx_word' id='word_1_46' title='bbox 330 899 557 982; x_wconf 88' lang='lat' dir='ltr'><strong>impendantet</strong></span> <span class='ocrx_word' id='word_1_47' title='bbox 570 897 865 976; x_wconf 75' lang='lat' dir='ltr'><strong>conservent,sicut</strong></span> <span class='ocrx_word' id='word_1_48' title='bbox 881 920 987 958; x_wconf 88' lang='lat' dir='ltr'><strong>sacrae</strong></span> <span class='ocrx_word' id='word_1_49' title='bbox 1009 899 1096 981; x_wconf 86' lang='lat' dir='ltr'><strong>leges</strong></span> <span class='ocrx_word' id='word_1_50' title='bbox 1109 907 1173 958; x_wconf 77' lang='lat' dir='ltr'><strong>tans</strong></span> 
     </span>
     <span class='ocr_line' id='line_1_8' title="bbox 83 979 1173 1062; baseline -0.003 -20"><span class='ocrx_word' id='word_1_51' title='bbox 83 985 255 1044; x_wconf 87' lang='lat' dir='ltr'><strong>mundanae</strong></span> <span class='ocrx_word' id='word_1_52' title='bbox 274 1002 370 1062; x_wconf 89' lang='lat' dir='ltr'><strong>quam</strong></span> <span class='ocrx_word' id='word_1_53' title='bbox 384 979 637 1058; x_wconf 89' lang='lat' dir='ltr'><strong>ecclesiasticae,</strong></span> <span class='ocrx_word' id='word_1_54' title='bbox 660 990 691 1041; x_wconf 87' lang='lat' dir='ltr'><strong>et</strong></span> <span class='ocrx_word' id='word_1_55' title='bbox 709 979 857 1062; x_wconf 90' lang='lat' dir='ltr'><strong>Capitula</strong></span> <span class='ocrx_word' id='word_1_56' title='bbox 871 981 919 1039; x_wconf 89' lang='lat' dir='ltr'><strong>avi</strong></span> <span class='ocrx_word' id='word_1_57' title='bbox 942 989 974 1040; x_wconf 89' lang='lat' dir='ltr'><strong>et</strong></span> <span class='ocrx_word' id='word_1_58' title='bbox 987 981 1084 1062; x_wconf 85' lang='lat' dir='ltr'><strong>patris</strong></span> <span class='ocrx_word' id='word_1_59' title='bbox 1103 999 1173 1039; x_wconf 87' lang='lat' dir='ltr'><strong>nos·</strong></span> 
     </span>
     <span class='ocr_line' id='line_1_9' title="bbox 82 1061 1172 1144; baseline -0.004 -20"><span class='ocrx_word' id='word_1_60' title='bbox 82 1065 118 1124; x_wconf 90' lang='lat' dir='ltr'><strong>tri</strong></span> <span class='ocrx_word' id='word_1_61' title='bbox 139 1065 338 1140; x_wconf 86' lang='lat' dir='ltr'><strong>decernunt,</strong></span> <span class='ocrx_word' id='word_1_62' title='bbox 361 1071 393 1126; x_wconf 88' lang='lat' dir='ltr'><strong>et</strong></span> <span class='ocrx_word' id='word_1_63' title='bbox 419 1063 502 1125; x_wconf 89' lang='lat' dir='ltr'><strong>sicut</strong></span> <span class='ocrx_word' id='word_1_64' title='bbox 528 1063 561 1122; x_wconf 91' lang='lat' dir='ltr'><strong>in</strong></span> <span class='ocrx_word' id='word_1_65' title='bbox 588 1061 743 1144; x_wconf 87' lang='lat' dir='ltr'><strong>Capitulis</strong></span> <span class='ocrx_word' id='word_1_66' title='bbox 772 1063 788 1122; x_wconf 73' lang='lat' dir='ltr'><strong>a</strong></span> <span class='ocrx_word' id='word_1_67' title='bbox 811 1063 902 1123; x_wconf 92' lang='lat' dir='ltr'><strong>nobis</strong></span> <span class='ocrx_word' id='word_1_68' title='bbox 926 1071 958 1123; x_wconf 88' lang='lat' dir='ltr'><strong>et</strong></span> <span class='ocrx_word' id='word_1_69' title='bbox 981 1065 996 1122; x_wconf 76' lang='lat' dir='ltr'><strong>al</strong></span> <span class='ocrx_word' id='word_1_70' title='bbox 1021 1062 1172 1124; x_wconf 87' lang='lat' dir='ltr'><strong>fratribus</strong></span> 
     </span>
     <span class='ocr_line' id='line_1_10' title="bbox 83 1143 1174 1227; baseline -0.004 -21"><span class='ocrx_word' id='word_1_71' title='bbox 83 1147 190 1210; x_wconf 71' lang='lat' dir='ltr'><strong>nostris</strong></span> <span class='ocrx_word' id='word_1_72' title='bbox 207 1145 349 1227; x_wconf 84' lang='lat' dir='ltr'><strong>Regibus</strong></span> <span class='ocrx_word' id='word_1_73' title='bbox 371 1167 407 1206; x_wconf 88' lang='lat' dir='ltr'><strong>ae</strong></span> <span class='ocrx_word' id='word_1_74' title='bbox 420 1145 642 1207; x_wconf 88' lang='lat' dir='ltr'><strong>communibus</strong></span> <span class='ocrx_word' id='word_1_75' title='bbox 668 1143 815 1205; x_wconf 82' lang='lat' dir='ltr'><strong>fidelibus</strong></span> <span class='ocrx_word' id='word_1_76' title='bbox 845 1143 962 1205; x_wconf 88' lang='lat' dir='ltr'><strong>nostris</strong></span> <span class='ocrx_word' id='word_1_77' title='bbox 988 1153 1035 1206; x_wconf 90' lang='lat' dir='ltr'><strong>est</strong></span> <span class='ocrx_word' id='word_1_78' title='bbox 1056 1144 1174 1206; x_wconf 74' lang='lat' dir='ltr'><strong>coristi·</strong></span> 
     </span>
     <span class='ocr_line' id='line_1_11' title="bbox 82 1225 1173 1310; baseline -0.005 -20"><span class='ocrx_word' id='word_1_79' title='bbox 82 1239 194 1306; x_wconf 86' lang='lat' dir='ltr'><strong>tutum,</strong></span> <span class='ocrx_word' id='word_1_80' title='bbox 217 1236 249 1290; x_wconf 90' lang='lat' dir='ltr'><strong>et</strong></span> <span class='ocrx_word' id='word_1_81' title='bbox 274 1227 358 1288; x_wconf 90' lang='lat' dir='ltr'><strong>sicut</strong></span> <span class='ocrx_word' id='word_1_82' title='bbox 382 1229 578 1310; x_wconf 85' lang='lat' dir='ltr'><strong>temporibus</strong></span> <span class='ocrx_word' id='word_1_83' title='bbox 595 1226 644 1287; x_wconf 81' lang='lat' dir='ltr'><strong>avi</strong></span> <span class='ocrx_word' id='word_1_84' title='bbox 666 1237 698 1288; x_wconf 92' lang='lat' dir='ltr'><strong>et</strong></span> <span class='ocrx_word' id='word_1_85' title='bbox 720 1228 817 1310; x_wconf 89' lang='lat' dir='ltr'><strong>patris</strong></span> <span class='ocrx_word' id='word_1_86' title='bbox 844 1227 943 1287; x_wconf 85' lang='lat' dir='ltr'><strong>nostri</strong></span> <span class='ocrx_word' id='word_1_87' title='bbox 967 1225 1047 1289; x_wconf 88' lang='lat' dir='ltr'><strong>insta</strong></span> <span class='ocrx_word' id='word_1_88' title='bbox 1069 1238 1101 1287; x_wconf 89' lang='lat' dir='ltr'><strong>et</strong></span> <span class='ocrx_word' id='word_1_89' title='bbox 1121 1248 1173 1286; x_wconf 85' lang='lat' dir='ltr'><strong>ra-</strong></span> 
     </span>
     <span class='ocr_line' id='line_1_12' title="bbox 82 1307 1186 1378; baseline -0.003 -7"><span class='ocrx_word' id='word_1_90' title='bbox 82 1311 235 1373; x_wconf 89' lang='lat' dir='ltr'><strong>tionabilis</strong></span> <span class='ocrx_word' id='word_1_91' title='bbox 253 1310 452 1372; x_wconf 84' lang='lat' dir='ltr'><strong>consuetudo</strong></span> <span class='ocrx_word' id='word_1_92' title='bbox 466 1309 538 1370; x_wconf 79' lang='lat' dir='ltr'><strong>fuit.</strong></span> <span class='ocrx_word' id='word_1_93' title='bbox 580 1309 882 1371; x_wconf 86' lang='lat' dir='ltr'><strong>SimiliterComites</strong></span> <span class='ocrx_word' id='word_1_94' title='bbox 894 1319 927 1369; x_wconf 87' lang='lat' dir='ltr'><strong>et</strong></span> <span class='ocrx_word' id='word_1_95' title='bbox 938 1311 1026 1371; x_wconf 87' lang='lat' dir='ltr'><strong>Missi</strong></span> <span class='ocrx_word' id='word_1_96' title='bbox 1043 1329 1080 1369; x_wconf 88' lang='lat' dir='ltr'><strong>ac</strong></span> <span class='ocrx_word' id='word_1_97' title='bbox 1093 1307 1186 1378; x_wconf 46' lang='lat' dir='ltr'><strong>vassi,</strong></span> 
     </span>
     <span class='ocr_line' id='line_1_13' title="bbox 83 1391 1173 1488; baseline -0.003 -36"><span class='ocrx_word' id='word_1_98' title='bbox 83 1393 173 1454; x_wconf 77' lang='lat' dir='ltr'><strong>nostri</strong></span> <span class='ocrx_word' id='word_1_99' title='bbox 190 1391 359 1488; x_wconf 88' lang='lat' dir='ltr'><strong>Episcopis</strong></span> <span class='ocrx_word' id='word_1_100' title='bbox 377 1413 414 1451; x_wconf 84' lang='lat' dir='ltr'><strong>ac</strong></span> <span class='ocrx_word' id='word_1_101' title='bbox 429 1391 627 1476; x_wconf 89' lang='lat' dir='ltr'><strong>Presbyteris</strong></span> <span class='ocrx_word' id='word_1_102' title='bbox 646 1393 783 1453; x_wconf 89' lang='lat' dir='ltr'><strong>debitam</strong></span> <span class='ocrx_word' id='word_1_103' title='bbox 808 1393 1034 1468; x_wconf 84' lang='lat' dir='ltr'><strong>reverentiam,</strong></span> <span class='ocrx_word' id='word_1_104' title='bbox 1057 1401 1089 1453; x_wconf 88' lang='lat' dir='ltr'><strong>et</strong></span> <span class='ocrx_word' id='word_1_105' title='bbox 1105 1412 1173 1451; x_wconf 72' lang='lat' dir='ltr'><strong>vars-</strong></span> 
     </span>
     <span class='ocr_line' id='line_1_14' title="bbox 82 1473 1175 1558; baseline -0.005 -22"><span class='ocrx_word' id='word_1_106' title='bbox 82 1475 159 1536; x_wconf 88' lang='lat' dir='ltr'><strong>sallis</strong></span> <span class='ocrx_word' id='word_1_107' title='bbox 174 1477 410 1558; x_wconf 78' lang='lat' dir='ltr'><strong>Episcoporum</strong></span> <span class='ocrx_word' id='word_1_108' title='bbox 423 1475 529 1556; x_wconf 83' lang='lat' dir='ltr'><strong>legem</strong></span> <span class='ocrx_word' id='word_1_109' title='bbox 543 1483 577 1535; x_wconf 89' lang='lat' dir='ltr'><strong>et</strong></span> <span class='ocrx_word' id='word_1_110' title='bbox 596 1473 765 1551; x_wconf 86' lang='lat' dir='ltr'><strong>iustitiam,</strong></span> <span class='ocrx_word' id='word_1_111' title='bbox 794 1482 828 1536; x_wconf 88' lang='lat' dir='ltr'><strong>et</strong></span> <span class='ocrx_word' id='word_1_112' title='bbox 850 1474 993 1535; x_wconf 90' lang='lat' dir='ltr'><strong>debitum</strong></span> <span class='ocrx_word' id='word_1_113' title='bbox 1015 1475 1175 1535; x_wconf 87' lang='lat' dir='ltr'><strong>bonorem</strong></span> 
     </span>
     <span class='ocr_line' id='line_1_15' title="bbox 83 1555 1173 1640; baseline -0.004 -22"><span class='ocrx_word' id='word_1_114' title='bbox 83 1558 263 1638; x_wconf 82' lang='lat' dir='ltr'><strong>impendant</strong></span> <span class='ocrx_word' id='word_1_115' title='bbox 281 1555 458 1618; x_wconf 89' lang='lat' dir='ltr'><strong>secundum</strong></span> <span class='ocrx_word' id='word_1_116' title='bbox 474 1557 630 1639; x_wconf 83' lang='lat' dir='ltr'><strong>praefatas</strong></span> <span class='ocrx_word' id='word_1_117' title='bbox 651 1557 737 1640; x_wconf 81' lang='lat' dir='ltr'><strong>leges</strong></span> <span class='ocrx_word' id='word_1_118' title='bbox 754 1564 787 1619; x_wconf 89' lang='lat' dir='ltr'><strong>et</strong></span> <span class='ocrx_word' id='word_1_119' title='bbox 800 1556 943 1640; x_wconf 87' lang='lat' dir='ltr'><strong>praefata</strong></span> <span class='ocrx_word' id='word_1_120' title='bbox 965 1555 1114 1640; x_wconf 88' lang='lat' dir='ltr'><strong>Capitula</strong></span> <span class='ocrx_word' id='word_1_121' title='bbox 1137 1577 1173 1615; x_wconf 84' lang='lat' dir='ltr'><strong>nc</strong></span> 
     </span>
     <span class='ocr_line' id='line_1_16' title="bbox 82 1638 547 1724; baseline 0 -26"><span class='ocrx_word' id='word_1_122' title='bbox 82 1640 246 1724; x_wconf 84' lang='lat' dir='ltr'><strong>praefatam</strong></span> <span class='ocrx_word' id='word_1_123' title='bbox 270 1638 547 1704; x_wconf 87' lang='lat' dir='ltr'><strong>consuetudinem.</strong></span> 
     </span>
    </p>

    <p class='ocr_par' dir='ltr' id='par_1_3' title="bbox 72 1718 1174 2050">
     <span class='ocr_line' id='line_1_17' title="bbox 154 1718 1173 1802; baseline -0.001 -20"><span class='ocrx_word' id='word_1_124' title='bbox 154 1721 213 1782; x_wconf 91' lang='lat' dir='ltr'><strong>Vl.</strong></span> <span class='ocrx_word' id='word_1_125' title='bbox 256 1723 300 1782; x_wconf 90' lang='lat' dir='ltr'><strong>Ut</strong></span> <span class='ocrx_word' id='word_1_126' title='bbox 321 1720 348 1782; x_wconf 93' lang='lat' dir='ltr'><strong>si</strong></span> <span class='ocrx_word' id='word_1_127' title='bbox 361 1720 510 1802; x_wconf 87' lang='lat' dir='ltr'><strong>Episcopi</strong></span> <span class='ocrx_word' id='word_1_128' title='bbox 526 1719 592 1782; x_wconf 90' lang='lat' dir='ltr'><strong>suis</strong></span> <span class='ocrx_word' id='word_1_129' title='bbox 619 1718 753 1784; x_wconf 87' lang='lat' dir='ltr'><strong>Clericis</strong></span> <span class='ocrx_word' id='word_1_130' title='bbox 783 1719 899 1782; x_wconf 88' lang='lat' dir='ltr'><strong>iniuste</strong></span> <span class='ocrx_word' id='word_1_131' title='bbox 931 1719 1092 1797; x_wconf 88' lang='lat' dir='ltr'><strong>fecerint,</strong></span> <span class='ocrx_word' id='word_1_132' title='bbox 1121 1741 1173 1781; x_wconf 90' lang='lat' dir='ltr'><strong>se-</strong></span> 
     </span>
     <span class='ocr_line' id='line_1_18' title="bbox 81 1801 1174 1886; baseline -0.009 -18"><span class='ocrx_word' id='word_1_133' title='bbox 81 1803 215 1868; x_wconf 89' lang='lat' dir='ltr'><strong>cundum</strong></span> <span class='ocrx_word' id='word_1_134' title='bbox 228 1801 319 1886; x_wconf 92' lang='lat' dir='ltr'><strong>quod</strong></span> <span class='ocrx_word' id='word_1_135' title='bbox 336 1802 415 1864; x_wconf 90' lang='lat' dir='ltr'><strong>sacri</strong></span> <span class='ocrx_word' id='word_1_136' title='bbox 435 1803 582 1863; x_wconf 89' lang='lat' dir='ltr'><strong>Canones</strong></span> <span class='ocrx_word' id='word_1_137' title='bbox 596 1811 628 1862; x_wconf 88' lang='lat' dir='ltr'><strong>et</strong></span> <span class='ocrx_word' id='word_1_138' title='bbox 648 1823 753 1864; x_wconf 90' lang='lat' dir='ltr'><strong>sacrae</strong></span> <span class='ocrx_word' id='word_1_139' title='bbox 781 1803 890 1884; x_wconf 85' lang='lat' dir='ltr'><strong>leges,</strong></span> <span class='ocrx_word' id='word_1_140' title='bbox 924 1825 1003 1886; x_wconf 90' lang='lat' dir='ltr'><strong>quas</strong></span> <span class='ocrx_word' id='word_1_141' title='bbox 1028 1802 1174 1864; x_wconf 81' lang='lat' dir='ltr'><strong>Ecclesia</strong></span> 
     </span>
     <span class='ocr_line' id='line_1_19' title="bbox 72 1883 1173 1968; baseline -0.002 -21"><span class='ocrx_word' id='word_1_142' title='bbox 72 1886 230 1948; x_wconf 80' lang='lat' dir='ltr'><strong>catholica</strong></span> <span class='ocrx_word' id='word_1_143' title='bbox 244 1883 360 1968; x_wconf 88' lang='lat' dir='ltr'><strong>probat</strong></span> <span class='ocrx_word' id='word_1_144' title='bbox 373 1895 419 1958; x_wconf 75' lang='lat' dir='ltr'><strong>et,</strong></span> <span class='ocrx_word' id='word_1_145' title='bbox 431 1893 558 1960; x_wconf 87' lang='lat' dir='ltr'><strong>servat,</strong></span> <span class='ocrx_word' id='word_1_146' title='bbox 580 1885 777 1966; x_wconf 85' lang='lat' dir='ltr'><strong>praefigunt,</strong></span> <span class='ocrx_word' id='word_1_147' title='bbox 799 1885 860 1946; x_wconf 90' lang='lat' dir='ltr'><strong>hoc</strong></span> <span class='ocrx_word' id='word_1_148' title='bbox 894 1906 1007 1947; x_wconf 90' lang='lat' dir='ltr'><strong>corum</strong></span> <span class='ocrx_word' id='word_1_149' title='bbox 1034 1883 1173 1959; x_wconf 89' lang='lat' dir='ltr'><strong>indicio,</strong></span> 
     </span>
     <span class='ocr_line' id='line_1_20' title="bbox 82 1968 779 2050; baseline -0.001 -22"><span class='ocrx_word' id='word_1_150' title='bbox 82 1986 211 2050; x_wconf 85' lang='lat' dir='ltr'><strong>quorum</strong></span> <span class='ocrx_word' id='word_1_151' title='bbox 227 1969 381 2047; x_wconf 87' lang='lat' dir='ltr'><strong>interest,</strong></span> <span class='ocrx_word' id='word_1_152' title='bbox 403 1968 574 2028; x_wconf 89' lang='lat' dir='ltr'><strong>emendare</strong></span> <span class='ocrx_word' id='word_1_153' title='bbox 595 1977 779 2048; x_wconf 85' lang='lat' dir='ltr'><strong>procurent.</strong></span> 
     </span>
    </p>

    <p class='ocr_par' dir='ltr' id='par_1_4' title="bbox 82 2047 1176 2686">
     <span class='ocr_line' id='line_1_21' title="bbox 155 2047 1175 2130; baseline -0.008 -18"><span class='ocrx_word' id='word_1_154' title='bbox 155 2050 232 2116; x_wconf 86' lang='lat' dir='ltr'><strong>Vll.</strong></span> <span class='ocrx_word' id='word_1_155' title='bbox 276 2052 319 2110; x_wconf 90' lang='lat' dir='ltr'><strong>Ut</strong></span> <span class='ocrx_word' id='word_1_156' title='bbox 334 2048 360 2110; x_wconf 89' lang='lat' dir='ltr'><strong>si</strong></span> <span class='ocrx_word' id='word_1_157' title='bbox 375 2048 523 2130; x_wconf 90' lang='lat' dir='ltr'><strong>Episcopi</strong></span> <span class='ocrx_word' id='word_1_158' title='bbox 538 2049 604 2108; x_wconf 90' lang='lat' dir='ltr'><strong>suis</strong></span> <span class='ocrx_word' id='word_1_159' title='bbox 621 2047 711 2109; x_wconf 88' lang='lat' dir='ltr'><strong>laicis</strong></span> <span class='ocrx_word' id='word_1_160' title='bbox 729 2049 846 2110; x_wconf 90' lang='lat' dir='ltr'><strong>iniuste</strong></span> <span class='ocrx_word' id='word_1_161' title='bbox 869 2050 1029 2126; x_wconf 88' lang='lat' dir='ltr'><strong>fecerint,</strong></span> <span class='ocrx_word' id='word_1_162' title='bbox 1064 2055 1097 2109; x_wconf 84' lang='lat' dir='ltr'><strong>et</strong></span> <span class='ocrx_word' id='word_1_163' title='bbox 1115 2047 1175 2129; x_wconf 89' lang='lat' dir='ltr'><strong>ipsi</strong></span> 
     </span>
     <span class='ocr_line' id='line_1_22' title="bbox 82 2129 1174 2213; baseline -0.005 -22"><span class='ocrx_word' id='word_1_164' title='bbox 82 2132 149 2193; x_wconf 89' lang='lat' dir='ltr'><strong>laici</strong></span> <span class='ocrx_word' id='word_1_165' title='bbox 165 2154 198 2193; x_wconf 91' lang='lat' dir='ltr'><strong>se</strong></span> <span class='ocrx_word' id='word_1_166' title='bbox 216 2131 258 2192; x_wconf 91' lang='lat' dir='ltr'><strong>ad</strong></span> <span class='ocrx_word' id='word_1_167' title='bbox 278 2153 336 2192; x_wconf 90' lang='lat' dir='ltr'><strong>nos</strong></span> <span class='ocrx_word' id='word_1_168' title='bbox 360 2131 435 2192; x_wconf 91' lang='lat' dir='ltr'><strong>inde</strong></span> <span class='ocrx_word' id='word_1_169' title='bbox 454 2129 720 2207; x_wconf 79' lang='lat' dir='ltr'><strong>reclamaverint,</strong></span> <span class='ocrx_word' id='word_1_170' title='bbox 750 2140 874 2192; x_wconf 89' lang='lat' dir='ltr'><strong>nostrae</strong></span> <span class='ocrx_word' id='word_1_171' title='bbox 897 2132 1004 2213; x_wconf 87' lang='lat' dir='ltr'><strong>regiae</strong></span> <span class='ocrx_word' id='word_1_172' title='bbox 1026 2130 1174 2213; x_wconf 84' lang='lat' dir='ltr'><strong>potestati</strong></span> 
     </span>
     <span class='ocr_line' id='line_1_23' title="bbox 82 2211 1174 2297; baseline -0.003 -23"><span class='ocrx_word' id='word_1_173' title='bbox 82 2215 254 2274; x_wconf 73' lang='lat' dir='ltr'><strong>sectandum</strong></span> <span class='ocrx_word' id='word_1_174' title='bbox 278 2222 470 2276; x_wconf 84' lang='lat' dir='ltr'><strong>nostramet</strong></span> <span class='ocrx_word' id='word_1_175' title='bbox 495 2234 585 2274; x_wconf 87' lang='lat' dir='ltr'><strong>suum</strong></span> <span class='ocrx_word' id='word_1_176' title='bbox 613 2211 824 2274; x_wconf 86' lang='lat' dir='ltr'><strong>ministerium</strong></span> <span class='ocrx_word' id='word_1_177' title='bbox 848 2215 907 2296; x_wconf 91' lang='lat' dir='ltr'><strong>ipsi</strong></span> <span class='ocrx_word' id='word_1_178' title='bbox 932 2213 1174 2297; x_wconf 89' lang='lat' dir='ltr'><strong>Archiepiscopi</strong></span> 
     </span>
     <span class='ocr_line' id='line_1_24' title="bbox 84 2293 1174 2378; baseline -0.001 -25"><span class='ocrx_word' id='word_1_179' title='bbox 84 2304 111 2354; x_wconf 88' lang='lat' dir='ltr'><strong>et</strong></span> <span class='ocrx_word' id='word_1_180' title='bbox 126 2296 276 2378; x_wconf 88' lang='lat' dir='ltr'><strong>Episcopi</strong></span> <span class='ocrx_word' id='word_1_181' title='bbox 300 2296 467 2372; x_wconf 86' lang='lat' dir='ltr'><strong>obediant,</strong></span> <span class='ocrx_word' id='word_1_182' title='bbox 491 2305 527 2356; x_wconf 91' lang='lat' dir='ltr'><strong>ut</strong></span> <span class='ocrx_word' id='word_1_183' title='bbox 545 2295 722 2355; x_wconf 80' lang='lat' dir='ltr'><strong>secundum</strong></span> <span class='ocrx_word' id='word_1_184' title='bbox 737 2305 861 2357; x_wconf 89' lang='lat' dir='ltr'><strong>sanctos</strong></span> <span class='ocrx_word' id='word_1_185' title='bbox 879 2297 1040 2374; x_wconf 89' lang='lat' dir='ltr'><strong>Canones,</strong></span> <span class='ocrx_word' id='word_1_186' title='bbox 1057 2305 1091 2358; x_wconf 87' lang='lat' dir='ltr'><strong>et</strong></span> <span class='ocrx_word' id='word_1_187' title='bbox 1105 2293 1174 2354; x_wconf 80' lang='lat' dir='ltr'><strong>iux-</strong></span> 
     </span>
     <span class='ocr_line' id='line_1_25' title="bbox 84 2377 1174 2460; baseline 0.001 -26"><span class='ocrx_word' id='word_1_188' title='bbox 84 2386 109 2434; x_wconf 88' lang='lat' dir='ltr'><strong>ta</strong></span> <span class='ocrx_word' id='word_1_189' title='bbox 124 2378 206 2460; x_wconf 87' lang='lat' dir='ltr'><strong>leges</strong></span> <span class='ocrx_word' id='word_1_190' title='bbox 223 2400 303 2460; x_wconf 86' lang='lat' dir='ltr'><strong>quas</strong></span> <span class='ocrx_word' id='word_1_191' title='bbox 317 2379 461 2439; x_wconf 84' lang='lat' dir='ltr'><strong>Ecclesia</strong></span> <span class='ocrx_word' id='word_1_192' title='bbox 480 2377 638 2439; x_wconf 86' lang='lat' dir='ltr'><strong>catholica</strong></span> <span class='ocrx_word' id='word_1_193' title='bbox 653 2379 765 2457; x_wconf 89' lang='lat' dir='ltr'><strong>probat</strong></span> <span class='ocrx_word' id='word_1_194' title='bbox 789 2387 821 2440; x_wconf 90' lang='lat' dir='ltr'><strong>et</strong></span> <span class='ocrx_word' id='word_1_195' title='bbox 840 2386 968 2455; x_wconf 83' lang='lat' dir='ltr'><strong>servat,</strong></span> <span class='ocrx_word' id='word_1_196' title='bbox 998 2387 1031 2440; x_wconf 87' lang='lat' dir='ltr'><strong>et</strong></span> <span class='ocrx_word' id='word_1_197' title='bbox 1056 2397 1174 2444; x_wconf 75' lang='lat' dir='ltr'><strong>secun-,</strong></span> 
     </span>
     <span class='ocr_line' id='line_1_26' title="bbox 85 2458 1176 2544; baseline 0.001 -28"><span class='ocrx_word' id='word_1_198' title='bbox 85 2459 153 2518; x_wconf 89' lang='lat' dir='ltr'><strong>dum</strong></span> <span class='ocrx_word' id='word_1_199' title='bbox 171 2461 321 2544; x_wconf 87' lang='lat' dir='ltr'><strong>Capitula</strong></span> <span class='ocrx_word' id='word_1_200' title='bbox 338 2461 388 2522; x_wconf 88' lang='lat' dir='ltr'><strong>avi</strong></span> <span class='ocrx_word' id='word_1_201' title='bbox 405 2470 437 2520; x_wconf 88' lang='lat' dir='ltr'><strong>et</strong></span> <span class='ocrx_word' id='word_1_202' title='bbox 450 2460 546 2541; x_wconf 87' lang='lat' dir='ltr'><strong>patris</strong></span> <span class='ocrx_word' id='word_1_203' title='bbox 562 2460 662 2521; x_wconf 88' lang='lat' dir='ltr'><strong>nostri</strong></span> <span class='ocrx_word' id='word_1_204' title='bbox 676 2459 739 2520; x_wconf 87' lang='lat' dir='ltr'><strong>boe</strong></span> <span class='ocrx_word' id='word_1_205' title='bbox 758 2461 928 2522; x_wconf 88' lang='lat' dir='ltr'><strong>emendare</strong></span> <span class='ocrx_word' id='word_1_206' title='bbox 944 2469 1070 2538; x_wconf 85' lang='lat' dir='ltr'><strong>curent,</strong></span> <span class='ocrx_word' id='word_1_207' title='bbox 1088 2466 1119 2520; x_wconf 87' lang='lat' dir='ltr'><strong>et</strong></span> <span class='ocrx_word' id='word_1_208' title='bbox 1137 2458 1176 2518; x_wconf 72' lang='lat' dir='ltr'><strong>si·&#39;</strong></span> 
     </span>
     <span class='ocr_line' id='line_1_27' title="bbox 84 2541 1176 2626; baseline 0.001 -28"><span class='ocrx_word' id='word_1_209' title='bbox 84 2551 132 2600; x_wconf 90' lang='lat' dir='ltr'><strong>ent</strong></span> <span class='ocrx_word' id='word_1_210' title='bbox 142 2542 339 2624; x_wconf 88' lang='lat' dir='ltr'><strong>temporibus</strong></span> <span class='ocrx_word' id='word_1_211' title='bbox 363 2542 413 2602; x_wconf 86' lang='lat' dir='ltr'><strong>avi</strong></span> <span class='ocrx_word' id='word_1_212' title='bbox 427 2552 459 2602; x_wconf 88' lang='lat' dir='ltr'><strong>et</strong></span> <span class='ocrx_word' id='word_1_213' title='bbox 479 2543 577 2626; x_wconf 91' lang='lat' dir='ltr'><strong>patris</strong></span> <span class='ocrx_word' id='word_1_214' title='bbox 597 2542 697 2604; x_wconf 86' lang='lat' dir='ltr'><strong>nostri</strong></span> <span class='ocrx_word' id='word_1_215' title='bbox 719 2543 801 2606; x_wconf 89' lang='lat' dir='ltr'><strong>insta</strong></span> <span class='ocrx_word' id='word_1_216' title='bbox 827 2553 861 2604; x_wconf 89' lang='lat' dir='ltr'><strong>et</strong></span> <span class='ocrx_word' id='word_1_217' title='bbox 880 2541 1079 2604; x_wconf 88' lang='lat' dir='ltr'><strong>rationabilis</strong></span> <span class='ocrx_word' id='word_1_218' title='bbox 1097 2561 1176 2601; x_wconf 87' lang='lat' dir='ltr'><strong>con-</strong></span> 
     </span>
     <span class='ocr_line' id='line_1_28' title="bbox 83 2624 315 2686; baseline 0.009 -4"><span class='ocrx_word' id='word_1_219' title='bbox 83 2624 209 2684; x_wconf 86' lang='lat' dir='ltr'><strong>suetudo</strong></span> <span class='ocrx_word' id='word_1_220' title='bbox 242 2625 315 2686; x_wconf 87' lang='lat' dir='ltr'><strong>fuit.</strong></span> 
     </span>
    </p>

    <p class='ocr_par' dir='ltr' id='par_1_5' title="bbox 73 2705 1177 3776">
     <span class='ocr_line' id='line_1_29' title="bbox 160 2705 1176 2790; baseline -0.004 -22"><span class='ocrx_word' id='word_1_221' title='bbox 160 2707 254 2770; x_wconf 86' lang='lat' dir='ltr'><strong>Vlll.</strong></span> <span class='ocrx_word' id='word_1_222' title='bbox 295 2709 339 2767; x_wconf 91' lang='lat' dir='ltr'><strong>Ut</strong></span> <span class='ocrx_word' id='word_1_223' title='bbox 353 2706 534 2790; x_wconf 84' lang='lat' dir='ltr'><strong>Presbyteri</strong></span> <span class='ocrx_word' id='word_1_224' title='bbox 556 2705 742 2789; x_wconf 83' lang='lat' dir='ltr'><strong>parochiani</strong></span> <span class='ocrx_word' id='word_1_225' title='bbox 768 2707 816 2769; x_wconf 88' lang='lat' dir='ltr'><strong>sui</strong></span> <span class='ocrx_word' id='word_1_226' title='bbox 831 2706 1018 2769; x_wconf 87' lang='lat' dir='ltr'><strong>Senioribus</strong></span> <span class='ocrx_word' id='word_1_227' title='bbox 1037 2706 1176 2770; x_wconf 86' lang='lat' dir='ltr'><strong>debitam</strong></span> 
     </span>
     <span class='ocr_line' id='line_1_30' title="bbox 84 2788 1175 2872; baseline 0.005 -30"><span class='ocrx_word' id='word_1_228' title='bbox 84 2789 307 2866; x_wconf 83' lang='lat' dir='ltr'><strong>reverentiam,</strong></span> <span class='ocrx_word' id='word_1_229' title='bbox 341 2798 373 2850; x_wconf 92' lang='lat' dir='ltr'><strong>et</strong></span> <span class='ocrx_word' id='word_1_230' title='bbox 400 2799 633 2870; x_wconf 85' lang='lat' dir='ltr'><strong>competentem</strong></span> <span class='ocrx_word' id='word_1_231' title='bbox 659 2788 814 2851; x_wconf 90' lang='lat' dir='ltr'><strong>bonorem</strong></span> <span class='ocrx_word' id='word_1_232' title='bbox 836 2799 932 2870; x_wconf 83' lang='lat' dir='ltr'><strong>atque</strong></span> <span class='ocrx_word' id='word_1_233' title='bbox 964 2789 1175 2872; x_wconf 82' lang='lat' dir='ltr'><strong>obsequium,</strong></span> 
     </span>
     <span class='ocr_line' id='line_1_31' title="bbox 85 2870 1176 2954; baseline 0.005 -28"><span class='ocrx_word' id='word_1_234' title='bbox 85 2870 256 2931; x_wconf 87' lang='lat' dir='ltr'><strong>seeundum</strong></span> <span class='ocrx_word' id='word_1_235' title='bbox 283 2893 374 2932; x_wconf 91' lang='lat' dir='ltr'><strong>suum</strong></span> <span class='ocrx_word' id='word_1_236' title='bbox 395 2871 608 2932; x_wconf 89' lang='lat' dir='ltr'><strong>ministerium</strong></span> <span class='ocrx_word' id='word_1_237' title='bbox 635 2871 842 2953; x_wconf 73' lang='lat' dir='ltr'><strong>impendant,</strong></span> <span class='ocrx_word' id='word_1_238' title='bbox 870 2872 955 2933; x_wconf 88' lang='lat' dir='ltr'><strong>sicut</strong></span> <span class='ocrx_word' id='word_1_239' title='bbox 979 2873 1011 2934; x_wconf 92' lang='lat' dir='ltr'><strong>in</strong></span> <span class='ocrx_word' id='word_1_240' title='bbox 1036 2873 1176 2954; x_wconf 83' lang='lat' dir='ltr'><strong>Legibus</strong></span> 
     </span>
     <span class='ocr_line' id='line_1_32' title="bbox 84 2951 1177 3036; baseline 0.005 -29"><span class='ocrx_word' id='word_1_241' title='bbox 84 2951 173 3011; x_wconf 87' lang='lat' dir='ltr'><strong>saeris</strong></span> <span class='ocrx_word' id='word_1_242' title='bbox 191 2963 223 3013; x_wconf 93' lang='lat' dir='ltr'><strong>et</strong></span> <span class='ocrx_word' id='word_1_243' title='bbox 242 2954 274 3012; x_wconf 91' lang='lat' dir='ltr'><strong>in</strong></span> <span class='ocrx_word' id='word_1_244' title='bbox 293 2955 441 3035; x_wconf 86' lang='lat' dir='ltr'><strong>praelatis</strong></span> <span class='ocrx_word' id='word_1_245' title='bbox 459 2954 615 3034; x_wconf 88' lang='lat' dir='ltr'><strong>Capitulis</strong></span> <span class='ocrx_word' id='word_1_246' title='bbox 630 2954 836 3028; x_wconf 87' lang='lat' dir='ltr'><strong>continetur,</strong></span> <span class='ocrx_word' id='word_1_247' title='bbox 859 2964 889 3014; x_wconf 91' lang='lat' dir='ltr'><strong>et</strong></span> <span class='ocrx_word' id='word_1_248' title='bbox 910 2954 993 3015; x_wconf 88' lang='lat' dir='ltr'><strong>sicut</strong></span> <span class='ocrx_word' id='word_1_249' title='bbox 1020 2952 1177 3036; x_wconf 86' lang='lat' dir='ltr'><strong>tempori-</strong></span> 
     </span>
     <span class='ocr_line' id='line_1_33' title="bbox 84 3031 1175 3119; baseline 0.007 -31"><span class='ocrx_word' id='word_1_250' title='bbox 84 3031 137 3091; x_wconf 88' lang='lat' dir='ltr'><strong>bus</strong></span> <span class='ocrx_word' id='word_1_251' title='bbox 159 3035 208 3094; x_wconf 83' lang='lat' dir='ltr'><strong>ari</strong></span> <span class='ocrx_word' id='word_1_252' title='bbox 226 3045 260 3096; x_wconf 89' lang='lat' dir='ltr'><strong>et</strong></span> <span class='ocrx_word' id='word_1_253' title='bbox 271 3036 369 3119; x_wconf 88' lang='lat' dir='ltr'><strong>patris</strong></span> <span class='ocrx_word' id='word_1_254' title='bbox 390 3036 488 3095; x_wconf 89' lang='lat' dir='ltr'><strong>nostri</strong></span> <span class='ocrx_word' id='word_1_255' title='bbox 507 3035 587 3096; x_wconf 88' lang='lat' dir='ltr'><strong>iusta</strong></span> <span class='ocrx_word' id='word_1_256' title='bbox 602 3044 634 3096; x_wconf 91' lang='lat' dir='ltr'><strong>et</strong></span> <span class='ocrx_word' id='word_1_257' title='bbox 661 3037 858 3097; x_wconf 87' lang='lat' dir='ltr'><strong>rationabilis</strong></span> <span class='ocrx_word' id='word_1_258' title='bbox 883 3040 1082 3099; x_wconf 89' lang='lat' dir='ltr'><strong>consuetudo</strong></span> <span class='ocrx_word' id='word_1_259' title='bbox 1104 3038 1175 3097; x_wconf 84' lang='lat' dir='ltr'><strong>fuit.</strong></span> 
     </span>
     <span class='ocr_line' id='line_1_34' title="bbox 85 3114 1176 3208; baseline 0.01 -38"><span class='ocrx_word' id='word_1_260' title='bbox 85 3114 219 3208; x_wconf 76' lang='lat' dir='ltr'><strong>Quodsi</strong></span> <span class='ocrx_word' id='word_1_261' title='bbox 242 3118 301 3199; x_wconf 90' lang='lat' dir='ltr'><strong>ipsi</strong></span> <span class='ocrx_word' id='word_1_262' title='bbox 313 3117 493 3200; x_wconf 84' lang='lat' dir='ltr'><strong>Presbyteri</strong></span> <span class='ocrx_word' id='word_1_263' title='bbox 513 3139 576 3178; x_wconf 90' lang='lat' dir='ltr'><strong>non</strong></span> <span class='ocrx_word' id='word_1_264' title='bbox 598 3118 746 3198; x_wconf 83' lang='lat' dir='ltr'><strong>fecerint,</strong></span> <span class='ocrx_word' id='word_1_265' title='bbox 769 3120 920 3180; x_wconf 88' lang='lat' dir='ltr'><strong>Seniores</strong></span> <span class='ocrx_word' id='word_1_266' title='bbox 943 3121 1073 3180; x_wconf 90' lang='lat' dir='ltr'><strong>illorum</strong></span> <span class='ocrx_word' id='word_1_267' title='bbox 1087 3121 1176 3200; x_wconf 87' lang='lat' dir='ltr'><strong>Epis·</strong></span> 
     </span>
     <span class='ocr_line' id='line_1_35' title="bbox 84 3199 1175 3282; baseline 0.009 -31"><span class='ocrx_word' id='word_1_268' title='bbox 84 3215 146 3274; x_wconf 80' lang='lat' dir='ltr'><strong>pis,</strong></span> <span class='ocrx_word' id='word_1_269' title='bbox 169 3219 233 3258; x_wconf 92' lang='lat' dir='ltr'><strong>non</strong></span> <span class='ocrx_word' id='word_1_270' title='bbox 251 3220 310 3281; x_wconf 91' lang='lat' dir='ltr'><strong>per</strong></span> <span class='ocrx_word' id='word_1_271' title='bbox 324 3200 525 3261; x_wconf 87' lang='lat' dir='ltr'><strong>occasionem</strong></span> <span class='ocrx_word' id='word_1_272' title='bbox 539 3209 594 3259; x_wconf 89' lang='lat' dir='ltr'><strong>aut</strong></span> <span class='ocrx_word' id='word_1_273' title='bbox 614 3199 786 3274; x_wconf 86' lang='lat' dir='ltr'><strong>malitiam,</strong></span> <span class='ocrx_word' id='word_1_274' title='bbox 817 3201 872 3261; x_wconf 88' lang='lat' dir='ltr'><strong>sed</strong></span> <span class='ocrx_word' id='word_1_275' title='bbox 892 3223 952 3282; x_wconf 88' lang='lat' dir='ltr'><strong>per</strong></span> <span class='ocrx_word' id='word_1_276' title='bbox 972 3205 1127 3263; x_wconf 87' lang='lat' dir='ltr'><strong>rationem</strong></span> <span class='ocrx_word' id='word_1_277' title='bbox 1144 3211 1175 3262; x_wconf 90' lang='lat' dir='ltr'><strong>et</strong></span> 
     </span>
     <span class='ocr_line' id='line_1_36' title="bbox 83 3276 1175 3365; baseline 0.006 -29"><span class='ocrx_word' id='word_1_278' title='bbox 83 3276 344 3356; x_wconf 76' lang='lat' dir='ltr'><strong>veritatem,.hoc</strong></span> <span class='ocrx_word' id='word_1_279' title='bbox 366 3282 565 3342; x_wconf 85' lang='lat' dir='ltr'><strong>innotescere</strong></span> <span class='ocrx_word' id='word_1_280' title='bbox 592 3283 757 3350; x_wconf 89' lang='lat' dir='ltr'><strong>studeant;</strong></span> <span class='ocrx_word' id='word_1_281' title='bbox 779 3293 811 3342; x_wconf 90' lang='lat' dir='ltr'><strong>et</strong></span> <span class='ocrx_word' id='word_1_282' title='bbox 834 3282 985 3365; x_wconf 90' lang='lat' dir='ltr'><strong>Episcopi</strong></span> <span class='ocrx_word' id='word_1_283' title='bbox 1003 3286 1175 3356; x_wconf 71' lang='lat' dir='ltr'><strong>Presbyte-</strong></span> 
     </span>
     <span class='ocr_line' id='line_1_37' title="bbox 73 3355 1175 3446; baseline 0.01 -33"><span class='ocrx_word' id='word_1_284' title='bbox 73 3377 131 3418; x_wconf 87' lang='lat' dir='ltr'><strong>ros</strong></span> <span class='ocrx_word' id='word_1_285' title='bbox 146 3363 324 3424; x_wconf 86' lang='lat' dir='ltr'><strong>secundum</strong></span> <span class='ocrx_word' id='word_1_286' title='bbox 339 3386 432 3425; x_wconf 91' lang='lat' dir='ltr'><strong>suum</strong></span> <span class='ocrx_word' id='word_1_287' title='bbox 454 3363 666 3424; x_wconf 88' lang='lat' dir='ltr'><strong>ministerium</strong></span> <span class='ocrx_word' id='word_1_288' title='bbox 686 3373 718 3426; x_wconf 91' lang='lat' dir='ltr'><strong>et</strong></span> <span class='ocrx_word' id='word_1_289' title='bbox 733 3365 819 3446; x_wconf 83' lang='lat' dir='ltr'><strong>leges</strong></span> <span class='ocrx_word' id='word_1_290' title='bbox 846 3367 1078 3426; x_wconf 87' lang='lat' dir='ltr'><strong>ecclesiasticas</strong></span> <span class='ocrx_word' id='word_1_291' title='bbox 1100 3355 1175 3425; x_wconf 80' lang='lat' dir='ltr'><strong>lali-</strong></span> 
     </span>
     <span class='ocr_line' id='line_1_38' title="bbox 86 3445 1175 3527; baseline 0.007 -31"><span class='ocrx_word' id='word_1_292' title='bbox 86 3448 130 3498; x_wconf 87' lang='lat' dir='ltr'><strong>ter</strong></span> <span class='ocrx_word' id='word_1_293' title='bbox 145 3445 316 3524; x_wconf 80' lang='lat' dir='ltr'><strong>castigent,</strong></span> <span class='ocrx_word' id='word_1_294' title='bbox 340 3456 375 3505; x_wconf 91' lang='lat' dir='ltr'><strong>ut</strong></span> <span class='ocrx_word' id='word_1_295' title='bbox 391 3446 453 3506; x_wconf 88' lang='lat' dir='ltr'><strong>boc</strong></span> <span class='ocrx_word' id='word_1_296' title='bbox 471 3446 543 3506; x_wconf 91' lang='lat' dir='ltr'><strong>illos</strong></span> <span class='ocrx_word' id='word_1_297' title='bbox 562 3447 732 3506; x_wconf 86' lang='lat' dir='ltr'><strong>emendare</strong></span> <span class='ocrx_word' id='word_1_298' title='bbox 755 3447 911 3516; x_wconf 86' lang='lat' dir='ltr'><strong>deleetct;</strong></span> <span class='ocrx_word' id='word_1_299' title='bbox 934 3449 1075 3527; x_wconf 76' lang='lat' dir='ltr'><strong>quaditrr</strong></span> <span class='ocrx_word' id='word_1_300' title='bbox 1102 3469 1175 3507; x_wconf 89' lang='lat' dir='ltr'><strong>cnm</strong></span> 
     </span>
     <span class='ocr_line' id='line_1_39' title="bbox 87 3527 1175 3610; baseline 0.006 -30"><span class='ocrx_word' id='word_1_301' title='bbox 87 3527 256 3587; x_wconf 87' lang='lat' dir='ltr'><strong>necessaria</strong></span> <span class='ocrx_word' id='word_1_302' title='bbox 274 3527 480 3608; x_wconf 82' lang='lat' dir='ltr'><strong>benignitatis</strong></span> <span class='ocrx_word' id='word_1_303' title='bbox 495 3527 668 3588; x_wconf 87' lang='lat' dir='ltr'><strong>eoncordia</strong></span> <span class='ocrx_word' id='word_1_304' title='bbox 694 3539 726 3589; x_wconf 90' lang='lat' dir='ltr'><strong>et</strong></span> <span class='ocrx_word' id='word_1_305' title='bbox 741 3528 786 3587; x_wconf 92' lang='lat' dir='ltr'><strong>illi</strong></span> <span class='ocrx_word' id='word_1_306' title='bbox 804 3551 861 3610; x_wconf 89' lang='lat' dir='ltr'><strong>pro</strong></span> <span class='ocrx_word' id='word_1_307' title='bbox 886 3528 1075 3590; x_wconf 87' lang='lat' dir='ltr'><strong>Senioribus</strong></span> <span class='ocrx_word' id='word_1_308' title='bbox 1110 3529 1175 3590; x_wconf 89' lang='lat' dir='ltr'><strong>suis</strong></span> 
     </span>
     <span class='ocr_line' id='line_1_40' title="bbox 76 3609 1175 3694; baseline 0.007 -33"><span class='ocrx_word' id='word_1_309' title='bbox 76 3624 190 3678; x_wconf 86' lang='lat' dir='ltr'><strong>¹orare,</strong></span> <span class='ocrx_word' id='word_1_310' title='bbox 214 3618 247 3668; x_wconf 90' lang='lat' dir='ltr'><strong>et</strong></span> <span class='ocrx_word' id='word_1_311' title='bbox 265 3609 415 3670; x_wconf 89' lang='lat' dir='ltr'><strong>Seniores</strong></span> <span class='ocrx_word' id='word_1_312' title='bbox 431 3609 562 3669; x_wconf 83' lang='lat' dir='ltr'><strong>illorum</strong></span> <span class='ocrx_word' id='word_1_313' title='bbox 587 3631 675 3670; x_wconf 82' lang='lat' dir='ltr'><strong>sacra</strong></span> <span class='ocrx_word' id='word_1_314' title='bbox 705 3611 806 3671; x_wconf 86' lang='lat' dir='ltr'><strong>ollicia</strong></span> <span class='ocrx_word' id='word_1_315' title='bbox 834 3621 865 3671; x_wconf 91' lang='lat' dir='ltr'><strong>et</strong></span> <span class='ocrx_word' id='word_1_316' title='bbox 891 3611 1000 3671; x_wconf 89' lang='lat' dir='ltr'><strong>divina</strong></span> <span class='ocrx_word' id='word_1_317' title='bbox 1027 3613 1175 3694; x_wconf 73' lang='lat' dir='ltr'><strong>mysteria</strong></span> 
     </span>
     <span class='ocr_line' id='line_1_41' title="bbox 86 3690 764 3776; baseline 0.01 -32"><span class='ocrx_word' id='word_1_318' title='bbox 86 3705 160 3764; x_wconf 87' lang='lat' dir='ltr'><strong>puro</strong></span> <span class='ocrx_word' id='word_1_319' title='bbox 174 3692 268 3753; x_wconf 86' lang='lat' dir='ltr'><strong>corde</strong></span> <span class='ocrx_word' id='word_1_320' title='bbox 288 3690 435 3773; x_wconf 82' lang='lat' dir='ltr'><strong>per-illos</strong></span> <span class='ocrx_word' id='word_1_321' title='bbox 449 3692 610 3776; x_wconf 88' lang='lat' dir='ltr'><strong>suscipere</strong></span> <span class='ocrx_word' id='word_1_322' title='bbox 632 3692 764 3773; x_wconf 83' lang='lat' dir='ltr'><strong>possint.</strong></span> 
     </span>
    </p>

    <p class='ocr_par' dir='ltr' id='par_1_6' title="bbox 89 3770 1178 4101">
     <span class='ocr_line' id='line_1_42' title="bbox 161 3770 1171 3852; baseline 0.004 -21"><span class='ocrx_word' id='word_1_323' title='bbox 161 3770 221 3837; x_wconf 71' lang='lat' dir='ltr'><strong>lx.</strong></span> <span class='ocrx_word' id='word_1_324' title='bbox 263 3777 304 3832; x_wconf 87' lang='lat' dir='ltr'><strong>Ut</strong></span> <span class='ocrx_word' id='word_1_325' title='bbox 321 3773 347 3835; x_wconf 92' lang='lat' dir='ltr'><strong>si</strong></span> <span class='ocrx_word' id='word_1_326' title='bbox 370 3772 508 3836; x_wconf 83' lang='lat' dir='ltr'><strong>Abbates</strong></span> <span class='ocrx_word' id='word_1_327' title='bbox 523 3820 535 3846; x_wconf 88' lang='lat'><strong>,</strong></span> <span class='ocrx_word' id='word_1_328' title='bbox 559 3774 612 3836; x_wconf 86' lang='lat' dir='ltr'><strong>vel</strong></span> <span class='ocrx_word' id='word_1_329' title='bbox 632 3774 839 3850; x_wconf 85' lang='lat' dir='ltr'><strong>Abbatissae,</strong></span> <span class='ocrx_word' id='word_1_330' title='bbox 863 3785 918 3834; x_wconf 71' lang='lat' dir='ltr'><strong>aad</strong></span> <span class='ocrx_word' id='word_1_331' title='bbox 935 3773 1094 3852; x_wconf 88' lang='lat' dir='ltr'><strong>Comites,</strong></span> <span class='ocrx_word' id='word_1_332' title='bbox 1116 3799 1171 3837; x_wconf 87' lang='lat' dir='ltr'><strong>scu</strong></span> 
     </span>
     <span class='ocr_line' id='line_1_43' title="bbox 89 3853 1177 3939; baseline 0.011 -31"><span class='ocrx_word' id='word_1_333' title='bbox 89 3853 160 3912; x_wconf 79' lang='lat' dir='ltr'><strong>vassi</strong></span> <span class='ocrx_word' id='word_1_334' title='bbox 186 3855 304 3932; x_wconf 86' lang='lat' dir='ltr'><strong>nostri,</strong></span> <span class='ocrx_word' id='word_1_335' title='bbox 328 3866 382 3916; x_wconf 89' lang='lat' dir='ltr'><strong>aut</strong></span> <span class='ocrx_word' id='word_1_336' title='bbox 407 3857 523 3918; x_wconf 87' lang='lat' dir='ltr'><strong>caeteri</strong></span> <span class='ocrx_word' id='word_1_337' title='bbox 551 3855 626 3917; x_wconf 89' lang='lat' dir='ltr'><strong>laici</strong></span> <span class='ocrx_word' id='word_1_338' title='bbox 653 3857 796 3917; x_wconf 90' lang='lat' dir='ltr'><strong>Clericos</strong></span> <span class='ocrx_word' id='word_1_339' title='bbox 824 3857 997 3939; x_wconf 89' lang='lat' dir='ltr'><strong>probabilis</strong></span> <span class='ocrx_word' id='word_1_340' title='bbox 1028 3858 1112 3918; x_wconf 87' lang='lat' dir='ltr'><strong>ritae</strong></span> <span class='ocrx_word' id='word_1_341' title='bbox 1145 3873 1177 3920; x_wconf 88' lang='lat' dir='ltr'><strong>et</strong></span> 
     </span>
     <span class='ocr_line' id='line_1_44' title="bbox 89 3932 1176 4021; baseline 0.009 -30"><span class='ocrx_word' id='word_1_342' title='bbox 89 3932 244 3996; x_wconf 74' lang='lat' dir='ltr'><strong>(lucerinae</strong></span> <span class='ocrx_word' id='word_1_343' title='bbox 264 3937 431 4021; x_wconf 88' lang='lat' dir='ltr'><strong>Episcopis</strong></span> <span class='ocrx_word' id='word_1_344' title='bbox 450 3939 603 4002; x_wconf 89' lang='lat' dir='ltr'><strong>canonice</strong></span> <span class='ocrx_word' id='word_1_345' title='bbox 625 3939 879 4015; x_wconf 88' lang='lat' dir='ltr'><strong>consecrandos,</strong></span> <span class='ocrx_word' id='word_1_346' title='bbox 901 3939 1031 4020; x_wconf 87' lang='lat' dir='ltr'><strong>suisque</strong></span> <span class='ocrx_word' id='word_1_347' title='bbox 1055 3941 1086 3998; x_wconf 94' lang='lat' dir='ltr'><strong>in</strong></span> <span class='ocrx_word' id='word_1_348' title='bbox 1112 3942 1176 4001; x_wconf 83' lang='lat' dir='ltr'><strong>Eo-</strong></span> 
     </span>
     <span class='ocr_line' id='line_1_45' title="bbox 89 4012 1178 4101; baseline 0.01 -29"><span class='ocrx_word' id='word_1_349' title='bbox 89 4012 186 4076; x_wconf 88' lang='lat' dir='ltr'><strong>clesiis</strong></span> <span class='ocrx_word' id='word_1_350' title='bbox 208 4021 466 4097; x_wconf 86' lang='lat' dir='ltr'><strong>constituendos,</strong></span> <span class='ocrx_word' id='word_1_351' title='bbox 490 4021 684 4099; x_wconf 82' lang='lat' dir='ltr'><strong>obtulerint,</strong></span> <span class='ocrx_word' id='word_1_352' title='bbox 721 4020 810 4080; x_wconf 89' lang='lat' dir='ltr'><strong>nulla</strong></span> <span class='ocrx_word' id='word_1_353' title='bbox 836 4022 980 4101; x_wconf 87' lang='lat' dir='ltr'><strong>qualibet</strong></span> <span class='ocrx_word' id='word_1_354' title='bbox 1010 4023 1178 4084; x_wconf 75' lang='lat' dir='ltr'><strong>occasione</strong></span> 
     </span>
    </p>
   </div>
   <div class='ocr_carea' id='block_1_3' title="bbox 74 4099 1178 4352">
    <p class='ocr_par' dir='ltr' id='par_1_7' title="bbox 74 4099 1178 4352">
     <span class='ocr_line' id='line_1_46' title="bbox 75 4099 1177 4186; baseline 0.007 -30"><span class='ocrx_word' id='word_1_355' title='bbox 75 4115 136 4186; x_wconf 70' lang='lat' dir='ltr'><strong>&#39;eos</strong></span> <span class='ocrx_word' id='word_1_356' title='bbox 157 4099 304 4183; x_wconf 90' lang='lat' dir='ltr'><strong>Episcopi</strong></span> <span class='ocrx_word' id='word_1_357' title='bbox 326 4104 376 4163; x_wconf 85' lang='lat' dir='ltr'><strong>vel</strong></span> <span class='ocrx_word' id='word_1_358' title='bbox 396 4104 530 4163; x_wconf 86' lang='lat' dir='ltr'><strong>ministri</strong></span> <span class='ocrx_word' id='word_1_359' title='bbox 552 4125 663 4164; x_wconf 88' lang='lat' dir='ltr'><strong>eorum</strong></span> <span class='ocrx_word' id='word_1_360' title='bbox 686 4103 840 4171; x_wconf 77' lang='lat' dir='ltr'><strong>reiciant3-</strong></span> <span class='ocrx_word' id='word_1_361' title='bbox 859 4113 891 4162; x_wconf 89' lang='lat' dir='ltr'><strong>et</strong></span> <span class='ocrx_word' id='word_1_362' title='bbox 910 4103 1059 4186; x_wconf 87' lang='lat' dir='ltr'><strong>Episcopi</strong></span> <span class='ocrx_word' id='word_1_363' title='bbox 1086 4112 1177 4184; x_wconf 86' lang='lat' dir='ltr'><strong>pr&#39;ae-</strong></span> 
     </span>
     <span class='ocr_line' id='line_1_47' title="bbox 74 4177 1178 4268; baseline 0.008 -32"><span class='ocrx_word' id='word_1_364' title='bbox 74 4177 208 4268; x_wconf 64' lang='lat' dir='ltr'><strong>‘videant</strong></span> <span class='ocrx_word' id='word_1_365' title='bbox 224 4203 320 4264; x_wconf 85' lang='lat' dir='ltr'><strong>quem</strong></span> <span class='ocrx_word' id='word_1_366' title='bbox 338 4185 493 4246; x_wconf 86' lang='lat' dir='ltr'><strong>honorem</strong></span> <span class='ocrx_word' id='word_1_367' title='bbox 513 4187 694 4267; x_wconf 78' lang='lat' dir='ltr'><strong>Presbyteri</strong></span> <span class='ocrx_word' id='word_1_368' title='bbox 713 4205 770 4267; x_wconf 91' lang='lat' dir='ltr'><strong>pro</strong></span> <span class='ocrx_word' id='word_1_369' title='bbox 793 4185 947 4246; x_wconf 88' lang='lat' dir='ltr'><strong>Ecclesiis</strong></span> <span class='ocrx_word' id='word_1_370' title='bbox 969 4187 1033 4252; x_wconf 81' lang='lat' dir='ltr'><strong>suis</strong></span> <span class='ocrx_word' id='word_1_371' title='bbox 1062 4187 1178 4266; x_wconf 75' lang='lat' dir='ltr'><strong>Senio-</strong></span> 
     </span>
     <span class='ocr_line' id='line_1_48' title="bbox 90 4259 1176 4352; baseline 0.007 -31"><span class='ocrx_word' id='word_1_372' title='bbox 90 4259 168 4323; x_wconf 76' lang='lat' dir='ltr'><strong>abus</strong></span> <span class='ocrx_word' id='word_1_373' title='bbox 185 4265 250 4330; x_wconf 85' lang='lat' dir='ltr'><strong>suis</strong></span> <span class='ocrx_word' id='word_1_374' title='bbox 269 4267 411 4332; x_wconf 84' lang='lat' dir='ltr'><strong>tribuere</strong></span> <span class='ocrx_word' id='word_1_375' title='bbox 429 4269 557 4336; x_wconf 83' lang='lat' dir='ltr'><strong>debent,</strong></span> <span class='ocrx_word' id='word_1_376' title='bbox 608 4273 649 4333; x_wconf 83' lang='lat' dir='ltr'><strong>Et</strong></span> <span class='ocrx_word' id='word_1_377' title='bbox 668 4267 819 4352; x_wconf 87' lang='lat' dir='ltr'><strong>Episcopi</strong></span> <span class='ocrx_word' id='word_1_378' title='bbox 845 4267 1010 4350; x_wconf 80' lang='lat' dir='ltr'><strong>parochias</strong></span> <span class='ocrx_word' id='word_1_379' title='bbox 1034 4278 1066 4331; x_wconf 88' lang='lat' dir='ltr'><strong>et</strong></span> <span class='ocrx_word' id='word_1_380' title='bbox 1093 4271 1176 4330; x_wconf 85' lang='lat' dir='ltr'><strong>deci-</strong></span> 
     </span>
    </p>
   </div>
   <div class='ocr_carea' id='block_1_4' title="bbox 0 0 1337 4978">
    <p class='ocr_par' dir='ltr' id='par_1_8' title="bbox 0 0 1337 4978">
     <span class='ocr_line' id='line_1_49' title="bbox 0 0 1337 4978; baseline 0 0"><span class='ocrx_word' id='word_1_381' title='bbox 0 0 1337 4978; x_wconf 95' lang='lat' dir='ltr'><strong> </strong></span> 
     </span>
    </p>
   </div>
  </div>
 </body>
</html>
