2658 4978
177 291 247 361 toa
385 310 517 366 neira.
624 305 866 366 cartrucnau
974 316 1029 381 sn.

174 471 216 512 ne
243 449 282 510 ab
298 449 450 512 omnibus
465 449 691 534 amplectatur,
711 459 747 513 et
767 450 800 512 in
821 447 969 515 omnibus
987 454 1187 538 custodiatur,
1206 464 1242 523 si·

112 600 124 622 ν
175 541 229 595 cut
245 533 297 594 avi
318 543 351 594 et
367 534 522 616 genitoris
539 533 640 596 nostri
654 543 790 595 monent
803 533 917 596 edicta.

316 667 375 743 (Ut
389 667 580 750 Imperatori
599 667 700 727 bonor
715 667 754 728 ab
773 667 915 728 omnibus
934 666 1122 747 observetur.)

255 778 297 846 V.
339 783 382 840 Ut
400 780 574 858 imperialis
593 779 699 841 honor
719 780 757 840 ab
790 781 938 842 omnibns
961 781 1097 842 fideliter
1120 786 1246 850 observo·

175 873 242 933 tur;
268 873 400 946 atquae
425 865 463 922 ab
483 885 520 922 eo
542 885 598 924 seu
620 883 679 944 per
696 863 862 944 epistolam
876 886 933 924 seu
958 885 1016 946 per
1037 864 1148 947 legatos
1168 891 1246 950 prac-

173 947 357 1028 cipiuntur,
380 947 397 1006 d
421 946 512 1006 nullo
527 945 658 1027 impune
680 946 817 1006 audeant
841 945 966 1007 violari.
1041 1025 1044 1033 ἢ

175 1072 232 1154 (Ut
253 1078 409 1160 Episcopi
425 1076 632 1137 ministerium
648 1097 736 1134 stasim
757 1078 824 1136 sine
850 1078 1031 1160 cuiusquam
1053 1079 1247 1166 impedimento

209 1167 213 1176 '
533 1171 564 1217 et
581 1157 723 1218 rrtolestia
733 1163 907 1242 peragant.)

257 1271 319 1338 Vl.
361 1273 404 1332 Ut
426 1271 579 1354 Episcopi
613 1269 827 1332 ministerium
856 1293 950 1334 suum
975 1277 1145 1337 secundum
1164 1301 1253 1341 sacros

174 1365 207 1418 el
223 1365 333 1416 sancto
355 1354 478 1436 Spiritu
508 1355 725 1436 promulgatos
749 1356 895 1416 Canones
918 1369 1087 1439 peragant,
1109 1361 1253 1441 parochias

178 1461 250 1499 suas
270 1440 389 1519 absque
410 1437 546 1497 alicuius
573 1436 821 1516 impedimento,
849 1437 1085 1520 praedicando,
1116 1444 1255 1524 corrigen-

181 1523 246 1597 do,
269 1531 302 1582 et
318 1519 537 1580 confirmando
560 1519 771 1590 circumeant;
789 1529 821 1580 et
843 1521 876 1578 in
898 1520 959 1580 hoc
972 1524 1095 1603 agendo
1112 1525 1255 1586 nulluseis

174 1602 335 1664 contraire
358 1611 390 1661 et
415 1603 504 1684 quod
532 1601 572 1660 ad
598 1601 812 1662 ministerium
835 1602 967 1663 illorum
990 1605 1128 1686 pertinet
1146 1618 1254 1666 contra-

176 1685 339 1746 dicere-in
363 1685 439 1766 ipsis
456 1683 616 1765 parochiis
634 1685 759 1760 audeat,
781 1683 832 1745 rel
853 1684 898 1746 eis
917 1685 1035 1746 exinde
1054 1688 1187 1769 aliquam
1199 1712 1257 1748 mo-

175 1768 300 1832 lestiam
323 1767 458 1836 inferam
479 1767 537 1828 sed
561 1765 699 1842 adiutor,
721 1767 747 1826 si
771 1767 967 1848 oportuerit,
991 1767 1139 1829 invitatus
1156 1773 1256 1831 aPon·

175 1850 262 1910 tilice
282 1847 420 1930 quisque
443 1848 607 1909 Ecclesiae
632 1847 717 1908 lilius
739 1848 870 1920 existat3
892 1859 927 1910 ut
945 1851 1043 1911 liceat
1065 1851 1110 1911 eis
1128 1853 1257 1912 crimina-

175 1932 218 1990 lia
241 1933 362 1991 scelera
383 1939 416 1990 et
436 1931 497 1990 alia
515 1949 662 2012 quaeque
687 1932 879 2011 corrigenda
902 1931 1082 2014 inquirere,
1104 1933 1255 2010 discutere,

176 2024 209 2074 ct
233 2012 410 2074 diiudicare
435 2013 600 2076 canonice.
643 2013 739 2090 Quod
756 2014 811 2094 qui
832 2023 989 2074 temerare
1014 2023 1160 2096 proterve
1178 2038 1255 2098 prae-

173 2095 356 2176 sumpserit,
377 2095 539 2177 triplicem
562 2097 667 2178 legcm
686 2105 718 2156 et
739 2095 857 2178 triplex
875 2093 1021 2156 bannum
1041 2107 1179 2158 nostrum
1194 2121 1257 2181 per-

111 2213 115 2220 ·
176 2180 304 2238 solvan

174 2284 238 2362 (Ut
262 2281 414 2368 Episcopi
435 2305 494 2368 per
518 2305 550 2344 se
578 2296 608 2345 et
631 2285 836 2361 Presbyteros
858 2283 1092 2368 praedicationi
1112 2287 1258 2346 insistant:

174 2365 478 2451 ctfideles'diebus
493 2365 591 2446 sestis
619 2365 664 2425 ad
685 2368 826 2452 publicas
855 2368 1005 2427 stationes
1036 2381 1211 2438 occurrant,
1235 2379 1259 2425 ct
1317 2367 1318 2376 ’

194 2451 299 2520 nullus
325 2449 414 2510 domi
436 2469 508 2508 satae
531 2449 647 2508 Missas
672 2450 807 2510 celebret
834 2451 900 2509 siae
924 2451 1053 2510 licentia
1081 2451 1244 2534 Episcopi).

256 2563 334 2625 Vll.
376 2565 419 2623 Ut
434 2563 586 2644 Episcopi
606 2563 785 2626 seeundum
806 2584 926 2624 sacram
952 2563 1126 2625 iussionem
1146 2563 1259 2624 Domini

152 2712 155 2716 ¹
175 2645 276 2708 nostri
298 2647 370 2708 lesu
390 2646 510 2711 Christi
527 2647 796 2728 praedicationem
812 2667 870 2728 pcr
894 2667 939 2722 se,
959 2649 1010 2706 vel
1032 2668 1093 2730 per
1113 2669 1182 2708 suos
1200 2668 1261 2706 con·

120 2791 122 2796 ,
176 2739 332 2812 gruenter
354 2738 544 2806 exerceant,
568 2738 599 2787 et
619 2728 825 2808 Preslsyteros
844 2749 918 2788 suos
937 2739 972 2788 ut
991 2729 1140 2790 similiter
1160 2729 1261 2792 faciant

177 2813 338 2872 instruere
359 2821 544 2891 procurent.
585 2811 627 2870 Et
651 2819 687 2869 ut
705 2811 864 2870 seculares
890 2819 923 2871 ct
940 2811 1055 2874 fideles
1076 2811 1147 2872 laici
1165 2810 1260 2872 dicbus

173 2894 280 2969 festis,
303 2891 414 2974 quiin
439 2891 620 2954 civitatibus
642 2901 729 2967 sunt,
751 2893 791 2952 ad
818 2891 961 2973 publicas
986 2894 1140 2955 stationes
1163 2913 1260 2954 occur-

175 2985 266 3037 rant:
296 2973 404 3054 etqui
430 2974 463 3034 in
490 2973 614 3036 villulis
639 2983 675 3034 et
703 2974 955 3054 possessionibus
982 2984 1077 3050 sunt,
1109 2977 1147 3036 ad
1168 2973 1259 3058 publi·
1316 3025 1317 3032 ,

176 3079 250 3118 cum
269 3055 413 3116 officium
436 3057 469 3116 in
487 3057 617 3137 plebem
633 3055 795 3122 festinent.
837 3053 879 3118 Et
897 3057 1007 3118 nullus
1022 3055 1187 3120 latibulosa
1201 3053 1261 3116 llis·
1316 3049 1317 3124 j

175 3161 282 3201 sarum
303 3137 337 3198 in
360 3137 426 3197 suis
451 3138 597 3198 domibus
625 3137 732 3198 officis
750 3138 913 3200 celebrare
936 3153 1119 3222 praesumat
1144 3135 1260 3202 sinesui
1316 3131 1317 3142 ¹

174 3218 360 3284 rationabili
389 3219 521 3282 licentia
545 3219 708 3303 Episcopi.
756 3241 758 3250 ¹

176 3339 241 3433 (Ul
261 3350 413 3437 Episcopi
437 3371 508 3411 cum
532 3349 623 3412 Claro
648 3366 703 3410 sato
728 3351 762 3410 in
783 3350 929 3413 claustris
950 3352 1129 3413 resideant:
1150 3350 1264 3424 Presby-

219 3450 302 3499 ceros
315 3455 387 3496 vcro
407 3433 448 3494 ab
462 3433 614 3494 Ecclesiis
626 3433 690 3492 suis
709 3433 828 3510 abesse,
849 3446 903 3494 aut
916 3434 954 3494 ab
969 3455 1080 3500 eorrtm
1089 3445 1233 3519 potestate

510 3513 651 3575 dissilire
671 3535 734 3576 nort
750 3519 962 3600 permittant).

258 3630 352 3697 Vlll.
394 3633 436 3692 Ut
453 3626 605 3712 Episcopi
631 3627 664 3686 iu
688 3627 871 3690 civitatibus
894 3629 958 3692 suis
977 3629 1160 3714 proximum
1171 3629 1266 3691 Eccle-

177 3720 244 3786 siae
266 3718 443 3788 olapstrum
463 3712 645 3789 instituant,
665 3709 697 3771 in
723 3731 788 3791 quo
816 3711 876 3792 ipsi
897 3734 971 3773 cum
993 3714 1083 3775 clero
1102 3712 1264 3774 secundum

178 3801 364 3866 canonicam
379 3795 525 3878 regulam
543 3795 614 3855 Deo
630 3793 787 3864 militent;
814 3804 846 3854 et
863 3795 1049 3856 Sacerdotes
1065 3817 1139 3856 suos
1160 3792 1264 3875 adhoc

182 3884 405 3958 constringant
426 3889 462 3938 ut
481 3875 641 3938 Ecclesiae
662 3897 727 3936 non
744 3875 941 3957 relinquant,
964 3888 996 3938 et
1016 3877 1117 3937 aliubi
1138 3875 1265 3960 habitare

158 4024 159 4027 ,
180 3971 392 4053 praesumant.
434 3960 507 4020 Sint
520 3960 614 4021 etiam
631 3956 765 4019 subiecti
781 3959 912 4041 proprio
928 3959 1087 4044 Episcopo
1104 3956 1266 4020 secundnm

182 4049 370 4115 eanonicam
387 4037 620 4119 auctoritatem,
636 4063 696 4102 nec
712 4039 773 4124 per
790 4045 1023 4102 contumaciam
1041 4043 1081 4104 ab
1094 4061 1208 4118 ,eorum
1221 4059 1267 4118 po·

183 4143 294 4196 testate
316 4126 484 4193 dissiliant.
522 4127 635 4205 Neque
652 4123 790 4184 seculari
813 4124 965 4204 potestati
985 4125 1108 4186 adhoc
1130 4124 1173 4185 cis
1190 4142 1266 4187 com.-

181 4214 335 4282 mendara
358 4231 391 4273 se
414 4209 520 4289 liceat,
543 4217 597 4271 ant
612 4228 666 4272 cos
685 4207 822 4292 quilibet
839 4207 983 4296 recipcre
999 4203 1123 4286 audeat,
1146 4215 1268 4268 autcon-
