2658 4978
155 311 224 392 108
378 336 411 394 a.
430 337 509 403 ean
615 337 855 397 cararumnn
957 337 1018 407 us·

150 473 268 544 habere
295 475 407 544 solitus
432 497 538 552 eram,
570 473 695 559 aliquid
725 475 876 544 adiutor-ii
902 480 1069 567 praebuit,
1096 503 1241 566 praeser-

149 558 207 619 tim
228 579 301 620 eum
322 558 384 626 hoc
406 559 517 624 devote
545 559 583 620 ab
609 560 667 622 illo
688 559 845 643 petierim.

230 663 308 732 Vll,
349 666 431 727 Cum
457 671 564 725 autem
582 663 662 726 ratio
688 673 719 728 et
744 664 913 727 necessitas
940 666 1017 728 mihi
1041 668 1175 747 accidit,
1204 669 1241 730 de

150 746 229 807 villa
248 747 372 808 Breona
388 755 423 805 ut
440 766 457 805 a
479 746 641 840 praedicto
655 747 752 809 fratre
769 767 839 808 meo
853 749 1035 811 secederem
1051 761 1083 811 et
1097 750 1166 833 ipsc
1185 745 1244 810 fra·

149 841 201 896 ter
220 851 310 890 meus
331 828 553 892 Hludouvrcus
571 829 611 888 ad
630 828 692 890 boc
707 829 804 889 rediit
826 829 860 888 in
881 841 1003 912 partem
1018 833 1111 915 regni
1130 831 1244 892 meiat

151 911 229 970 mihi
247 931 354 972 meum
374 919 521 990 nepotem
538 909 725 992 subriperet,
748 919 780 970 et
795 909 940 973 homines
958 935 1042 976 meos
1068 913 1146 974 mibi
1167 913 1244 973 sub·

151 989 303 1069 traheret,
323 1015 360 1056 ac
377 991 488 1052 fideles
506 1013 593 1053 meos
611 1000 770 1054 vastanter
783 993 995 1075 imprimeret,
1016 997 1149 1060 Wenilo
1170 1017 1243 1056 cum

150 1095 215 1158 quo
238 1073 342 1157 potuit
361 1073 475 1146 solatio
497 1073 536 1148 ad
563 1074 761 1155 praedictum
782 1076 912 1136 fratrem
936 1099 1043 1138 meum
1065 1077 1244 1140 Hludouri·

151 1178 224 1220 cum
242 1157 276 1217 in
297 1177 399 1217 meam
419 1155 675 1218 contrarietatem
691 1156 797 1226 venit5
819 1179 892 1218 eum
910 1180 974 1240 quo
1000 1169 1091 1222 erant
1110 1181 1241 1220 exeom-

152 1238 306 1301 municati
327 1237 417 1300 istius
436 1236 528 1320 regni
553 1245 586 1302 et
606 1237 765 1314 seditiosi,
798 1239 837 1300 de
860 1261 997 1322 quorum
1026 1241 1242 1304 excommuni-

152 1321 276 1384 catione
301 1319 571 1403 coepiscoporum
595 1341 726 1382 suorum
751 1320 873 1382 litteras
901 1323 1041 1406 aceepit,
1072 1333 1104 1384 et
1129 1323 1241 1384 Missas

150 1402 293 1488 publicas
309 1401 401 1463 fratri
417 1422 500 1483 meo,
521 1424 594 1464 curn
609 1424 676 1483 quo
698 1402 757 1486 ipsi
775 1402 917 1466 seditiosi
939 1413 1041 1484 eraut,
1062 1405 1095 1464 in
1121 1405 1241 1486 palatio

151 1506 222 1546 mco
245 1483 417 1564 Attiniaco,
439 1491 475 1547 ut
493 1483 645 1568 parochia
663 1493 695 1546 et
716 1484 881 1568 provincia
904 1487 1033 1548 alterius
1060 1485 1242 1570 Archiepis·
1324 1539 1325 1562 ,

152 1567 225 1651 copi
242 1565 345 1629 tidelis
367 1564 479 1646 nostri,
500 1565 571 1630 eina
594 1587 651 1627 sua
666 1565 797 1628 licentia
811 1589 847 1627 ae
867 1568 1136 1651 coepiscoporum
1162 1590 1241 1630 con·
1324 1565 1325 1572 '

151 1671 259 1724 sensu,
279 1646 410 1714 Weuilo
431 1648 712 1731 excommunicatis
732 1647 784 1710 rel
799 1651 1145 1712 excommunicatorum
1166 1672 1241 1734 par·
1322 1642 1324 1688 l

152 1730 302 1815 tieipibus
328 1729 511 1792 celebrarit.
553 1733 596 1794 Et
616 1729 649 1790 in
668 1752 706 1792 eo
730 1729 877 1791 Concilio
901 1741 997 1814 atque
1019 1731 1157 1794 consilio
1181 1733 1241 1792 fuit
1323 1729 1324 1748 ³

175 1813 217 1874 uo
243 1833 343 1895 nepos
365 1831 456 1876 meus
479 1811 662 1876 Hlotharius
677 1833 735 1896 per
753 1812 937 1892 mendacia,
959 1825 1114 1899 quantum
1133 1835 1176 1874 ex
1192 1835 1240 1875 se-

151 1835 338 1972 ductoribus
363 1892 446 1970 suis,
482 1895 718 1977 subriperetur,
752 1902 784 1956 et
814 1895 957 1956 debitum
982 1919 1017 1959 ac
1042 1905 1240 1960 sacramento

150 1978 340 2122 promissum
357 1974 507 2039 solatium
528 1985 624 2063 atque
647 1976 840 2038 adiutorium
861 1998 902 2042 ex
924 1977 987 2050 ¹illo
1008 1979 1088 2040 mihi
1114 1979 1241 2042 subtra-

175 2067 252 2123 eret.
313 2078 315 2083 ·
1047 2067 1050 2074 '

230 2139 328 2204 VIII.
366 2138 541 2206 Praedictis
571 2138 781 2204 nihilominus
812 2141 918 2203 fratris
944 2141 1007 2203 mei
1034 2141 1240 2220 consiliariis,

151 2230 186 2291 et
203 2222 340 2307 publicis
359 2245 396 2285 ac
415 2221 546 2286 secretis
571 2224 772 2302 tractatibus,
792 2224 925 2287 Wenilo
952 2246 1025 2285 cum
1047 2224 1240 2308 specialibus

150 2305 359 2370 familiaribus
377 2312 410 2367 et
428 2304 515 2367 inter
530 2305 651 2388 priores
674 2307 742 2370 eius
762 2304 962 2368 familiariter
978 2329 1051 2368 cum
1073 2308 1239 2390 episcopa«

150 2387 175 2451 li
190 2387 322 2467 iudicio,
343 2397 379 2450 ut
398 2387 544 2466 diximus,
565 2386 843 2450 excommunicatis
857 2397 892 2448 ut
912 2389 1033 2452 iudicio
1047 2383 1246 2471 regairdtiirs·

151 2470 263 2535 dicatis
285 2469 450 2548 interfuit,
471 2478 628 2550 quatenus
653 2477 774 2555 partem
794 2471 887 2551 regui
911 2465 1006 2553 qua'm
1030 2473 1115 2532 idem
1139 2469 1240 2530 fratei

151 2575 241 2615 meus
255 2563 288 2614 ct
306 2553 439 2618 Wenilo
456 2551 534 2612 mihi
556 2552 749 2630 iuraverant,
771 2559 806 2613 et
824 2551 939 2634 inqua
958 2555 1091 2617 Wenilo
1108 2575 1158 2612 me
1175 2554 1238 2612 aa·

150 2657 222 2720 gem
229 2643 417 2714 sacraverat,
424 2655 516 2720 saepe
531 2634 614 2697 latus
627 2636 822 2697 fratermeus
835 2635 1005 2714 obtineret,
1020 2645 1052 2698 et
1070 2656 1129 2718 ego
1146 2633 1238 2694 illam
1322 2677 1323 2700 ,

55 2753 58 2758 ·
151 2715 329 2803 perderem.

217 2799 293 2870 ‚IX.
332 2796 466 2863 Wenilo
485 2796 519 2856 in
535 2815 574 2858 eo
589 2797 725 2860 consilio
742 2807 773 2859 et
793 2806 928 2859 tractatu
942 2800 1005 2860 fuit
1024 2808 1059 2861 ut
1085 2798 1238 2884 Episcopi

151 2882 209 2966 qui
228 2881 308 2944 mihi
330 2881 405 2942 fidei
436 2878 605 2964 promissae
629 2880 789 2943 debitores
812 2891 913 2957 erant,
935 2891 968 2942 et
992 2882 1164 2943 consilium
1191 2891 1238 2942 at-

150 2987 215 3046 que
234 2963 390 3026 auxilium
412 2983 522 3032 mauu,
536 2963 664 3045 propria
688 2961 907 3023 confirmatum
933 2965 1017 3024 ferre
1042 2964 1236 3040 debuerant,

93 3115 98 3131 ¹
150 3047 326 3110 delicerent
349 3043 441 3106 etad
463 3043 567 3104 fratris
597 3045 661 3106 mei
680 3037 875 3107 Illudeuvici
902 3043 1090 3129 obsequium
1113 3055 1145 3109 et
1164 3045 1238 3108 suh·
1327 3051 1328 3054 ’

153 3129 306 3190 ditionem
331 3146 365 3190 se
394 3135 565 3190 verterent.
676 3143 678 3150 “

231 3231 275 3298 Χ.
313 3234 363 3295 De
381 3232 511 3294 Abbatia
533 3240 659 3297 sanetae
679 3232 855 3295 Columbae
872 3237 905 3295 et
926 3234 1022 3296 rebus
1038 3236 1090 3297 rel
1103 3234 1239 3298 honori-

150 3316 210 3377 bus
234 3315 326 3397 regui
348 3315 411 3376 mci
435 3315 520 3398 apud
540 3315 775 3378 Hludouvieum
793 3317 923 3377 fratrem
942 3337 1067 3396 meum,
1085 3340 1240 3401 praecep-

151 3409 219 3462 tum,
238 3396 392 3473 obtinuit,
415 3406 447 3460 et
472 3397 594 3460 litteras
613 3397 652 3458 ad
678 3398 810 3475 Missos,
838 3418 903 3478 quo
928 3400 1063 3460 eandem
1083 3401 1239 3460 abbatiam
1326 3425 1327 3452 ;

149 3489 354 3556 revocarent,
371 3479 558 3542 Ecbardum
577 3487 609 3538 et
622 3478 858 3554 Theodericum
881 3480 1072 3564 impetrarit.
1113 3483 1177 3542 Sed
1200 3482 1237 3540 in

150 3563 271 3626 eisdem
287 3560 404 3624 litteris
418 3562 458 3622 ad
476 3563 632 3642 praefatos
648 3560 760 3622 Missos
774 3561 944 3630 iussionem
957 3563 1063 3624 lintris
1082 3563 1145 3622 mei
1162 3564 1239 3622 Hla-

150 3645 281 3710 douvici
300 3643 431 3710 Wenilo
448 3642 588 3704 obtinuit
603 3651 640 3702 ut
656 3643 696 3704 de
713 3664 804 3705 muro
818 3644 941 3706 castelli
955 3645 1135 3721 Meloduni,
1175 3645 1237 3704 uod

150 3729 199 3788 iae
218 3727 323 3810 regiae
343 3734 390 3787 cst
406 3724 580 3809 potestatis,
601 3735 704 3807 petras
717 3725 874 3787 haherent
889 3725 1055 3787 licentiam
1070 3665 1242 3807 prendere.-

151 3810 244 3871 Unde
265 3816 390 3872 constat
411 3807 498 3890 quod
517 3806 551 3867 in
566 3806 661 3890 plebe
683 3807 774 3868 istius
794 3807 887 3889 regni
908 3806 988 3867 mihi
1014 3811 1123 3872 alteo
1137 3808 1244 3883 colla-1
1321 3880 1324 3889 Ι

150 3891 176 3955 ti
197 3913 272 3956 eum
294 3890 440 3954 studebat
458 3889 563 3951 colere
585 3897 619 3950 et
638 3889 796 3972 satagebat
816 3899 938 3951 tenere.

230 4005 291 4070 XI.
331 4004 462 4069 Wenilo
483 4002 517 4064 in
543 4024 581 4065 co
608 4003 743 4065 consilio
770 4010 960 4066 attractata
988 4025 1062 4066 cum
1089 3997 1238 4089 praefatis

149 4086 505 4156 exeommunicatisfuit
520 4086 574 4146 uhi
598 4086 835 4148 consideratum
850 4095 897 4148 est
920 4096 1080 4170 quatenus
1106 4089 1154 4151 illi
1177 4087 1237 4147 ho-

151 4175 252 4233 mines
267 4172 322 4252 qni
346 4170 424 4231 mibi
441 4169 551 4231 iidelcs
568 4179 674 4242 erant,
696 4177 729 4230 et
747 4167 826 4228 mihi
842 4178 1038 4230 sacramento
1055 4169 1238 4248 fidelitatem

149 4256 374 4337 promiserant,
399 4252 464 4314 sire
490 4250 635 4312 nolentes
653 4249 726 4333 sire
751 4251 916 4329 volentes,
947 4251 1037 4313 fratri
1066 4272 1139 4334 meo
1156 4251 1237 4312 Hla-
