2712 4992
148 313 225 388 300
481 335 664 398 uenenum
699 335 944 398 romaniano

147 475 198 539 sui
220 475 261 542 ad
279 496 362 540 onus
377 475 522 542 clericati
543 475 706 564 deponere
724 476 876 558 deberet,
906 485 938 540 et
963 476 1003 539 ad
1029 463 1164 540 basilica
1194 479 1253 540 illa

146 569 203 619 aut
216 559 411 624 monasterio
432 560 596 624 deservire
616 561 758 622 deberet.
790 560 888 640 Quod
905 581 962 622 nos
982 571 1113 643 propter
1132 583 1251 622 nomeu

147 641 285 702 Domini
306 640 370 704 boc
397 641 503 706 eidem
532 651 676 726 gratante
705 642 814 703 animo
840 641 1033 724 praestitisse
1058 646 1251 727 cognoscite.

144 721 386 805 Praecipicutes
404 746 480 808 ergo
498 725 644 786 iubemus
667 735 702 785 ut
728 725 754 786 si
781 717 972 786 memoratus
1002 725 1060 786 ille
1083 729 1123 788 da
1156 739 1252 810 caput

145 827 239 867 suum
259 808 345 870 bene
366 807 527 890 ingenuus
549 829 616 870 esse
637 809 788 887 videtur,
810 807 1057 891 et.iu'·puletico
1076 815 1103 887 c)
1118 810 1251 894 publico

145 890 287 951 censitus
308 899 460 968 nonest,
481 890 643 952 licentiam
660 890 776 952 habeat
794 911 917 952 comam
935 891 1046 972 capitis
1065 893 1116 952 sui
1138 902 1252 954 tonso-

143 991 217 1033 rare
239 980 271 1033 et
292 973 332 1033 ad
347 973 562 1056 suprascripta
584 973 715 1034 basilica
734 973 785 1036 vel
810 973 1005 1034 monasterio
1019 974 1183 1038 deservire
1197 977 1251 1039 rel

144 1054 314 1140 pronubis
336 1055 468 1117 Domini
487 1055 739 1118 misericordiam
758 1057 922 1120 adtentius
943 1077 1087 1122 exorare.

309 1187 360 1248 De
384 1185 561 1266 divisione,
583 1187 637 1248 udi
657 1187 749 1266 Regis
767 1188 934 1250 oceesaerit
953 1188 1081 1254 Missus.

227 1299 306 1369 XX.
346 1301 433 1363 Dum
453 1311 485 1364 et
503 1301 619 1364 divisio
640 1301 696 1363 rel
713 1301 904 1384 exaequatio
923 1301 1011 1362 inter
1032 1301 1126 1362 illum
1149 1310 1183 1366 et
1207 1303 1250 1364 il·

144 1385 215 1450 lum
235 1406 293 1450 seu
312 1393 478 1446 consortes
495 1405 608 1444 eorum
627 1385 666 1446 de
690 1384 782 1446 alode
798 1385 856 1445 illo
871 1393 925 1446 aut
950 1385 990 1447 de
1014 1406 1089 1466 agro
1109 1385 1169 1448 illo
1194 1409 1250 1448 ee-

145 1467 264 1531 lebrari
281 1466 440 1546 debetur,
461 1474 495 1528 ct
511 1465 669 1547 quatenus
687 1466 801 1549 petitio
816 1467 948 1527 illorum
978 1465 1083 1528 adfuit
1108 1477 1144 1529 ut
1170 1470 1250 1531 Mis-

144 1575 198 1616 sus
220 1552 259 1612 de
283 1548 406 1610 Palatio
427 1559 536 1610 nostro
556 1549 596 1610 ad
619 1549 681 1614 hoc
702 1550 856 1610 intereos
875 1548 1088 1611 dividendum
1118 1552 1172 1612 rel
1191 1573 1249 1612 ex-

144 1631 348 1718 aequandum
363 1634 515 1692 accedere
531 1631 681 1705 deberet,
703 1631 777 1692 ideo
793 1631 984 1713 cognoscite·
996 1633 1084 1712 quod
1101 1654 1161 1694 nos
1176 1635 1251 1694 Mis·

147 1739 184 1780 so
206 1725 315 1776 nostro
330 1713 465 1780 inlustre
480 1714 552 1777 viro
574 1715 631 1774 illo
649 1713 763 1774 adhoc
780 1713 936 1775 intereos
955 1716 1176 1797 exaequando.
1188 1715 1250 1778 visi

149 1799 271 1860 fuimus
303 1795 469 1858 direxisse.
526 1797 701 1878 Propterea
730 1817 791 1877 per
819 1797 1249 1875 praesentem'decernimus

141 1884 358 1964 Praeceptum
372 1899 408 1940 ae
427 1878 573 1938 iubemus
588 1889 623 1939 ut
641 1879 744 1962 ipsum
762 1879 795 1938 in
812 1880 875 1939 hoc
894 1901 950 1939 vos
977 1879 1123 1962 recipere
1148 1882 1249 1941 facia—

144 1964 201 2042 tis,
224 1972 256 2024 et
274 1961 450 2042 unicuique
469 1982 509 2022 ex
521 1961 599 2042 ipsis
620 1963 702 2022 iuste
719 1960 823 2021 dehita
840 1961 1023 2042 portionem
1036 1963 1247 2040 terminetur,

45 2095 49 2102 ,
148 2054 181 2108 et
205 2045 330 2109 decima
359 2044 448 2105 illius
467 2046 619 2126 (sumptus
644 2043 708 2118 litis
722 2042 755 2120 d)
778 2045 865 2124 quod
882 2044 998 2104 exinde
1017 2044 1049 2102 in
1068 2044 1136 2104 fisci
1155 2047 1247 2107 ditio-

144 2127 256 2205 nibus,
279 2136 344 2188 tam
364 2126 404 2188 de
439 2135 545 2200 terra,
576 2128 700 2203 vineis,
729 2125 918 2208 mancipiis,
947 2126 1001 2185 vel
1027 2127 1246 2210 undecunque

43 2219 47 2228 ’
142 2209 336 2281 redebetur,
359 2209 426 2290 ipse
443 2208 493 2268 vir
511 2208 567 2268 ille
582 2209 696 2270 habeat
709 2229 750 2270 ex
768 2220 876 2270 nostra
890 2207 1093 2288 indulgentia
1111 2233 1245 2271 conces-

144 2314 233 2372 sum,
263 2292 315 2352 vel
341 2290 500 2376 quiequid
523 2292 641 2355 exinde
664 2293 772 2354 facere
802 2291 945 2354 voluerit
969 2291 1104 2354 liberam
1128 2294 1243 2354 habeat

146 2383 346 2461 potestatem.
1233 2399 1237 2406 “

447 2505 496 2566 De
516 2524 624 2566 censer
651 2503 779 2568 alterius
801 2514 952 2588 receptes.

228 2617 324 2682 XXI.
364 2619 489 2684 Fidelis
507 2624 577 2682 Deo
597 2620 737 2704 propitio
760 2629 869 2684 noster
890 2620 947 2681 ille
971 2619 1011 2680 ad
1036 2630 1244 2682 nostramve-

46 2703 69 2796 ’ζ
146 2702 240 2765 niens
257 2705 470 2785 praesentiam
492 2699 648 2785 suggessit
668 2702 760 2764 nobis
784 2724 822 2763 eo
844 2703 1076 2785 quodpropter
1089 2704 1244 2785 simpliei-

51 2799 60 2830 ·'
141 2796 240 2848 tatem
255 2808 343 2847 suam
361 2808 469 2847 causas
489 2809 559 2848 suas
572 2786 703 2849 minime
720 2785 818 2868 possit
834 2806 1029 2866 prosequere
1047 2788 1100 2846 vel
1122 2787 1244 2847 admal-

142 2868 235 2946 lare,
258 2868 448 2930 clemeutiae
463 2869 555 2950 regni
580 2868 679 2929 nostri
699 2868 793 2949 petiit
810 2876 846 2926 ut
862 2868 1001 2927 inluster
1020 2867 1071 2927 vir
1093 2868 1150 2929 ille
1176 2890 1244 2928 om-

51 2971 56 2986 ·
144 2973 202 3013 nes
220 2973 329 3011 causas
346 2973 416 3010 suas
434 2951 467 3010 in
486 2953 560 3012 vice
576 2951 675 3034 ipsius
695 2960 760 3009 tam
777 2951 810 3008 iu
834 2970 914 3033 pago
938 2971 1035 3029 quam
1064 2951 1097 3009 in
1126 2949 1244 3030 palatio

143 3043 253 3094 nostro
283 3032 522 3093 admallandum
557 3033 884 3116 prosequendumque
920 3033 1065 3114 recipere
1094 3033 1243 3108 deberet,

167 3115 232 3176 uod
250 3114 285 3174 in
312 3117 472 3196 praesenti
492 3137 550 3196 per
563 3117 706 3176 fistucam
724 3136 776 3174 aas
795 3115 901 3175 eidem
915 3114 1003 3176 visus
1024 3125 1070 3176 est
1087 3135 1244 3176 commen·

143 3135 243 3262 desse.
286 3198 459 3278 Propterea
475 3198 620 3261 iubemus
638 3207 674 3256 ut
691 3198 768 3257 dum
796 3196 906 3256 taliter
929 3199 1074 3280 utrisque
1086 3191 1087 3196 ¹
1101 3197 1244 3258 decrevit

142 3280 303 3357 voluntas,
324 3290 517 3344 memoratus
546 3282 602 3342 ille
628 3280 680 3340 vir
707 3299 816 3338 omnes
841 3299 948 3338 causas
979 3281 1028 3339 lui
1056 3281 1244 3360 ubicunque

164 3383 338 3443 resequere
357 3362 410 3423 vel
429 3362 601 3424 admallare
620 3361 762 3432 deberet,
786 3370 822 3419 ut
837 3359 1014 3442 unicuique
1030 3383 1089 3444 pro
1106 3363 1173 3443 ipso
1192 3361 1243 3421 vel

140 3385 327 3506 llominibus
344 3443 431 3522 suis,
453 3447 607 3528 reputatis
629 3442 887 3519 conditionibus,
911 3451 942 3502 et
957 3443 1114 3504 directum
1131 3443 1242 3518 faciat,

142 3526 227 3588 etab
243 3526 315 3588 aliis
330 3527 429 3588 simili
448 3529 544 3588 modo
566 3529 733 3591 veritatem
749 3525 892 3608 recipiat.
935 3525 1115 3588 statumen
1138 3546 1243 3607 quau·

142 3609 200 3672 diu
220 3610 387 3672 amborum
411 3609 556 3686 decrevit
576 3611 734 3674 voluutas.

490 3747 697 3829 Praeceptum
718 3739 891 3802 denariale.

224 3857 334 3922 XXII.
375 3859 418 3922 Et
442 3860 518 3944 quia
542 3858 735 3941 apostolicus
759 3867 815 3917 aut
836 3853 974 3916 inluster
995 3857 1047 3918 vir
1070 3855 1128 3916 ille
1149 3878 1242 3917 servo

141 3963 199 4004 suo
221 3943 351 4006 nomine
374 3943 432 4004 illo
452 3965 511 4025 per
531 3964 660 4002 manum
682 3941 778 4000 illius'
792 3941 825 3998 in
847 3948 955 3999 nostra
974 3940 1154 4019 praesentia
1175 3941 1243 3999 iac·

39 4025 55 4102 ‚¹
129 4029 228 4086 ¹'laute
252 4027 384 4088 denario
407 4026 584 4088 secuudum
605 4027 724 4106 Legem
746 4023 880 4082 Salicam
904 4021 1024 4082 dimisit
1045 4022 1240 4103 ingenuum,

52 4177 57 4184 ‚
142 4106 211 4169 eius
233 4130 364 4192 quoque
387 4109 621 4170 absolutionem
641 4128 700 4191 per
719 4113 920 4189 praesentem
937 4105 1157 4166 auctoritatem
1172 4126 1241 4165 nos·

73 4285 77 4298 '
178 4275 208 4341 e)
230 4275 346 4341 Legend.
363 4272 511 4344 polyprieo.
717 4266 750 4337 d)
771 4265 801 4320 lu
821 4285 875 4320 uuo
894 4285 940 4321 ms.
955 4267 1068 4336 legitur:
1085 4265 1238 4320 semellitis.
