2658 4978
178 319 228 392 90
361 343 431 396 vl.
456 343 536 399 cna.
623 345 877 400 enrnuemn
996 349 1054 404 aas.

176 479 347 563 aequitate.
390 481 523 544 studete
541 483 680 545 exaltare
697 483 837 546 humiles
861 494 893 546 et
918 485 1024 546 Deum
1047 485 1207 554 timentes‚·
1236 496 1260 546 et

151 563 339 626 'debellare
368 573 463 648 atque
493 564 662 627 humiliare
688 569 852 650 superbos.
892 569 1026 634 studete
1048 589 1066 628 a
1091 567 1180 630 bonis
1200 568 1260 648 plus

176 645 289 728 diligi,
311 668 408 730 quam
429 647 545 714 timeri.
589 649 706 710 Curate
728 661 763 710 ut
784 650 871 725 mali,
894 651 920 710 si
936 671 1001 709 non
1015 659 1145 732 proptcr
1158 651 1258 726 Deum,

175 728 227 789 rel
249 739 382 812 propter
409 730 558 791 timorem
581 741 722 793 vestrum
748 733 867 793 malum
887 753 981 814 agere
1010 740 1162 797 metuant.
1199 731 1259 815 lton

173 810 247 890 plus
268 811 353 893 apud
371 835 426 874 vos
444 813 554 894 lingua
578 813 698 892 dolosa,
719 837 831 876 manus
846 815 955 898 plena,
978 813 1165 896 obsequium
1185 813 1263 871 indc-

173 892 277 953 bitnm
294 895 400 956 valeat
416 916 513 976 quam
531 896 660 974 veritus,
682 898 841 980 aequitas,
872 907 903 956 et
923 896 1111 966 sinceritas;
1139 895 1260 956 scientes

174 974 343 1059 scriptum:
386 979 451 1060 Qui
470 979 590 1038 excutit
608 999 717 1038 manus
737 1001 809 1040 suos
832 979 870 1040 ab
889 979 976 1039 omni
994 1000 1144 1054 aznnere,
1165 978 1217 1036 iste
1234 977 1259 1035 ia

173 1059 308 1118 excelsis
326 1059 488 1120 habitabit.
530 1061 623 1122 Unde
636 1060 1023 1144 cousequenterjutelligi
1037 1061 1143 1138 debet,
1157 1068 1188 1119 et
1204 1078 1257 1116 uon

173 1138 271 1206 aliud.
324 1143 443 1204 Munus
471 1141 557 1203 euim
583 1151 630 1204 est
651 1165 668 1202 a
692 1143 823 1225 lingua,
851 1145 958 1213 faron
986 1153 1106 1204 munus
1127 1165 1144 1202 a
1166 1161 1258 1215 mana,

173 1221 320 1302 donalio;
343 1245 459 1285 manns
484 1223 523 1282 ab
542 1224 707 1304 obsequio,
730 1225 874 1286 indebita
893 1225 1062 1292 subiectio,
1104 1220 1259 1285 Constitui-

172 1314 205 1366 te
228 1305 390 1366 ministros
412 1302 523 1388 palatii
543 1307 600 1388 qni
623 1303 729 1368 Deum
749 1317 964 1390 cognoscant,
993 1316 1122 1382 ament,
1147 1315 1178 1366 et
1201 1325 1258 1363 me·

173 1395 275 1464 tunnt,
297 1388 355 1470 qui
379 1386 547 1449 maximam
571 1409 679 1449 curam
702 1401 814 1471 gerant
832 1398 991 1472 quatenus
1010 1390 1197 1471 quicunque
1211 1407 1258 1444 ne·

172 1470 311 1532 cestnosi
332 1470 487 1551 palatium
512 1471 663 1551 adierint,
684 1483 718 1533 et
736 1493 794 1554 per
814 1494 895 1554 quos
914 1472 1136 1555 perrexeritis,
1153 1479 1258 1552 putrem

172 1559 205 1614 et
233 1555 467 1614 consolatorem
487 1553 657 1632 mirantes,
685 1555 855 1638 gaudendo
879 1576 934 1616 ros
960 1555 1073 1614 ridere
1095 1557 1258 1624 accurrant,

172 1654 250 1711 non,
272 1635 413 1715 qualiter
431 1636 538 1697 dicere
555 1637 726 1715 nolumus,
749 1637 908 1719 gemendo
931 1645 963 1698 et
982 1635 1203 1696 maledicendo
1220 1651 1259 1690 re·

169 1716 305 1797 lugiunt.
348 1717 540 1778 Constituite
569 1719 708 1782 Comites
740 1730 771 1780 et
799 1719 962 1780 Ministros
985 1717 1188 1800 reipublicae
1212 1711 1257 1793 qui

171 1817 237 1858 non
268 1797 404 1880 diligant
431 1821 581 1878 munera,
603 1802 661 1884 qui
688 1802 800 1864 odiant
822 1802 1007 1877 avaritiam,
1033 1801 1092 1882 qui
1111 1800 1257 1860 detesten-

168 1888 225 1940 tur
246 1881 446 1963 superbiam,
468 1881 526 1968 qui
550 1904 614 1968 non
645 1885 826 1967 opprimant
848 1905 955 1965 neque
978 1881 1193 1943 dehonestent
1212 1899 1257 1958 pt·

169 1983 296 2044 gauses,
310 1965 366 2044 qui
379 1985 496 2028 messes
515 1972 547 2026 et
565 1965 674 2028 vineas
690 1977 722 2028 et
735 1976 824 2050 prata
844 1988 880 2026 ac
899 1966 1002 2049 sylvas
1021 1986 1136 2026 eorum
1155 1980 1258 2040 nequa·

168 2065 265 2126 quam
280 2045 463 2120 devastent;
486 2047 542 2128 qui
563 2069 674 2110 eornm
690 2070 806 2130 pecora
825 2047 878 2110 vel
898 2045 1084 2130 friskingas,
1104 2045 1156 2107 vel
1177 2061 1258 2125 quae·

168 2129 299 2209 cun'que
321 2128 453 2189 illorum
476 2139 568 2207 sunt,
592 2152 658 2191 non
683 2131 881 2215 praedentur
903 2151 1010 2210 neque
1040 2127 1207 2211 diripiant,
1232 2129 1258 2181 et

166 2230 228 2293 per
245 2209 433 2272 violentiam
452 2234 487 2273 ac
506 2213 588 2273 mala
607 2213 738 2296 ingenia
751 2235 833 2294 quae
851 2211 984 2272 illorum
1004 2221 1082 2272 sunt
1098 2210 1188 2270 nullo
1203 2226 1257 2263 mo·

169 2292 219 2353 do'
236 2293 401 2370 auferant,
431 2295 488 2376 qui
516 2295 749 2378 Episcoporum
772 2317 904 2356 suorum
932 2294 1067 2355 consilio
1102 2311 1182 2373 qnae
1206 2284 1255 2347 Dei

166 2382 254 2452 sunt,
276 2383 308 2436 et
332 2375 564 2437 christianitati
587 2378 800 2452 conveniunt,
822 2377 960 2446 faciant,
982 2375 1039 2456 qui
1066 2375 1184 2458 placita
1201 2388 1254 2428 non

142 2456 143 2460 ’
165 2477 227 2540 pro
249 2457 462 2538 acquisitione
483 2459 566 2520 lucri
587 2469 730 2537 teneant,
750 2459 807 2520 sed
824 2470 860 2519 ut
882 2479 971 2520 casae
994 2457 1074 2530 Dei,
1100 2466 1132 2516 et
1155 2453 1256 2515 viduae

166 2561 204 2600 ac
223 2539 353 2622 pupilli,
367 2551 398 2604 et
418 2541 557 2624 populus
576 2542 729 2602 iustitiam
747 2541 895 2616 habeant,
911 2551 942 2600 et
959 2540 1032 2620 plus
1046 2539 1206 2620 litigantes
1223 2530 1256 2590 ad

166 2622 373 2683 concordiam
391 2624 479 2686 salva
501 2624 622 2684 institia
644 2645 795 2685 revocare
818 2624 978 2697 studeant,
1003 2643 1100 2701 qaam
1124 2615 1256 2706 commit:

165 2712 235 2766 tere
260 2714 297 2764 ut
324 2705 387 2789 ipsi
410 2705 487 2768 inde
512 2707 646 2786 aliquod
671 2706 799 2767 lucrum
821 2704 946 2786 possint
973 2703 1113 2764 babere:
1140 2721 1215 2782 quos
1234 2717 1255 2754 a

163 2786 334 2869 pacificare
354 2811 419 2849 non
445 2789 635 2871 potuerint,
656 2797 736 2849 tunc
759 2788 841 2848 sicut
860 2797 985 2846 rectum
1005 2795 1063 2861 est,
1088 2785 1204 2846 iustum
1217 2779 1256 2837 iu-

165 2869 289 2932 dicium
315 2869 449 2932 decerni
479 2893 554 2932 cum
572 2891 685 2954 magna
710 2868 929 2932 sollicitudine
958 2868 1097 2937 faciant3
1131 2863 1256 2927 scientes

164 2952 321 3034 scriptum
346 2975 435 3014 esse:
465 2951 617 3014 Indicabo
642 2953 719 3023 tibi,
747 2953 867 3022 borao,
903 2949 983 3027 quaid
1005 2953 1047 3010 sit
1075 2951 1206 3013 beatam,
1227 2938 1258 3000 id

166 3045 214 3092 est
225 3077 237 3104 ,
252 3031 365 3114 facere
384 3034 536 3094 indicium
552 3047 586 3096 et
606 3037 770 3104 iustitiam,
789 3047 819 3093 et
838 3032 1008 3092 sollicitum
1027 3032 1185 3091 anibulare
1198 3042 1257 3086 cum

165 3114 235 3174 Deo
261 3127 325 3179 tuo,
367 3115 404 3175 ld
420 3123 478 3190 est,
501 3125 536 3175 ut
552 3116 640 3196 quod
660 3116 709 3175 illi
730 3117 854 3196 placet,
876 3114 935 3174 tibi
957 3113 1084 3196 placeat
1104 3121 1135 3172 et
1155 3107 1256 3195 facias}

166 3196 257 3276 quod
275 3196 327 3255 illi
352 3197 513 3278 displicet,
540 3197 600 3258 tibi
626 3197 786 3278 displiciut
817 3207 848 3257 et
877 3217 942 3254 non
970 3195 1078 3256 facias.
1122 3189 1212 3270 Quod
1234 3207 1255 3246 sl

164 3299 226 3360 per
246 3278 450 3360 fragilitatem
471 3280 606 3358 seceris,
637 3301 701 3340 non
728 3277 959 3340 contumaciter
978 3277 1033 3339 rel
1060 3271 1259 3358 pertinaciter

166 3359 202 3420 in
231 3370 287 3420 tuo
312 3360 395 3420 malo
421 3363 506 3422 facto
532 3383 739 3445 perseveres3
778 3361 834 3422 sed
863 3360 968 3420 statim
996 3359 1113 3438 pedem
1138 3355 1217 3417 sicut
1239 3371 1257 3442 a

165 3443 253 3504 ferro
278 3443 382 3504 calido
404 3465 542 3522 revoca,
574 3454 605 3506 et
630 3445 663 3503 in
684 3443 767 3503 viam
793 3443 966 3504 voluntatis
987 3441 1119 3500 Domini
1146 3437 1192 3498 tui
1219 3433 1257 3493 dl·

166 3518 246 3608 rige'.
287 3525 330 3584 Et
353 3525 437 3586 sicut
462 3527 700 3608 scriptumest,
729 3528 803 3605 quia
821 3537 892 3584 sunt
915 3525 987 3582 niae
1017 3544 1097 3605 quiae
1120 3519 1258 3581 videntur

166 3607 343 3669 bonziaib'as
362 3608 460 3669 bonae
480 3623 510 3668 et
530 3608 648 3668 ducunt
664 3605 709 3666 ad
726 3608 886 3666 interitum
895 3651 907 3678 ,
930 3606 998 3682 sac,
1021 3605 1104 3665 sicut
1128 3601 1257 3682 Scriptu-

165 3712 202 3751 ra
227 3689 284 3750 tibi
303 3690 471 3772 praecipit,
495 3690 682 3771 quicunque
713 3688 875 3762 echome,
898 3685 1118 3765 interroganda
1141 3687 1189 3744 via
1209 3681 1256 3740 bo·
1316 3737 1321 3751 ,

164 3795 228 3843 na,
252 3784 283 3832 et
302 3772 427 3833 ambula
448 3793 508 3856 per
530 3794 619 3841 ecm;
645 3770 739 3852 quia,
766 3770 849 3831 sicut
876 3769 996 3829 dicitur
1018 3770 1051 3827 in
1076 3764 1257 3847 evangelio,

164 3855 270 3935 erepla
292 3856 349 3914 vic
373 3868 420 3914 est
447 3875 526 3938 quae
546 3852 635 3913 ducit
659 3852 704 3912 ad
719 3851 950 3935 perditionem,
977 3864 1007 3910 et
1033 3846 1129 3910 malti
1152 3845 1259 3908 eadam

160 3957 221 4020 per
245 3957 334 3996 eam:
356 3950 443 3997 arcto
465 3949 495 3994 ct
518 3947 647 4012 angusta
672 3936 726 3993 via
753 3947 800 3994 est
823 3953 901 4014 qrtae
922 3932 1011 3992 ducit
1037 3930 1213 3999 advitam,
1232 3933 1258 4014 εξ

159 4019 255 4101 pauci
276 4019 440 4078 inveniunt
469 4038 544 4076 eam.
588 4017 760 4094 Propterea
779 4017 967 4096 quicunque
994 4037 1027 4076 es
1053 4014 1166 4086 bomo,
1191 4005 1258 4067 audi

153 4098 375 4180 Prophetiam,
400 4110 432 4160 et
457 4120 511 4158 ora
530 4119 604 4157 cum
621 4097 798 4178 Propheta:
840 4098 954 4175 Legem
973 4119 1056 4180 pone
1084 4096 1180 4165 mibi,
1201 4091 1258 4148 Do·

163 4183 263 4258 miae,
290 4184 371 4242 rviam
391 4177 648 4263 iustificationum
675 4192 796 4238 tatarum
805 4223 816 4249 ,
840 4191 870 4238 et
899 4181 1066 4258 exquiram
1090 4199 1156 4237 eam
1184 4191 1258 4264 ⁵⁶''l'

162 4285 229 4344 per.
271 4264 332 4325 Et:
355 4264 465 4326 Deduc
485 4285 531 4323 me
552 4264 585 4322 in
608 4263 716 4322 semita
734 4258 952 4322 accredatoram
977 4275 1119 4332 tuorum,
1158 4269 1187 4318 et
1211 4273 1256 4313 vl·
