2746 4992
408 330 411 334 '
507 339 606 407 atses
641 338 774 398 sarnus
1103 318 1201 430 ι297

97 488 190 551 illius
211 481 544 562 decrevicvoluntas,
566 481 796 553 concessimus,
818 475 881 539 boc
904 482 973 555 est,
995 481 1059 539 tam
1074 474 1108 536 in
1133 487 1201 540 ter-

96 574 160 648 ris,
185 569 354 644 domibus,
375 566 549 644 aedificiis,
570 566 756 640 accolabus,
777 560 963 641 mancipiis,
985 558 1113 637 vineis,
1141 563 1205 646 syla

94 657 168 727 vis,
192 651 323 734 campis,
343 648 451 733 pratis,
473 648 616 731 pascuis,
638 647 746 728 aquis,
768 663 965 725 aquarumve
994 642 1201 723 decursibus,

97 739 140 798 ad
165 737 328 816 integrum
345 733 502 814 quicquid
519 731 639 792 ibidem
655 729 754 811 ipsius
776 727 865 788 illius
886 723 992 808 portio
1022 724 1102 803 fuit,
1124 727 1203 790 dum

96 817 285 895 advixerit,
307 816 427 896 absque
453 815 561 896 aliqua
582 810 835 888 deminuatione,
858 808 898 869 de
917 807 1060 888 qualibet
1076 830 1111 870 re
1130 833 1204 872 usu·
1229 830 1232 835 ·

94 900 280 963 fructuario
298 897 413 958 ordine
430 898 544 959 debeat
567 896 750 979 possidere,
780 903 813 953 et
839 899 911 975 post
940 889 1008 952 eius
1028 888 1203 956 discessum

95 992 294 1046 memoratus
314 981 370 1040 illc
402 980 465 1042 boc
487 979 619 1058 babeat,
650 986 778 1053 teneat,
812 983 845 1035 et
875 973 1051 1056 possideat,
1082 983 1114 1037 et
1137 976 1203 1038 suis

96 1066 236 1148 posteris
251 1074 306 1146 aut
321 1063 374 1123 cui
400 1063 542 1128 voluerit
565 1063 606 1124 ad
625 1057 866 1146 'possidendum
891 1055 1065 1140 relinquat.
1104 1058 1149 1122 Et
1166 1068 1203 1126 ut

96 1151 181 1214 hacc
204 1146 384 1210 auctoritas.

379 1277 512 1364 Prologi
532 1273 572 1340 de
600 1276 791 1338 cessionibus
810 1273 914 1354 Regis.

184 1391 276 1460 XIV.
318 1392 435 1458 Merito
452 1391 605 1476 largitatis
620 1400 746 1452 nostrae
767 1410 901 1451 munere
918 1389 1128 1454 sublevantur
1144 1391 1204 1474 qui
1278 1379 1281 1388 ’

98 1477 285 1560 parentibus
304 1477 420 1538 nostris
440 1476 492 1537 vel
509 1475 601 1536 nobis
618 1475 655 1536 ab
671 1473 886 1534 adolescentia
900 1473 1009 1534 aetatis
1022 1495 1134 1535 eorum
1154 1475 1203 1534 in-

97 1560 197 1621 stanti
214 1561 411 1620 famulantur
428 1558 541 1619 officio.
584 1557 662 1618 Iram
683 1577 766 1616 snm.
792 1557 985 1638 Praespicue
1004 1557 1203 1640 compendiis

94 1643 264 1726 regalibus
279 1641 363 1702 illud
377 1641 570 1704 adscribitur
587 1638 674 1722 quod
692 1660 751 1721 pro
770 1640 1042 1722 contemplatione
1065 1639 1203 1702 servitu-

93 1727 139 1787 tis
157 1727 309 1786 fidelibus
325 1727 405 1803 suis,
428 1725 627 1786 concedente
650 1722 809 1794 Domino,
831 1721 1065 1784 consultissime
1087 1744 1204 1785 muue-

93 1817 201 1869 ratur.
244 1807 324 1868 lrsu
346 1828 482 1867 aniona
504 1828 584 1867 roco
608 1826 735 1870 sarcre.
775 1804 885 1880 Nihil,
908 1805 1203 1889 utaitApcstolus,

96 1892 134 1950 in
152 1892 218 1952 boe
237 1890 357 1950 mundo
374 1889 561 1967 intulimus,
584 1910 644 1949 nec
669 1889 842 1968 quicquam
863 1909 904 1949 ex
930 1911 970 1950 eo
997 1889 1124 1949 auferre
1141 1908 1205 1950 no·-

96 1975 226 2035 bisoum
248 1973 442 2054 poterimus,
466 1971 528 2034 nisi
542 1972 630 2053 quod
653 1973 693 2032 ob
708 1973 831 2034 animae
848 1972 984 2033 salutem
1003 1970 1083 2032 locis
1106 1972 1204 2034 Sanc·

98 2067 210 2118 torum
233 2057 348 2118 devote
374 2055 513 2116 Domino
542 2055 711 2116 offerentes
732 2053 895 2138 impertire
916 2055 1075 2118 videmur.
1116 2056 1203 2138 Ergo

101 2148 277 2222 cognoscat
301 2137 488 2219 magnitudo
510 2160 567 2200 seu
581 2137 751 2199 strenuitas
770 2146 877 2200 restra
893 2159 951 2200 nos
979 2137 1109 2199 inlustri
1129 2137 1203 2202 viro

97 2223 154 2284 illi
176 2221 412 2306 promptissima
435 2221 599 2282 voluntate
628 2219 707 2282 villa
736 2229 944 2304 nuncupante
977 2221 1050 2297 illa,
1079 2221 1139 2284 sita
1167 2220 1204 2282 in

96 2326 185 2388 pago
200 2305 279 2379 illo,
303 2325 376 2365 cum
397 2304 485 2363 omni
504 2303 619 2366 merito
639 2312 672 2364 et
688 2303 825 2363 termino
838 2325 912 2380 suo,
934 2303 1135 2386 integritate,
1158 2303 1204 2366 si·

99 2399 160 2449 cut
177 2388 215 2447 ab
235 2387 294 2448 illo
310 2385 364 2446 aut
396 2388 413 2447 a
440 2386 515 2448 fisco
535 2395 642 2447 nostro
668 2386 731 2447 fuit
762 2407 923 2468 possessa,
957 2387 1009 2450 vel
1046 2387 1204 2450 moderno

97 2481 249 2552 tempore
276 2469 472 2553 possidetur,
502 2469 563 2531 visi
591 2469 710 2530 fuimus
742 2468 944 2532 concessisse.
997 2471 1205 2552 Quapropter

98 2563 305 2636 praesentem
323 2553 545 2613 auctoritatem
571 2561 710 2612 nostram
730 2552 950 2631 decernimus,
973 2550 1062 2634 quod
1086 2573 1205 2633 perpe-

98 2635 426 2698 tualiter'mansurnm
446 2656 512 2696 esse
528 2634 695 2712 iuhemus,
716 2645 752 2694 ut
770 2635 835 2715 ipsa
850 2633 929 2696 villa
949 2635 1008 2696 illa
1022 2633 1204 2706 antedictus

97 2717 155 2778 vir
174 2718 250 2795 ille,
273 2728 308 2778 ut
326 2717 483 2796 diximus,
505 2717 539 2776 in
569 2717 656 2778 omni
684 2717 886 2800 integritate,
908 2741 987 2784 cum
1006 2716 1121 2786 terris,
1143 2715 1204 2778 do-

96 2800 231 2877 mibus,
265 2800 437 2878 aedificiis,
471 2801 663 2878 accolabus,
708 2799 895 2881 mancipiis,
931 2799 1054 2875 vineis,
1089 2797 1204 2880 silvis,

96 2883 240 2964 campis,
261 2884 378 2966 pratis,
400 2883 547 2966 pascuis,
570 2881 684 2965 aquis,
706 2903 900 2962 aquarumve
924 2880 1132 2959 decursibus,
1153 2882 1205 2940 fa-

95 2965 244 3046 rinariis,
267 2967 465 3046 adiacentiis,
488 2965 698 3048 appendiciis,
726 2967 780 3028 vel
801 2966 946 3048 qualibet
972 2988 1073 3050 genus
1096 2963 1214 3026 homi-·

96 3071 182 3109 num
198 3049 315 3109 ditioni
329 3050 396 3111 fisci
415 3051 515 3112 nostri
538 3048 719 3122 subditum,
747 3049 804 3130 qui
830 3050 951 3111 ibidem
977 3058 1202 3121 commanent,

96 3134 136 3192 in
156 3131 281 3213 integra
303 3134 498 3210 emunitate,
520 3133 639 3212 absque
665 3131 765 3194 ullius
794 3132 929 3192 introitu
960 3131 1131 3209 iudicum,
1161 3131 1203 3192 de

95 3215 261 3296 quaslibet
281 3235 389 3276 causas
409 3217 500 3276 freda
514 3213 728 3296 exigendum,
750 3215 981 3298 perpetualiter
993 3213 1110 3278 habeat
1128 3235 1207 3276 conv

97 3318 205 3370 cessa;
231 3297 273 3355 ita
293 3307 329 3356 nt
348 3319 416 3357 eam
438 3299 507 3359 iure
524 3295 735 3380 proprietario
765 3299 884 3378 absque
913 3296 1012 3359 ullius
1037 3305 1205 3381 expectata

97 3380 250 3440 ludicum
270 3381 440 3441 traditione
456 3381 589 3456 babeat,
610 3389 736 3458 teneat,
760 3390 855 3464 atque
874 3380 1051 3462 possideat,
1075 3390 1106 3442 et
1138 3378 1204 3441 suis

96 3463 257 3542 posteris,
279 3463 419 3523 Domino
448 3465 639 3537 adiurante,
672 3485 712 3523 ex
742 3471 848 3526 nostra
877 3463 1040 3545 largitate,
1069 3469 1125 3523 aut
1150 3461 1204 3521 cui

98 3545 241 3605 voluerit
258 3545 536 3629 adpossidendum
552 3543 717 3626 relinquat
733 3545 785 3605 vcl
801 3545 958 3627 quicquid
977 3545 1096 3608 exinde
1120 3543 1205 3604 face·

96 3648 137 3689 re
159 3627 321 3705 volucrit,
343 3651 382 3688 cx
401 3637 509 3689 nostro
530 3626 683 3711 permisso
705 3627 839 3688 liberam
855 3628 890 3687 in
918 3628 1067 3690 omnibus
1085 3625 1203 3689 habeat

95 3719 299 3793 potestatem.
340 3713 383 3774 Et
409 3720 444 3771 ut
458 3711 539 3772 haec
560 3709 752 3792 auctoritas!

393 3839 498 3902 Cessio
521 3840 612 3918 Regis
635 3837 680 3898 ad
699 3840 768 3902 loco
791 3851 909 3910 sanctu,

183 3949 259 4014 XV.
301 3955 480 4036 Cognoscat
492 3954 678 4036 magnitudo
698 3976 756 4014 seu
773 3954 893 4016 utilitas
909 3953 1087 4019 vestra'nos
1106 3979 1202 4040 prop-

99 4044 151 4096 ter
166 4055 284 4096 nomen
309 4036 440 4097 Domini
458 4037 498 4097 ad
514 4037 648 4096 Basilica
665 4037 721 4096 illa
750 4038 804 4100 vel
830 4037 903 4114 illa,
926 4039 982 4098 ubi
1009 4043 1202 4122 apostolicus

99 4129 191 4201 pater
206 4128 313 4179 noster
333 4119 388 4179 ille
406 4129 460 4179 aut
484 4119 677 4181 uenerabilis
697 4120 747 4180 vir
769 4119 826 4180 ille
851 4118 955 4182 Abbas
979 4142 1122 4204 praeesse
1151 4125 1201 4187 vi-

101 4202 216 4277 detur,
239 4203 316 4262 villa
335 4211 541 4282 nuncupante
558 4202 634 4278 illa,
656 4202 714 4261 sita
736 4202 767 4260 in
783 4223 865 4283 pago
880 4203 957 4278 illo,
979 4225 1074 4284 quam
1097 4229 1200 4290 usque

102 4303 189 4346 nunc
208 4284 299 4346 [iscus
323 4294 432 4346 noster
452 4295 505 4346 aut
533 4283 589 4346 ille
617 4282 736 4361 tenuit,
764 4285 1000 4368 promptissima
1027 4288 1200 4352 devotione
