<?xml version="1.0" encoding="UTF-8"?>
<!DOCTYPE html PUBLIC "-//W3C//DTD XHTML 1.0 Transitional//EN"
    "http://www.w3.org/TR/xhtml1/DTD/xhtml1-transitional.dtd">
<html xmlns="http://www.w3.org/1999/xhtml" xml:lang="en" lang="en">
 <head>
  <title>
</title>
<meta http-equiv="Content-Type" content="text/html;charset=utf-8" />
  <meta name='ocr-system' content='tesseract 3.04.00' />
  <meta name='ocr-capabilities' content='ocr_page ocr_carea ocr_par ocr_line ocrx_word'/>
</head>
<body>
  <div class='ocr_page' id='page_1' title='image "./corpusiurisgerm01visigoog_0252.png"; bbox 0 0 2746 4992; ppageno 0'>
   <div class='ocr_carea' id='block_1_1' title="bbox 316 296 1185 520">
    <p class='ocr_par' dir='ltr' id='par_1_1' title="bbox 316 296 1185 520">
     <span class='ocr_line' id='line_1_1' title="bbox 343 296 1185 385; baseline -0.002 -13"><span class='ocrx_word' id='word_1_1' title='bbox 343 317 380 372; x_wconf 82' lang='lat' dir='ltr'><strong>a.</strong></span> <span class='ocrx_word' id='word_1_2' title='bbox 401 321 477 375; x_wconf 81' lang='lat' dir='ltr'><strong>can.</strong></span> <span class='ocrx_word' id='word_1_3' title='bbox 582 317 705 378; x_wconf 71' lang='lat' dir='ltr'><strong>vinoun</strong></span> <span class='ocrx_word' id='word_1_4' title='bbox 810 314 870 385; x_wconf 77' lang='lat'>869.</span> <span class='ocrx_word' id='word_1_5' title='bbox 976 367 981 374; x_wconf 82' lang='lat'><strong>,</strong></span> <span class='ocrx_word' id='word_1_6' title='bbox 1114 296 1185 371; x_wconf 78' lang='grc'><strong>241</strong></span> 
     </span>
     <span class='ocr_line' id='line_1_2' title="bbox 316 411 1153 520; baseline 0 -2"><span class='ocrx_word' id='word_1_7' title='bbox 316 501 319 508; x_wconf 61' lang='grc'>,</span> <span class='ocrx_word' id='word_1_8' title='bbox 404 426 859 520; x_wconf 69' lang='lat' dir='ltr'><strong>nnnun1&#39;er1o</strong></span> <span class='ocrx_word' id='word_1_9' title='bbox 1151 411 1153 416; x_wconf 33' lang='lat'><strong><em>¹</em></strong></span> 
     </span>
    </p>
   </div>
   <div class='ocr_carea' id='block_1_2' title="bbox 275 555 932 629">
    <p class='ocr_par' dir='ltr' id='par_1_2' title="bbox 275 555 932 629">
     <span class='ocr_line' id='line_1_3' title="bbox 275 555 932 629; baseline 0.005 -4"><span class='ocrx_word' id='word_1_10' title='bbox 275 555 524 627; x_wconf 73' lang='lat' dir='ltr'><strong>&#39;Hincn&#39;anr</strong></span> <span class='ocrx_word' id='word_1_11' title='bbox 565 564 932 629; x_wconf 81' lang='lat' dir='ltr'><strong>Ancnrevrscorr.</strong></span> 
     </span>
    </p>
   </div>
   <div class='ocr_carea' id='block_1_3' title="bbox 84 677 1184 2057">
    <p class='ocr_par' dir='ltr' id='par_1_3' title="bbox 86 677 1184 994">
     <span class='ocr_line' id='line_1_4' title="bbox 164 677 1184 760; baseline 0.006 -18"><span class='ocrx_word' id='word_1_12' title='bbox 164 679 330 742; x_wconf 73' lang='lat' dir='ltr'><strong>Extendat</strong></span> <span class='ocrx_word' id='word_1_13' title='bbox 348 678 548 760; x_wconf 83' lang='lat' dir='ltr'><strong>omnipotens</strong></span> <span class='ocrx_word' id='word_1_14' title='bbox 571 677 728 738; x_wconf 86' lang='lat' dir='ltr'><strong>Dominus</strong></span> <span class='ocrx_word' id='word_1_15' title='bbox 744 678 907 739; x_wconf 84' lang='lat' dir='ltr'><strong>dexteram</strong></span> <span class='ocrx_word' id='word_1_16' title='bbox 927 699 1007 741; x_wconf 87' lang='lat' dir='ltr'><strong>suae</strong></span> <span class='ocrx_word' id='word_1_17' title='bbox 1021 680 1184 748; x_wconf 63' lang='lat' dir='ltr'><strong>‘benedie-</strong></span> 
     </span>
     <span class='ocr_line' id='line_1_5' title="bbox 86 759 1183 843; baseline 0.005 -21"><span class='ocrx_word' id='word_1_18' title='bbox 86 761 202 840; x_wconf 87' lang='lat' dir='ltr'><strong>tionis,</strong></span> <span class='ocrx_word' id='word_1_19' title='bbox 224 773 258 824; x_wconf 87' lang='lat' dir='ltr'><strong>et</strong></span> <span class='ocrx_word' id='word_1_20' title='bbox 275 759 418 833; x_wconf 83' lang='lat' dir='ltr'><strong>effundat</strong></span> <span class='ocrx_word' id='word_1_21' title='bbox 432 780 528 842; x_wconf 87' lang='lat' dir='ltr'><strong>super</strong></span> <span class='ocrx_word' id='word_1_22' title='bbox 547 769 578 820; x_wconf 89' lang='lat' dir='ltr'><strong>te</strong></span> <span class='ocrx_word' id='word_1_23' title='bbox 614 759 735 820; x_wconf 91' lang='lat' dir='ltr'><strong>donum</strong></span> <span class='ocrx_word' id='word_1_24' title='bbox 759 783 835 823; x_wconf 89' lang='lat' dir='ltr'><strong>suae</strong></span> <span class='ocrx_word' id='word_1_25' title='bbox 869 762 1122 843; x_wconf 79' lang='lat' dir='ltr'><strong>propitiationis,</strong></span> <span class='ocrx_word' id='word_1_26' title='bbox 1151 776 1183 828; x_wconf 88' lang='lat' dir='ltr'><strong>et</strong></span> 
     </span>
     <span class='ocr_line' id='line_1_6' title="bbox 90 841 1181 925; baseline 0.009 -22"><span class='ocrx_word' id='word_1_27' title='bbox 90 844 262 905; x_wconf 83' lang='lat' dir='ltr'><strong>circumdet</strong></span> <span class='ocrx_word' id='word_1_28' title='bbox 273 852 306 904; x_wconf 89' lang='lat' dir='ltr'><strong>te</strong></span> <span class='ocrx_word' id='word_1_29' title='bbox 321 841 411 903; x_wconf 87' lang='lat' dir='ltr'><strong>felici</strong></span> <span class='ocrx_word' id='word_1_30' title='bbox 430 863 521 902; x_wconf 88' lang='lat' dir='ltr'><strong>muro</strong></span> <span class='ocrx_word' id='word_1_31' title='bbox 545 842 706 903; x_wconf 78' lang='lat' dir='ltr'><strong>custodiae</strong></span> <span class='ocrx_word' id='word_1_32' title='bbox 722 863 796 904; x_wconf 89' lang='lat' dir='ltr'><strong>suae</strong></span> <span class='ocrx_word' id='word_1_33' title='bbox 812 845 1030 925; x_wconf 71' lang='lat' dir='ltr'><strong>protectionic,</strong></span> <span class='ocrx_word' id='word_1_34' title='bbox 1053 858 1181 913; x_wconf 85' lang='lat' dir='ltr'><strong>sanctae</strong></span> 
     </span>
     <span class='ocr_line' id='line_1_7' title="bbox 89 923 1183 994; baseline 0.004 -5"><span class='ocrx_word' id='word_1_35' title='bbox 89 927 204 989; x_wconf 85' lang='lat' dir='ltr'><strong>Mariae</strong></span> <span class='ocrx_word' id='word_1_36' title='bbox 221 935 254 988; x_wconf 91' lang='lat' dir='ltr'><strong>et</strong></span> <span class='ocrx_word' id='word_1_37' title='bbox 268 923 409 985; x_wconf 88' lang='lat' dir='ltr'><strong>omnium</strong></span> <span class='ocrx_word' id='word_1_38' title='bbox 419 925 608 984; x_wconf 88' lang='lat' dir='ltr'><strong>Sanctorum</strong></span> <span class='ocrx_word' id='word_1_39' title='bbox 625 924 901 987; x_wconf 81' lang='lat' dir='ltr'><strong>intercedentibus</strong></span> <span class='ocrx_word' id='word_1_40' title='bbox 919 927 1050 994; x_wconf 84' lang='lat' dir='ltr'><strong>meritis.</strong></span> <span class='ocrx_word' id='word_1_41' title='bbox 1070 931 1183 994; x_wconf 84' lang='lat' dir='ltr'><strong>Amen.</strong></span> 
     </span>
    </p>

    <p class='ocr_par' dir='ltr' id='par_1_4' title="bbox 88 1005 1183 1315">
     <span class='ocr_line' id='line_1_8' title="bbox 165 1005 1183 1089; baseline 0.007 -23"><span class='ocrx_word' id='word_1_42' title='bbox 165 1008 337 1089; x_wconf 80' lang='lat' dir='ltr'><strong>Indulgent</strong></span> <span class='ocrx_word' id='word_1_43' title='bbox 353 1006 412 1066; x_wconf 92' lang='lat' dir='ltr'><strong>tibi</strong></span> <span class='ocrx_word' id='word_1_44' title='bbox 431 1008 513 1066; x_wconf 87' lang='lat' dir='ltr'><strong>mala</strong></span> <span class='ocrx_word' id='word_1_45' title='bbox 527 1005 633 1065; x_wconf 87' lang='lat' dir='ltr'><strong>omnia</strong></span> <span class='ocrx_word' id='word_1_46' title='bbox 652 1028 734 1088; x_wconf 89' lang='lat' dir='ltr'><strong>quae</strong></span> <span class='ocrx_word' id='word_1_47' title='bbox 757 1007 897 1088; x_wconf 83' lang='lat' dir='ltr'><strong>gessisti,</strong></span> <span class='ocrx_word' id='word_1_48' title='bbox 921 1017 953 1069; x_wconf 92' lang='lat' dir='ltr'><strong>et</strong></span> <span class='ocrx_word' id='word_1_49' title='bbox 981 1008 1099 1072; x_wconf 89' lang='lat' dir='ltr'><strong>tribuat</strong></span> <span class='ocrx_word' id='word_1_50' title='bbox 1121 1015 1183 1074; x_wconf 84' lang='lat' dir='ltr'><strong>tibi</strong></span> 
     </span>
     <span class='ocr_line' id='line_1_9' title="bbox 90 1087 1180 1177; baseline 0.006 -28"><span class='ocrx_word' id='word_1_51' title='bbox 90 1089 218 1170; x_wconf 89' lang='lat' dir='ltr'><strong>gratiam</strong></span> <span class='ocrx_word' id='word_1_52' title='bbox 242 1098 275 1151; x_wconf 91' lang='lat' dir='ltr'><strong>et</strong></span> <span class='ocrx_word' id='word_1_53' title='bbox 304 1087 554 1151; x_wconf 88' lang='lat' dir='ltr'><strong>misericordiam</strong></span> <span class='ocrx_word' id='word_1_54' title='bbox 572 1109 668 1170; x_wconf 91' lang='lat' dir='ltr'><strong>quam</strong></span> <span class='ocrx_word' id='word_1_55' title='bbox 692 1087 858 1150; x_wconf 88' lang='lat' dir='ltr'><strong>humiliter</strong></span> <span class='ocrx_word' id='word_1_56' title='bbox 884 1090 923 1150; x_wconf 90' lang='lat' dir='ltr'><strong>ab</strong></span> <span class='ocrx_word' id='word_1_57' title='bbox 954 1111 992 1150; x_wconf 90' lang='lat' dir='ltr'><strong>eo</strong></span> <span class='ocrx_word' id='word_1_58' title='bbox 1018 1091 1180 1177; x_wconf 85' lang='lat' dir='ltr'><strong>deposcis;</strong></span> 
     </span>
     <span class='ocr_line' id='line_1_10' title="bbox 88 1169 1181 1254; baseline 0.006 -23"><span class='ocrx_word' id='word_1_59' title='bbox 88 1172 265 1254; x_wconf 86' lang='lat' dir='ltr'><strong>liberetque</strong></span> <span class='ocrx_word' id='word_1_60' title='bbox 282 1179 313 1232; x_wconf 89' lang='lat' dir='ltr'><strong>te</strong></span> <span class='ocrx_word' id='word_1_61' title='bbox 329 1171 368 1230; x_wconf 91' lang='lat' dir='ltr'><strong>ab</strong></span> <span class='ocrx_word' id='word_1_62' title='bbox 385 1169 625 1233; x_wconf 82' lang='lat' dir='ltr'><strong>adversitatibus</strong></span> <span class='ocrx_word' id='word_1_63' title='bbox 637 1171 761 1232; x_wconf 90' lang='lat' dir='ltr'><strong>cunctis</strong></span> <span class='ocrx_word' id='word_1_64' title='bbox 782 1181 813 1232; x_wconf 91' lang='lat' dir='ltr'><strong>et</strong></span> <span class='ocrx_word' id='word_1_65' title='bbox 829 1172 868 1232; x_wconf 86' lang='lat' dir='ltr'><strong>ab</strong></span> <span class='ocrx_word' id='word_1_66' title='bbox 897 1172 1046 1238; x_wconf 85' lang='lat' dir='ltr'><strong>omnibus</strong></span> <span class='ocrx_word' id='word_1_67' title='bbox 1069 1176 1181 1239; x_wconf 86' lang='lat' dir='ltr'><strong>visibi-</strong></span> 
     </span>
     <span class='ocr_line' id='line_1_11' title="bbox 89 1251 973 1315; baseline 0.001 -1"><span class='ocrx_word' id='word_1_68' title='bbox 89 1252 167 1314; x_wconf 87' lang='lat' dir='ltr'><strong>lium</strong></span> <span class='ocrx_word' id='word_1_69' title='bbox 186 1263 218 1315; x_wconf 87' lang='lat' dir='ltr'><strong>et</strong></span> <span class='ocrx_word' id='word_1_70' title='bbox 236 1253 451 1315; x_wconf 80' lang='lat' dir='ltr'><strong>invisibilium</strong></span> <span class='ocrx_word' id='word_1_71' title='bbox 468 1251 671 1313; x_wconf 89' lang='lat' dir='ltr'><strong>inimieorum</strong></span> <span class='ocrx_word' id='word_1_72' title='bbox 687 1253 821 1314; x_wconf 90' lang='lat' dir='ltr'><strong>insidiis.</strong></span> <span class='ocrx_word' id='word_1_73' title='bbox 862 1254 973 1315; x_wconf 84' lang='lat' dir='ltr'><strong>Amen.</strong></span> 
     </span>
    </p>

    <p class='ocr_par' dir='ltr' id='par_1_5' title="bbox 86 1334 1182 1664">
     <span class='ocr_line' id='line_1_12' title="bbox 166 1334 1182 1419; baseline 0.002 -22"><span class='ocrx_word' id='word_1_74' title='bbox 166 1335 307 1417; x_wconf 82' lang='lat' dir='ltr'><strong>Angelos</strong></span> <span class='ocrx_word' id='word_1_75' title='bbox 325 1357 398 1396; x_wconf 91' lang='lat' dir='ltr'><strong>suos</strong></span> <span class='ocrx_word' id='word_1_76' title='bbox 413 1336 514 1397; x_wconf 88' lang='lat' dir='ltr'><strong>bonos</strong></span> <span class='ocrx_word' id='word_1_77' title='bbox 529 1356 654 1417; x_wconf 88' lang='lat' dir='ltr'><strong>semper</strong></span> <span class='ocrx_word' id='word_1_78' title='bbox 668 1344 701 1400; x_wconf 91' lang='lat' dir='ltr'><strong>et</strong></span> <span class='ocrx_word' id='word_1_79' title='bbox 713 1335 844 1419; x_wconf 90' lang='lat' dir='ltr'><strong>ubique,</strong></span> <span class='ocrx_word' id='word_1_80' title='bbox 859 1334 915 1416; x_wconf 91' lang='lat' dir='ltr'><strong>qui</strong></span> <span class='ocrx_word' id='word_1_81' title='bbox 929 1344 963 1396; x_wconf 91' lang='lat' dir='ltr'><strong>te</strong></span> <span class='ocrx_word' id='word_1_82' title='bbox 977 1338 1182 1418; x_wconf 86' lang='lat' dir='ltr'><strong>praecedant,</strong></span> 
     </span>
     <span class='ocr_line' id='line_1_13' title="bbox 92 1416 1182 1500; baseline 0.004 -22"><span class='ocrx_word' id='word_1_83' title='bbox 92 1416 301 1496; x_wconf 86' lang='lat' dir='ltr'><strong>comitentur,</strong></span> <span class='ocrx_word' id='word_1_84' title='bbox 318 1417 620 1500; x_wconf 19' lang='lat' dir='ltr'><strong>&#39;et&#39;snbsequantnm</strong></span> <span class='ocrx_word' id='word_1_85' title='bbox 642 1417 683 1478; x_wconf 91' lang='lat' dir='ltr'><strong>ad</strong></span> <span class='ocrx_word' id='word_1_86' title='bbox 708 1418 888 1492; x_wconf 45' lang='lat' dir='ltr'><strong>‚custodiam</strong></span> <span class='ocrx_word' id='word_1_87' title='bbox 907 1417 956 1477; x_wconf 91' lang='lat' dir='ltr'><strong>tui</strong></span> <span class='ocrx_word' id='word_1_88' title='bbox 973 1429 1086 1500; x_wconf 86' lang='lat' dir='ltr'><strong>ponat;</strong></span> <span class='ocrx_word' id='word_1_89' title='bbox 1109 1430 1142 1481; x_wconf 91' lang='lat' dir='ltr'><strong>et</strong></span> <span class='ocrx_word' id='word_1_90' title='bbox 1163 1424 1182 1483; x_wconf 76' lang='lat' dir='ltr'><strong>a</strong></span> 
     </span>
     <span class='ocr_line' id='line_1_14' title="bbox 86 1498 1181 1584; baseline 0.005 -24"><span class='ocrx_word' id='word_1_91' title='bbox 86 1509 236 1581; x_wconf 86' lang='lat' dir='ltr'><strong>peccato,</strong></span> <span class='ocrx_word' id='word_1_92' title='bbox 259 1521 315 1561; x_wconf 91' lang='lat' dir='ltr'><strong>seu</strong></span> <span class='ocrx_word' id='word_1_93' title='bbox 335 1499 460 1582; x_wconf 87' lang='lat' dir='ltr'><strong>gladio,</strong></span> <span class='ocrx_word' id='word_1_94' title='bbox 482 1508 514 1560; x_wconf 90' lang='lat' dir='ltr'><strong>et</strong></span> <span class='ocrx_word' id='word_1_95' title='bbox 533 1499 571 1558; x_wconf 87' lang='lat' dir='ltr'><strong>ab</strong></span> <span class='ocrx_word' id='word_1_96' title='bbox 589 1498 733 1560; x_wconf 88' lang='lat' dir='ltr'><strong>omnium</strong></span> <span class='ocrx_word' id='word_1_97' title='bbox 750 1499 971 1584; x_wconf 88' lang='lat' dir='ltr'><strong>periculorum</strong></span> <span class='ocrx_word' id='word_1_98' title='bbox 994 1500 1181 1566; x_wconf 86' lang='lat' dir='ltr'><strong>discrimino</strong></span> 
     </span>
     <span class='ocr_line' id='line_1_15' title="bbox 87 1581 655 1664; baseline 0.002 -23"><span class='ocrx_word' id='word_1_99' title='bbox 87 1590 115 1643; x_wconf 85' lang='lat' dir='ltr'><strong>te</strong></span> <span class='ocrx_word' id='word_1_100' title='bbox 133 1605 193 1644; x_wconf 83' lang='lat' dir='ltr'><strong>suu</strong></span> <span class='ocrx_word' id='word_1_101' title='bbox 215 1581 358 1664; x_wconf 89' lang='lat' dir='ltr'><strong>potentia</strong></span> <span class='ocrx_word' id='word_1_102' title='bbox 375 1582 500 1647; x_wconf 87' lang='lat' dir='ltr'><strong>liberet.</strong></span> <span class='ocrx_word' id='word_1_103' title='bbox 542 1581 655 1643; x_wconf 80' lang='lat' dir='ltr'><strong>Amen.</strong></span> 
     </span>
    </p>

    <p class='ocr_par' dir='ltr' id='par_1_6' title="bbox 84 1663 1182 2057">
     <span class='ocr_line' id='line_1_16' title="bbox 167 1663 1181 1747; baseline 0.002 -23"><span class='ocrx_word' id='word_1_104' title='bbox 167 1664 317 1727; x_wconf 86' lang='lat' dir='ltr'><strong>Inimicus</strong></span> <span class='ocrx_word' id='word_1_105' title='bbox 329 1674 401 1728; x_wconf 87' lang='lat' dir='ltr'><strong>tuos</strong></span> <span class='ocrx_word' id='word_1_106' title='bbox 420 1663 460 1724; x_wconf 89' lang='lat' dir='ltr'><strong>ad</strong></span> <span class='ocrx_word' id='word_1_107' title='bbox 476 1664 562 1745; x_wconf 85' lang='lat' dir='ltr'><strong>pacis</strong></span> <span class='ocrx_word' id='word_1_108' title='bbox 579 1663 782 1747; x_wconf 84' lang='lat' dir='ltr'><strong>caritatisque</strong></span> <span class='ocrx_word' id='word_1_109' title='bbox 796 1664 1027 1744; x_wconf 78' lang='lat' dir='ltr'><strong>benignitatem</strong></span> <span class='ocrx_word' id='word_1_110' title='bbox 1041 1687 1181 1728; x_wconf 85' lang='lat' dir='ltr'><strong>conver·</strong></span> 
     </span>
     <span class='ocr_line' id='line_1_17' title="bbox 84 1746 1181 1830; baseline 0.003 -22"><span class='ocrx_word' id='word_1_111' title='bbox 84 1756 144 1823; x_wconf 89' lang='lat' dir='ltr'><strong>tat,</strong></span> <span class='ocrx_word' id='word_1_112' title='bbox 169 1755 202 1808; x_wconf 91' lang='lat' dir='ltr'><strong>et</strong></span> <span class='ocrx_word' id='word_1_113' title='bbox 217 1747 302 1830; x_wconf 88' lang='lat' dir='ltr'><strong>apud</strong></span> <span class='ocrx_word' id='word_1_114' title='bbox 319 1747 464 1810; x_wconf 90' lang='lat' dir='ltr'><strong>odientes</strong></span> <span class='ocrx_word' id='word_1_115' title='bbox 481 1755 513 1806; x_wconf 90' lang='lat' dir='ltr'><strong>te</strong></span> <span class='ocrx_word' id='word_1_116' title='bbox 536 1747 707 1828; x_wconf 85' lang='lat' dir='ltr'><strong>gratiosum</strong></span> <span class='ocrx_word' id='word_1_117' title='bbox 724 1756 756 1809; x_wconf 90' lang='lat' dir='ltr'><strong>et</strong></span> <span class='ocrx_word' id='word_1_118' title='bbox 774 1746 941 1807; x_wconf 88' lang='lat' dir='ltr'><strong>amabilem</strong></span> <span class='ocrx_word' id='word_1_119' title='bbox 959 1747 1064 1809; x_wconf 86' lang='lat' dir='ltr'><strong>faciat.</strong></span> <span class='ocrx_word' id='word_1_120' title='bbox 1105 1751 1181 1811; x_wconf 83' lang='lat' dir='ltr'><strong>Per·</strong></span> 
     </span>
     <span class='ocr_line' id='line_1_18' title="bbox 84 1827 1182 1912; baseline 0.004 -26"><span class='ocrx_word' id='word_1_121' title='bbox 84 1829 206 1890; x_wconf 88' lang='lat' dir='ltr'><strong>tinaces</strong></span> <span class='ocrx_word' id='word_1_122' title='bbox 220 1849 350 1912; x_wconf 86' lang='lat' dir='ltr'><strong>quoque</strong></span> <span class='ocrx_word' id='word_1_123' title='bbox 371 1829 405 1890; x_wconf 91' lang='lat' dir='ltr'><strong>in</strong></span> <span class='ocrx_word' id='word_1_124' title='bbox 421 1827 471 1888; x_wconf 92' lang='lat' dir='ltr'><strong>tui</strong></span> <span class='ocrx_word' id='word_1_125' title='bbox 491 1829 701 1890; x_wconf 88' lang='lat' dir='ltr'><strong>insectatione</strong></span> <span class='ocrx_word' id='word_1_126' title='bbox 717 1837 750 1889; x_wconf 91' lang='lat' dir='ltr'><strong>et</strong></span> <span class='ocrx_word' id='word_1_127' title='bbox 770 1828 845 1889; x_wconf 89' lang='lat' dir='ltr'><strong>odio</strong></span> <span class='ocrx_word' id='word_1_128' title='bbox 868 1829 1058 1891; x_wconf 88' lang='lat' dir='ltr'><strong>confusione</strong></span> <span class='ocrx_word' id='word_1_129' title='bbox 1094 1832 1182 1893; x_wconf 88' lang='lat' dir='ltr'><strong>salu-</strong></span> 
     </span>
     <span class='ocr_line' id='line_1_19' title="bbox 84 1910 1182 2054; baseline 0.005 -84"><span class='ocrx_word' id='word_1_130' title='bbox 84 1911 141 1970; x_wconf 88' lang='lat' dir='ltr'><strong>tari</strong></span> <span class='ocrx_word' id='word_1_131' title='bbox 157 1911 279 2054; x_wconf 67' lang='lat' dir='ltr'><strong>indAuat.</strong></span> <span class='ocrx_word' id='word_1_132' title='bbox 321 1914 426 1998; x_wconf 88' lang='lat' dir='ltr'><strong>Super</strong></span> <span class='ocrx_word' id='word_1_133' title='bbox 452 1917 483 1972; x_wconf 86' lang='lat' dir='ltr'><strong>le</strong></span> <span class='ocrx_word' id='word_1_134' title='bbox 511 1920 617 1974; x_wconf 85' lang='lat' dir='ltr'><strong>autem</strong></span> <span class='ocrx_word' id='word_1_135' title='bbox 643 1910 851 1973; x_wconf 87' lang='lat' dir='ltr'><strong>sanctificatio</strong></span> <span class='ocrx_word' id='word_1_136' title='bbox 876 1913 1070 1996; x_wconf 85' lang='lat' dir='ltr'><strong>sempiterna</strong></span> <span class='ocrx_word' id='word_1_137' title='bbox 1092 1912 1182 1974; x_wconf 85' lang='lat' dir='ltr'><strong>efflo-</strong></span> 
     </span>
     <span class='ocr_line' id='line_1_20' title="bbox 84 2001 1002 2057; baseline 0.003 -5"><span class='ocrx_word' id='word_1_138' title='bbox 84 2001 164 2054; x_wconf 85' lang='lat' dir='ltr'><strong>reat.</strong></span> <span class='ocrx_word' id='word_1_139' title='bbox 232 2015 316 2057; x_wconf 83' lang='lat' dir='ltr'><strong>men.</strong></span> <span class='ocrx_word' id='word_1_140' title='bbox 377 2008 380 2014; x_wconf 83' lang='lat'>&#39;</span> <span class='ocrx_word' id='word_1_141' title='bbox 889 2033 892 2038; x_wconf 40' lang='lat' dir='ltr'><strong>v</strong></span> <span class='ocrx_word' id='word_1_142' title='bbox 1000 2009 1002 2016; x_wconf 82' lang='grc'><em>’</em></span> 
     </span>
    </p>
   </div>
   <div class='ocr_carea' id='block_1_4' title="bbox 84 2097 1181 2352">
    <p class='ocr_par' dir='ltr' id='par_1_7' title="bbox 84 2097 1181 2352">
     <span class='ocr_line' id='line_1_21' title="bbox 84 2097 1181 2180; baseline 0.005 -24"><span class='ocrx_word' id='word_1_143' title='bbox 84 2097 137 2157; x_wconf 89' lang='lat' dir='ltr'><strong>Ad</strong></span> <span class='ocrx_word' id='word_1_144' title='bbox 156 2101 216 2160; x_wconf 82' lang='lat' dir='ltr'><strong>ista</strong></span> <span class='ocrx_word' id='word_1_145' title='bbox 233 2101 331 2163; x_wconf 76' lang='lat' dir='ltr'><strong>uerba</strong></span> <span class='ocrx_word' id='word_1_146' title='bbox 340 2145 352 2174; x_wconf 84' lang='lat'><strong>,</strong></span> <span class='ocrx_word' id='word_1_147' title='bbox 376 2101 518 2166; x_wconf 77' lang='lat' dir='ltr'><strong>Coronat</strong></span> <span class='ocrx_word' id='word_1_148' title='bbox 531 2111 563 2165; x_wconf 93' lang='lat' dir='ltr'><strong>te</strong></span> <span class='ocrx_word' id='word_1_149' title='bbox 579 2100 746 2180; x_wconf 89' lang='lat' dir='ltr'><strong>Dominus,</strong></span> <span class='ocrx_word' id='word_1_150' title='bbox 767 2102 895 2164; x_wconf 72' lang='lat' dir='ltr'><strong>inunxit</strong></span> <span class='ocrx_word' id='word_1_151' title='bbox 907 2123 975 2162; x_wconf 87' lang='lat' dir='ltr'><strong>eum</strong></span> <span class='ocrx_word' id='word_1_152' title='bbox 987 2097 1181 2166; x_wconf 80' lang='lat' dir='ltr'><strong>Hincmarns</strong></span> 
     </span>
     <span class='ocr_line' id='line_1_22' title="bbox 120 2181 1139 2267; baseline 0.001 -23"><span class='ocrx_word' id='word_1_153' title='bbox 120 2182 383 2267; x_wconf 78' lang='lat' dir='ltr'><strong>Archiepiccopus</strong></span> <span class='ocrx_word' id='word_1_154' title='bbox 400 2181 440 2246; x_wconf 85' lang='lat' dir='ltr'><strong>de</strong></span> <span class='ocrx_word' id='word_1_155' title='bbox 461 2187 626 2245; x_wconf 75' lang='lat' dir='ltr'><strong>chrismate</strong></span> <span class='ocrx_word' id='word_1_156' title='bbox 642 2184 686 2243; x_wconf 89' lang='lat' dir='ltr'><strong>ad</strong></span> <span class='ocrx_word' id='word_1_157' title='bbox 699 2185 845 2245; x_wconf 80' lang='lat' dir='ltr'><strong>dextrum</strong></span> <span class='ocrx_word' id='word_1_158' title='bbox 859 2186 1042 2254; x_wconf 76' lang='lat' dir='ltr'><strong>airriculam,</strong></span> <span class='ocrx_word' id='word_1_159' title='bbox 1062 2191 1139 2245; x_wconf 82' lang='lat' dir='ltr'><strong>etin</strong></span> 
     </span>
     <span class='ocr_line' id='line_1_23' title="bbox 173 2263 1079 2352; baseline 0.004 -28"><span class='ocrx_word' id='word_1_160' title='bbox 173 2263 399 2350; x_wconf 78' lang='lat' dir='ltr'><strong>frontemque</strong></span> <span class='ocrx_word' id='word_1_161' title='bbox 421 2266 467 2326; x_wconf 85' lang='lat' dir='ltr'><strong>od</strong></span> <span class='ocrx_word' id='word_1_162' title='bbox 484 2268 643 2328; x_wconf 84' lang='lat' dir='ltr'><strong>sinistram</strong></span> <span class='ocrx_word' id='word_1_163' title='bbox 661 2266 843 2344; x_wconf 81' lang='lat' dir='ltr'><strong>auriculam,</strong></span> <span class='ocrx_word' id='word_1_164' title='bbox 865 2280 896 2328; x_wconf 80' lang='lat' dir='ltr'><strong>et</strong></span> <span class='ocrx_word' id='word_1_165' title='bbox 915 2268 949 2326; x_wconf 85' lang='lat' dir='ltr'><strong>in</strong></span> <span class='ocrx_word' id='word_1_166' title='bbox 969 2269 1079 2352; x_wconf 82' lang='lat' dir='ltr'><strong>cupite.</strong></span> 
     </span>
    </p>
   </div>
   <div class='ocr_carea' id='block_1_5' title="bbox 75 2369 1225 3440">
    <p class='ocr_par' dir='ltr' id='par_1_8' title="bbox 77 2369 1225 2945">
     <span class='ocr_line' id='line_1_24' title="bbox 149 2369 1180 2452; baseline 0.004 -21"><span class='ocrx_word' id='word_1_167' title='bbox 149 2371 308 2440; x_wconf 53' lang='lat' dir='ltr'><strong>,Coronet</strong></span> <span class='ocrx_word' id='word_1_168' title='bbox 331 2377 362 2430; x_wconf 92' lang='lat' dir='ltr'><strong>te</strong></span> <span class='ocrx_word' id='word_1_169' title='bbox 378 2370 534 2432; x_wconf 89' lang='lat' dir='ltr'><strong>Dominus</strong></span> <span class='ocrx_word' id='word_1_170' title='bbox 558 2391 677 2432; x_wconf 87' lang='lat' dir='ltr'><strong>corona</strong></span> <span class='ocrx_word' id='word_1_171' title='bbox 700 2369 819 2452; x_wconf 87' lang='lat' dir='ltr'><strong>gloriae</strong></span> <span class='ocrx_word' id='word_1_172' title='bbox 847 2371 879 2429; x_wconf 92' lang='lat' dir='ltr'><strong>in</strong></span> <span class='ocrx_word' id='word_1_173' title='bbox 904 2369 1119 2431; x_wconf 87' lang='lat' dir='ltr'><strong>misericordia</strong></span> <span class='ocrx_word' id='word_1_174' title='bbox 1148 2378 1180 2435; x_wconf 87' lang='lat' dir='ltr'><strong>et</strong></span> 
     </span>
     <span class='ocr_line' id='line_1_25' title="bbox 82 2450 1182 2535; baseline 0 -21"><span class='ocrx_word' id='word_1_175' title='bbox 82 2451 341 2514; x_wconf 87' lang='lat' dir='ltr'><strong>miserationibus</strong></span> <span class='ocrx_word' id='word_1_176' title='bbox 357 2450 441 2530; x_wconf 87' lang='lat' dir='ltr'><strong>suis,</strong></span> <span class='ocrx_word' id='word_1_177' title='bbox 464 2462 494 2513; x_wconf 89' lang='lat' dir='ltr'><strong>et</strong></span> <span class='ocrx_word' id='word_1_178' title='bbox 511 2463 609 2535; x_wconf 88' lang='lat' dir='ltr'><strong>ungat</strong></span> <span class='ocrx_word' id='word_1_179' title='bbox 623 2462 655 2513; x_wconf 90' lang='lat' dir='ltr'><strong>te</strong></span> <span class='ocrx_word' id='word_1_180' title='bbox 677 2452 711 2511; x_wconf 93' lang='lat' dir='ltr'><strong>in</strong></span> <span class='ocrx_word' id='word_1_181' title='bbox 731 2452 823 2533; x_wconf 86' lang='lat' dir='ltr'><strong>regni</strong></span> <span class='ocrx_word' id='word_1_182' title='bbox 845 2451 1000 2532; x_wconf 87' lang='lat' dir='ltr'><strong>regimine</strong></span> <span class='ocrx_word' id='word_1_183' title='bbox 1017 2453 1095 2514; x_wconf 49' lang='lat' dir='ltr'><strong>oleo*</strong></span> <span class='ocrx_word' id='word_1_184' title='bbox 1113 2476 1182 2535; x_wconf 88' lang='lat' dir='ltr'><strong>gra·</strong></span> 
     </span>
     <span class='ocr_line' id='line_1_26' title="bbox 78 2533 1183 2616; baseline 0.001 -22"><span class='ocrx_word' id='word_1_185' title='bbox 78 2534 142 2595; x_wconf 90' lang='lat' dir='ltr'><strong>tiae</strong></span> <span class='ocrx_word' id='word_1_186' title='bbox 163 2533 300 2616; x_wconf 89' lang='lat' dir='ltr'><strong>Spiritus</strong></span> <span class='ocrx_word' id='word_1_187' title='bbox 314 2533 415 2595; x_wconf 87' lang='lat' dir='ltr'><strong>saneti</strong></span> <span class='ocrx_word' id='word_1_188' title='bbox 430 2534 500 2612; x_wconf 88' lang='lat' dir='ltr'><strong>sui,</strong></span> <span class='ocrx_word' id='word_1_189' title='bbox 521 2535 606 2596; x_wconf 92' lang='lat' dir='ltr'><strong>unde</strong></span> <span class='ocrx_word' id='word_1_190' title='bbox 630 2534 726 2594; x_wconf 84' lang='lat' dir='ltr'><strong>unxit</strong></span> <span class='ocrx_word' id='word_1_191' title='bbox 744 2533 941 2610; x_wconf 86' lang='lat' dir='ltr'><strong>Sacerdotes,</strong></span> <span class='ocrx_word' id='word_1_192' title='bbox 962 2536 1084 2616; x_wconf 84' lang='lat' dir='ltr'><strong>Reges,</strong></span> <span class='ocrx_word' id='word_1_193' title='bbox 1105 2538 1183 2597; x_wconf 85' lang='lat' dir='ltr'><strong>Pro·</strong></span> 
     </span>
     <span class='ocr_line' id='line_1_27' title="bbox 80 2615 1225 2699; baseline 0.003 -23"><span class='ocrx_word' id='word_1_194' title='bbox 80 2616 214 2699; x_wconf 88' lang='lat' dir='ltr'><strong>phetas,</strong></span> <span class='ocrx_word' id='word_1_195' title='bbox 237 2626 270 2676; x_wconf 92' lang='lat' dir='ltr'><strong>et</strong></span> <span class='ocrx_word' id='word_1_196' title='bbox 286 2618 455 2699; x_wconf 88' lang='lat' dir='ltr'><strong>Martyres,</strong></span> <span class='ocrx_word' id='word_1_197' title='bbox 477 2616 533 2698; x_wconf 92' lang='lat' dir='ltr'><strong>qui</strong></span> <span class='ocrx_word' id='word_1_198' title='bbox 549 2638 607 2698; x_wconf 90' lang='lat' dir='ltr'><strong>per</strong></span> <span class='ocrx_word' id='word_1_199' title='bbox 623 2616 720 2676; x_wconf 84' lang='lat' dir='ltr'><strong>fidem</strong></span> <span class='ocrx_word' id='word_1_200' title='bbox 739 2615 887 2677; x_wconf 87' lang='lat' dir='ltr'><strong>vicerunt</strong></span> <span class='ocrx_word' id='word_1_201' title='bbox 901 2636 998 2698; x_wconf 89' lang='lat' dir='ltr'><strong>regna</strong></span> <span class='ocrx_word' id='word_1_202' title='bbox 1014 2661 1022 2692; x_wconf 94' lang='lat'><strong>,</strong></span> <span class='ocrx_word' id='word_1_203' title='bbox 1045 2626 1078 2676; x_wconf 92' lang='lat' dir='ltr'><strong>et</strong></span> <span class='ocrx_word' id='word_1_204' title='bbox 1101 2639 1181 2698; x_wconf 83' lang='lat' dir='ltr'><strong>ope·-</strong></span> <span class='ocrx_word' id='word_1_205' title='bbox 1222 2675 1225 2680; x_wconf 84' lang='grc'><em>,</em></span> 
     </span>
     <span class='ocr_line' id='line_1_28' title="bbox 78 2697 1180 2780; baseline -0.002 -20"><span class='ocrx_word' id='word_1_206' title='bbox 78 2698 141 2760; x_wconf 86' lang='lat' dir='ltr'><strong>rati</strong></span> <span class='ocrx_word' id='word_1_207' title='bbox 163 2706 237 2760; x_wconf 85' lang='lat' dir='ltr'><strong>sunt</strong></span> <span class='ocrx_word' id='word_1_208' title='bbox 256 2697 433 2776; x_wconf 90' lang='lat' dir='ltr'><strong>iustitiam,</strong></span> <span class='ocrx_word' id='word_1_209' title='bbox 455 2709 550 2780; x_wconf 89' lang='lat' dir='ltr'><strong>atque</strong></span> <span class='ocrx_word' id='word_1_210' title='bbox 567 2699 673 2780; x_wconf 90' lang='lat' dir='ltr'><strong>adepti</strong></span> <span class='ocrx_word' id='word_1_211' title='bbox 689 2707 765 2760; x_wconf 91' lang='lat' dir='ltr'><strong>sunt</strong></span> <span class='ocrx_word' id='word_1_212' title='bbox 778 2697 1018 2780; x_wconf 85' lang='lat' dir='ltr'><strong>promissiones;</strong></span> <span class='ocrx_word' id='word_1_213' title='bbox 1041 2698 1180 2760; x_wconf 88' lang='lat' dir='ltr'><strong>eisdem·</strong></span> 
     </span>
     <span class='ocr_line' id='line_1_29' title="bbox 77 2779 1221 2863; baseline 0 -21"><span class='ocrx_word' id='word_1_214' title='bbox 77 2802 143 2861; x_wconf 90' lang='lat' dir='ltr'><strong>que</strong></span> <span class='ocrx_word' id='word_1_215' title='bbox 170 2780 433 2863; x_wconf 88' lang='lat' dir='ltr'><strong>promissionibus</strong></span> <span class='ocrx_word' id='word_1_216' title='bbox 464 2781 563 2862; x_wconf 87' lang='lat' dir='ltr'><strong>gratia</strong></span> <span class='ocrx_word' id='word_1_217' title='bbox 593 2781 655 2842; x_wconf 89' lang='lat' dir='ltr'><strong>Dei</strong></span> <span class='ocrx_word' id='word_1_218' title='bbox 691 2781 805 2862; x_wconf 87' lang='lat' dir='ltr'><strong>dignus</strong></span> <span class='ocrx_word' id='word_1_219' title='bbox 831 2779 994 2858; x_wconf 88' lang='lat' dir='ltr'><strong>efficiaris,</strong></span> <span class='ocrx_word' id='word_1_220' title='bbox 1023 2789 1182 2862; x_wconf 85' lang='lat' dir='ltr'><strong>quatenus</strong></span> <span class='ocrx_word' id='word_1_221' title='bbox 1217 2785 1221 2792; x_wconf 82' lang='lat'><em>&#39;</em></span> 
     </span>
     <span class='ocr_line' id='line_1_30' title="bbox 78 2861 1180 2945; baseline -0.002 -21"><span class='ocrx_word' id='word_1_222' title='bbox 78 2883 193 2924; x_wconf 84' lang='lat' dir='ltr'><strong>eorum</strong></span> <span class='ocrx_word' id='word_1_223' title='bbox 214 2863 376 2923; x_wconf 90' lang='lat' dir='ltr'><strong>consortio</strong></span> <span class='ocrx_word' id='word_1_224' title='bbox 398 2864 432 2924; x_wconf 90' lang='lat' dir='ltr'><strong>in</strong></span> <span class='ocrx_word' id='word_1_225' title='bbox 456 2864 586 2926; x_wconf 89' lang='lat' dir='ltr'><strong>coelesti</strong></span> <span class='ocrx_word' id='word_1_226' title='bbox 608 2884 708 2945; x_wconf 88' lang='lat' dir='ltr'><strong>regno</strong></span> <span class='ocrx_word' id='word_1_227' title='bbox 731 2861 854 2944; x_wconf 89' lang='lat' dir='ltr'><strong>perfrui</strong></span> <span class='ocrx_word' id='word_1_228' title='bbox 875 2861 1036 2922; x_wconf 89' lang='lat' dir='ltr'><strong>merearis.</strong></span> <span class='ocrx_word' id='word_1_229' title='bbox 1064 2863 1180 2929; x_wconf 86' lang='lat' dir='ltr'><strong>Amen.</strong></span> 
     </span>
    </p>

    <p class='ocr_par' dir='ltr' id='par_1_9' title="bbox 75 2937 1184 3440">
     <span class='ocr_line' id='line_1_31' title="bbox 163 2937 1179 3028; baseline -0.002 -20"><span class='ocrx_word' id='word_1_230' title='bbox 163 2944 379 3008; x_wconf 87' lang='lat' dir='ltr'><strong>Victoriosum</strong></span> <span class='ocrx_word' id='word_1_231' title='bbox 391 2956 423 3006; x_wconf 90' lang='lat' dir='ltr'><strong>te</strong></span> <span class='ocrx_word' id='word_1_232' title='bbox 444 2955 539 3028; x_wconf 89' lang='lat' dir='ltr'><strong>atque</strong></span> <span class='ocrx_word' id='word_1_233' title='bbox 551 2945 816 3026; x_wconf 85' lang='lat' dir='ltr'><strong>triumphatorem</strong></span> <span class='ocrx_word' id='word_1_234' title='bbox 830 2944 869 3005; x_wconf 88' lang='lat' dir='ltr'><strong>de</strong></span> <span class='ocrx_word' id='word_1_235' title='bbox 883 2937 1064 3007; x_wconf 82' lang='lat' dir='ltr'><strong>visibilibus</strong></span> <span class='ocrx_word' id='word_1_236' title='bbox 1082 2954 1179 3026; x_wconf 89' lang='lat' dir='ltr'><strong>atque</strong></span> 
     </span>
     <span class='ocr_line' id='line_1_32' title="bbox 77 3023 1184 3110; baseline 0 -24"><span class='ocrx_word' id='word_1_237' title='bbox 77 3025 298 3089; x_wconf 85' lang='lat' dir='ltr'><strong>invisibilibus</strong></span> <span class='ocrx_word' id='word_1_238' title='bbox 317 3025 462 3091; x_wconf 86' lang='lat' dir='ltr'><strong>hostibus</strong></span> <span class='ocrx_word' id='word_1_239' title='bbox 481 3049 606 3110; x_wconf 87' lang='lat' dir='ltr'><strong>semper</strong></span> <span class='ocrx_word' id='word_1_240' title='bbox 631 3028 761 3096; x_wconf 80' lang='lat' dir='ltr'><strong>efficiat3</strong></span> <span class='ocrx_word' id='word_1_241' title='bbox 786 3035 819 3088; x_wconf 91' lang='lat' dir='ltr'><strong>et</strong></span> <span class='ocrx_word' id='word_1_242' title='bbox 842 3026 942 3088; x_wconf 88' lang='lat' dir='ltr'><strong>sancti</strong></span> <span class='ocrx_word' id='word_1_243' title='bbox 966 3027 1106 3088; x_wconf 83' lang='lat' dir='ltr'><strong>nominis</strong></span> <span class='ocrx_word' id='word_1_244' title='bbox 1130 3023 1184 3088; x_wconf 84' lang='lat' dir='ltr'><strong>sui</strong></span> 
     </span>
     <span class='ocr_line' id='line_1_33' title="bbox 76 3108 1182 3192; baseline 0.001 -24"><span class='ocrx_word' id='word_1_245' title='bbox 76 3109 227 3172; x_wconf 89' lang='lat' dir='ltr'><strong>timorem</strong></span> <span class='ocrx_word' id='word_1_246' title='bbox 244 3108 364 3192; x_wconf 87' lang='lat' dir='ltr'><strong>pariter</strong></span> <span class='ocrx_word' id='word_1_247' title='bbox 378 3120 410 3172; x_wconf 91' lang='lat' dir='ltr'><strong>et</strong></span> <span class='ocrx_word' id='word_1_248' title='bbox 427 3133 565 3173; x_wconf 88' lang='lat' dir='ltr'><strong>amorem</strong></span> <span class='ocrx_word' id='word_1_249' title='bbox 580 3109 735 3172; x_wconf 88' lang='lat' dir='ltr'><strong>continue</strong></span> <span class='ocrx_word' id='word_1_250' title='bbox 750 3108 840 3170; x_wconf 83' lang='lat' dir='ltr'><strong>cordi</strong></span> <span class='ocrx_word' id='word_1_251' title='bbox 863 3118 919 3169; x_wconf 90' lang='lat' dir='ltr'><strong>tuo</strong></span> <span class='ocrx_word' id='word_1_252' title='bbox 942 3108 1110 3182; x_wconf 86' lang='lat' dir='ltr'><strong>infundat;</strong></span> <span class='ocrx_word' id='word_1_253' title='bbox 1148 3117 1182 3170; x_wconf 91' lang='lat' dir='ltr'><strong>et</strong></span> 
     </span>
     <span class='ocr_line' id='line_1_34' title="bbox 76 3191 1183 3276; baseline 0 -24"><span class='ocrx_word' id='word_1_254' title='bbox 76 3191 112 3252; x_wconf 91' lang='lat' dir='ltr'><strong>in</strong></span> <span class='ocrx_word' id='word_1_255' title='bbox 135 3191 199 3253; x_wconf 88' lang='lat' dir='ltr'><strong>fide</strong></span> <span class='ocrx_word' id='word_1_256' title='bbox 221 3201 309 3253; x_wconf 90' lang='lat' dir='ltr'><strong>recta</strong></span> <span class='ocrx_word' id='word_1_257' title='bbox 334 3213 370 3252; x_wconf 88' lang='lat' dir='ltr'><strong>ac</strong></span> <span class='ocrx_word' id='word_1_258' title='bbox 395 3193 488 3254; x_wconf 87' lang='lat' dir='ltr'><strong>bonis</strong></span> <span class='ocrx_word' id='word_1_259' title='bbox 515 3191 665 3276; x_wconf 89' lang='lat' dir='ltr'><strong>operibus</strong></span> <span class='ocrx_word' id='word_1_260' title='bbox 695 3191 963 3274; x_wconf 83' lang='lat' dir='ltr'><strong>perseverabilem</strong></span> <span class='ocrx_word' id='word_1_261' title='bbox 987 3191 1116 3263; x_wconf 77' lang='lat' dir='ltr'><strong>reddat3</strong></span> <span class='ocrx_word' id='word_1_262' title='bbox 1149 3201 1183 3253; x_wconf 87' lang='lat' dir='ltr'><strong>ct</strong></span> 
     </span>
     <span class='ocr_line' id='line_1_35' title="bbox 75 3271 1180 3357; baseline 0.003 -25"><span class='ocrx_word' id='word_1_263' title='bbox 75 3293 159 3356; x_wconf 86' lang='lat' dir='ltr'><strong>paee</strong></span> <span class='ocrx_word' id='word_1_264' title='bbox 175 3276 208 3335; x_wconf 93' lang='lat' dir='ltr'><strong>in</strong></span> <span class='ocrx_word' id='word_1_265' title='bbox 227 3274 339 3336; x_wconf 89' lang='lat' dir='ltr'><strong>diebus</strong></span> <span class='ocrx_word' id='word_1_266' title='bbox 358 3276 421 3336; x_wconf 91' lang='lat' dir='ltr'><strong>tuis</strong></span> <span class='ocrx_word' id='word_1_267' title='bbox 437 3296 604 3351; x_wconf 88' lang='lat' dir='ltr'><strong>concessa,</strong></span> <span class='ocrx_word' id='word_1_268' title='bbox 627 3296 699 3335; x_wconf 90' lang='lat' dir='ltr'><strong>cum</strong></span> <span class='ocrx_word' id='word_1_269' title='bbox 714 3271 819 3356; x_wconf 88' lang='lat' dir='ltr'><strong>palma</strong></span> <span class='ocrx_word' id='word_1_270' title='bbox 833 3272 985 3334; x_wconf 86' lang='lat' dir='ltr'><strong>victoriae</strong></span> <span class='ocrx_word' id='word_1_271' title='bbox 1004 3283 1035 3336; x_wconf 86' lang='lat' dir='ltr'><strong>te</strong></span> <span class='ocrx_word' id='word_1_272' title='bbox 1054 3273 1092 3336; x_wconf 86' lang='lat' dir='ltr'><strong>ad</strong></span> <span class='ocrx_word' id='word_1_273' title='bbox 1107 3295 1180 3357; x_wconf 91' lang='lat' dir='ltr'><strong>per·</strong></span> 
     </span>
     <span class='ocr_line' id='line_1_36' title="bbox 77 3356 1127 3440; baseline -0.001 -24"><span class='ocrx_word' id='word_1_274' title='bbox 77 3363 215 3437; x_wconf 80' lang='lat' dir='ltr'><strong>petuam</strong></span> <span class='ocrx_word' id='word_1_275' title='bbox 233 3377 369 3438; x_wconf 89' lang='lat' dir='ltr'><strong>regnum</strong></span> <span class='ocrx_word' id='word_1_276' title='bbox 389 3359 553 3440; x_wconf 87' lang='lat' dir='ltr'><strong>perducat.</strong></span> <span class='ocrx_word' id='word_1_277' title='bbox 595 3356 708 3417; x_wconf 86' lang='lat' dir='ltr'><strong>Amen.</strong></span> <span class='ocrx_word' id='word_1_278' title='bbox 1123 3366 1127 3373; x_wconf 87' lang='lat'>&#39;</span> 
     </span>
    </p>
   </div>
   <div class='ocr_carea' id='block_1_6' title="bbox 161 3425 1179 3581">
    <p class='ocr_par' dir='ltr' id='par_1_10' title="bbox 161 3425 1179 3581">
     <span class='ocr_line' id='line_1_37' title="bbox 161 3425 1179 3581; baseline -0.001 -82"><span class='ocrx_word' id='word_1_279' title='bbox 161 3438 204 3499; x_wconf 91' lang='lat' dir='ltr'><strong>Et</strong></span> <span class='ocrx_word' id='word_1_280' title='bbox 217 3440 274 3520; x_wconf 89' lang='lat' dir='ltr'><strong>qui</strong></span> <span class='ocrx_word' id='word_1_281' title='bbox 288 3448 320 3499; x_wconf 92' lang='lat' dir='ltr'><strong>te</strong></span> <span class='ocrx_word' id='word_1_282' title='bbox 344 3440 450 3500; x_wconf 91' lang='lat' dir='ltr'><strong>voluit</strong></span> <span class='ocrx_word' id='word_1_283' title='bbox 466 3460 563 3522; x_wconf 89' lang='lat' dir='ltr'><strong>super</strong></span> <span class='ocrx_word' id='word_1_284' title='bbox 576 3440 735 3581; x_wconf 87' lang='lat' dir='ltr'><strong>populum</strong></span> <span class='ocrx_word' id='word_1_285' title='bbox 765 3458 858 3499; x_wconf 89' lang='lat' dir='ltr'><strong>sunm</strong></span> <span class='ocrx_word' id='word_1_286' title='bbox 886 3425 1082 3498; x_wconf 86' lang='lat' dir='ltr'><strong>constituere</strong></span> <span class='ocrx_word' id='word_1_287' title='bbox 1113 3437 1179 3498; x_wconf 88' lang='lat' dir='ltr'><strong>Re·</strong></span> 
     </span>
    </p>
   </div>
   <div class='ocr_carea' id='block_1_7' title="bbox 78 3517 1185 4262">
    <p class='ocr_par' dir='ltr' id='par_1_11' title="bbox 79 3517 1181 3670">
     <span class='ocr_line' id='line_1_38' title="bbox 79 3517 1181 3602; baseline 0.005 -25"><span class='ocrx_word' id='word_1_288' title='bbox 79 3539 173 3599; x_wconf 87' lang='lat' dir='ltr'><strong>gem,</strong></span> <span class='ocrx_word' id='word_1_289' title='bbox 195 3529 227 3581; x_wconf 83' lang='lat' dir='ltr'><strong>et</strong></span> <span class='ocrx_word' id='word_1_290' title='bbox 252 3520 286 3579; x_wconf 94' lang='lat' dir='ltr'><strong>in</strong></span> <span class='ocrx_word' id='word_1_291' title='bbox 312 3521 472 3602; x_wconf 89' lang='lat' dir='ltr'><strong>praesenti</strong></span> <span class='ocrx_word' id='word_1_292' title='bbox 497 3543 607 3584; x_wconf 82' lang='lat' dir='ltr'><strong>saeuo</strong></span> <span class='ocrx_word' id='word_1_293' title='bbox 638 3521 767 3582; x_wconf 83' lang='lat' dir='ltr'><strong>felicem</strong></span> <span class='ocrx_word' id='word_1_294' title='bbox 790 3529 822 3580; x_wconf 92' lang='lat' dir='ltr'><strong>et</strong></span> <span class='ocrx_word' id='word_1_295' title='bbox 843 3526 990 3581; x_wconf 87' lang='lat' dir='ltr'><strong>aeternae</strong></span> <span class='ocrx_word' id='word_1_296' title='bbox 1018 3517 1181 3582; x_wconf 74' lang='lat' dir='ltr'><strong>felicitatis</strong></span> 
     </span>
     <span class='ocr_line' id='line_1_39' title="bbox 80 3600 647 3670; baseline 0.007 -10"><span class='ocrx_word' id='word_1_297' title='bbox 80 3600 280 3664; x_wconf 88' lang='lat' dir='ltr'><strong>tribuatesse</strong></span> <span class='ocrx_word' id='word_1_298' title='bbox 302 3600 492 3670; x_wconf 84' lang='lat' dir='ltr'><strong>consortem.</strong></span> <span class='ocrx_word' id='word_1_299' title='bbox 534 3604 647 3664; x_wconf 87' lang='lat' dir='ltr'><strong>Amen.</strong></span> 
     </span>
    </p>

    <p class='ocr_par' dir='ltr' id='par_1_12' title="bbox 78 3681 1185 4262">
     <span class='ocr_line' id='line_1_40' title="bbox 164 3681 1183 3769; baseline -0.003 -24"><span class='ocrx_word' id='word_1_300' title='bbox 164 3686 295 3745; x_wconf 82' lang='lat' dir='ltr'><strong>Clarum</strong></span> <span class='ocrx_word' id='word_1_301' title='bbox 313 3709 349 3747; x_wconf 88' lang='lat' dir='ltr'><strong>ac</strong></span> <span class='ocrx_word' id='word_1_302' title='bbox 368 3687 545 3769; x_wconf 89' lang='lat' dir='ltr'><strong>populum,</strong></span> <span class='ocrx_word' id='word_1_303' title='bbox 568 3707 664 3766; x_wconf 89' lang='lat' dir='ltr'><strong>quem</strong></span> <span class='ocrx_word' id='word_1_304' title='bbox 688 3707 745 3746; x_wconf 89' lang='lat' dir='ltr'><strong>sna</strong></span> <span class='ocrx_word' id='word_1_305' title='bbox 762 3682 865 3746; x_wconf 91' lang='lat' dir='ltr'><strong>voluit</strong></span> <span class='ocrx_word' id='word_1_306' title='bbox 882 3681 1093 3764; x_wconf 87' lang='lat' dir='ltr'><strong>opitulatione</strong></span> <span class='ocrx_word' id='word_1_307' title='bbox 1109 3691 1183 3742; x_wconf 88' lang='lat' dir='ltr'><strong>tuae</strong></span> 
     </span>
     <span class='ocr_line' id='line_1_41' title="bbox 78 3763 1183 3850; baseline -0.004 -23"><span class='ocrx_word' id='word_1_308' title='bbox 78 3765 227 3840; x_wconf 47' lang='lat' dir='ltr'><strong>subdere,</strong></span> <span class='ocrx_word' id='word_1_309' title='bbox 242 3767 360 3828; x_wconf 90' lang='lat' dir='ltr'><strong>ditioni</strong></span> <span class='ocrx_word' id='word_1_310' title='bbox 379 3791 434 3829; x_wconf 91' lang='lat' dir='ltr'><strong>sua</strong></span> <span class='ocrx_word' id='word_1_311' title='bbox 453 3769 690 3850; x_wconf 90' lang='lat' dir='ltr'><strong>dispensatione</strong></span> <span class='ocrx_word' id='word_1_312' title='bbox 709 3777 740 3828; x_wconf 91' lang='lat' dir='ltr'><strong>et</strong></span> <span class='ocrx_word' id='word_1_313' title='bbox 756 3777 809 3826; x_wconf 91' lang='lat' dir='ltr'><strong>tua</strong></span> <span class='ocrx_word' id='word_1_314' title='bbox 833 3763 1107 3825; x_wconf 86' lang='lat' dir='ltr'><strong>administratione</strong></span> <span class='ocrx_word' id='word_1_315' title='bbox 1125 3785 1183 3845; x_wconf 93' lang='lat' dir='ltr'><strong>per</strong></span> 
     </span>
     <span class='ocr_line' id='line_1_42' title="bbox 79 3845 1184 3932; baseline -0.002 -24"><span class='ocrx_word' id='word_1_316' title='bbox 79 3848 235 3908; x_wconf 87' lang='lat' dir='ltr'><strong>diuturna</strong></span> <span class='ocrx_word' id='word_1_317' title='bbox 251 3859 394 3932; x_wconf 89' lang='lat' dir='ltr'><strong>tempora</strong></span> <span class='ocrx_word' id='word_1_318' title='bbox 419 3860 449 3912; x_wconf 91' lang='lat' dir='ltr'><strong>te</strong></span> <span class='ocrx_word' id='word_1_319' title='bbox 484 3851 580 3911; x_wconf 89' lang='lat' dir='ltr'><strong>faciat</strong></span> <span class='ocrx_word' id='word_1_320' title='bbox 600 3850 741 3910; x_wconf 88' lang='lat' dir='ltr'><strong>feliciter</strong></span> <span class='ocrx_word' id='word_1_321' title='bbox 758 3847 950 3930; x_wconf 67' lang='lat' dir='ltr'><strong>gubernarm</strong></span> <span class='ocrx_word' id='word_1_322' title='bbox 973 3867 1037 3927; x_wconf 92' lang='lat' dir='ltr'><strong>quo</strong></span> <span class='ocrx_word' id='word_1_323' title='bbox 1062 3845 1184 3907; x_wconf 87' lang='lat' dir='ltr'><strong>divinis</strong></span> 
     </span>
     <span class='ocr_line' id='line_1_43' title="bbox 78 3928 1185 4014; baseline 0 -26"><span class='ocrx_word' id='word_1_324' title='bbox 78 3929 211 3992; x_wconf 89' lang='lat' dir='ltr'><strong>monitis</strong></span> <span class='ocrx_word' id='word_1_325' title='bbox 239 3943 409 4014; x_wconf 89' lang='lat' dir='ltr'><strong>parentes,</strong></span> <span class='ocrx_word' id='word_1_326' title='bbox 444 3933 687 3994; x_wconf 89' lang='lat' dir='ltr'><strong>adversitatibus</strong></span> <span class='ocrx_word' id='word_1_327' title='bbox 718 3930 866 3991; x_wconf 89' lang='lat' dir='ltr'><strong>omnibus</strong></span> <span class='ocrx_word' id='word_1_328' title='bbox 895 3938 1058 4005; x_wconf 90' lang='lat' dir='ltr'><strong>carentes,</strong></span> <span class='ocrx_word' id='word_1_329' title='bbox 1090 3928 1185 3988; x_wconf 88' lang='lat' dir='ltr'><strong>bonis</strong></span> 
     </span>
     <span class='ocr_line' id='line_1_44' title="bbox 80 4011 1184 4093; baseline -0.003 -23"><span class='ocrx_word' id='word_1_330' title='bbox 80 4011 230 4074; x_wconf 89' lang='lat' dir='ltr'><strong>omnibus</strong></span> <span class='ocrx_word' id='word_1_331' title='bbox 245 4015 475 4093; x_wconf 86' lang='lat' dir='ltr'><strong>exuberantes,</strong></span> <span class='ocrx_word' id='word_1_332' title='bbox 497 4026 552 4075; x_wconf 90' lang='lat' dir='ltr'><strong>tuo</strong></span> <span class='ocrx_word' id='word_1_333' title='bbox 567 4014 745 4076; x_wconf 88' lang='lat' dir='ltr'><strong>ministerio</strong></span> <span class='ocrx_word' id='word_1_334' title='bbox 760 4011 847 4072; x_wconf 89' lang='lat' dir='ltr'><strong>fideli</strong></span> <span class='ocrx_word' id='word_1_335' title='bbox 868 4032 974 4082; x_wconf 84' lang='lat' dir='ltr'><strong>amore</strong></span> <span class='ocrx_word' id='word_1_336' title='bbox 1001 4011 1184 4090; x_wconf 83' lang='lat' dir='ltr'><strong>obsequen·-</strong></span> 
     </span>
     <span class='ocr_line' id='line_1_45' title="bbox 80 4093 1185 4180; baseline -0.003 -27"><span class='ocrx_word' id='word_1_337' title='bbox 80 4102 153 4168; x_wconf 89' lang='lat' dir='ltr'><strong>tes,</strong></span> <span class='ocrx_word' id='word_1_338' title='bbox 173 4095 254 4155; x_wconf 90' lang='lat' dir='ltr'><strong>etin</strong></span> <span class='ocrx_word' id='word_1_339' title='bbox 272 4098 433 4178; x_wconf 89' lang='lat' dir='ltr'><strong>praesenti</strong></span> <span class='ocrx_word' id='word_1_340' title='bbox 457 4097 569 4160; x_wconf 88' lang='lat' dir='ltr'><strong>seculo</strong></span> <span class='ocrx_word' id='word_1_341' title='bbox 594 4097 680 4180; x_wconf 89' lang='lat' dir='ltr'><strong>pacis</strong></span> <span class='ocrx_word' id='word_1_342' title='bbox 703 4093 938 4175; x_wconf 89' lang='lat' dir='ltr'><strong>tranquillitate</strong></span> <span class='ocrx_word' id='word_1_343' title='bbox 962 4093 1128 4168; x_wconf 87' lang='lat' dir='ltr'><strong>fruantur,</strong></span> <span class='ocrx_word' id='word_1_344' title='bbox 1152 4099 1185 4152; x_wconf 85' lang='lat' dir='ltr'><strong>et</strong></span> 
     </span>
     <span class='ocr_line' id='line_1_46' title="bbox 79 4175 1185 4262; baseline 0.002 -29"><span class='ocrx_word' id='word_1_345' title='bbox 79 4185 189 4238; x_wconf 81' lang='lat' dir='ltr'><strong>tecum</strong></span> <span class='ocrx_word' id='word_1_346' title='bbox 208 4187 411 4240; x_wconf 88' lang='lat' dir='ltr'><strong>aeternornm</strong></span> <span class='ocrx_word' id='word_1_347' title='bbox 429 4179 548 4241; x_wconf 88' lang='lat' dir='ltr'><strong>civium</strong></span> <span class='ocrx_word' id='word_1_348' title='bbox 566 4181 724 4242; x_wconf 87' lang='lat' dir='ltr'><strong>consortio</strong></span> <span class='ocrx_word' id='word_1_349' title='bbox 743 4176 841 4262; x_wconf 90' lang='lat' dir='ltr'><strong>potiri</strong></span> <span class='ocrx_word' id='word_1_350' title='bbox 855 4185 1050 4239; x_wconf 86' lang='lat' dir='ltr'><strong>mereantur.</strong></span> <span class='ocrx_word' id='word_1_351' title='bbox 1071 4175 1185 4237; x_wconf 79' lang='lat' dir='ltr'><strong>Auen,</strong></span> 
     </span>
    </p>
   </div>
   <div class='ocr_carea' id='block_1_8' title="bbox 81 4257 984 4420">
    <p class='ocr_par' dir='ltr' id='par_1_13' title="bbox 81 4257 984 4420">
     <span class='ocr_line' id='line_1_47' title="bbox 81 4257 984 4420; baseline 0.014 -104"><span class='ocrx_word' id='word_1_352' title='bbox 81 4257 180 4333; x_wconf 88' lang='lat' dir='ltr'><strong>Quod</strong></span> <span class='ocrx_word' id='word_1_353' title='bbox 197 4258 264 4343; x_wconf 87' lang='lat' dir='ltr'><strong>ipse</strong></span> <span class='ocrx_word' id='word_1_354' title='bbox 281 4272 439 4344; x_wconf 88' lang='lat' dir='ltr'><strong>praestare</strong></span> <span class='ocrx_word' id='word_1_355' title='bbox 466 4264 627 4348; x_wconf 85' lang='lat' dir='ltr'><strong>dignetur.</strong></span> <span class='ocrx_word' id='word_1_356' title='bbox 938 4346 984 4420; x_wconf 69' lang='grc'><strong>16</strong></span> 
     </span>
    </p>
   </div>
   <div class='ocr_carea' id='block_1_9' title="bbox 0 0 1379 4992">
    <p class='ocr_par' dir='ltr' id='par_1_14' title="bbox 0 0 1379 4992">
     <span class='ocr_line' id='line_1_48' title="bbox 0 0 1379 4992; baseline 0 0"><span class='ocrx_word' id='word_1_357' title='bbox 0 0 1379 4992; x_wconf 95' lang='lat' dir='ltr'><strong> </strong></span> 
     </span>
    </p>
   </div>
  </div>
 </body>
</html>
