2746 4992
242 325 275 378 a.
302 321 379 376 cus.
488 317 614 382 artuum
646 305 873 386 rulucouuu‘
991 325 1050 381 ste.
1127 303 1196 380 199

106 463 218 552 synodo
239 471 269 524 et
286 458 472 523 deliniendo
486 457 639 521 canonice
654 460 680 521 si
698 463 862 543 quaelibet
883 463 1120 526 insurrexerint
1138 488 1197 527 ne·

106 549 247 623 cessaria,
269 555 302 605 et
319 552 355 603 ut
369 543 514 624 graviora
539 543 580 603 ad
602 541 701 623 ipsius
727 546 874 604 notitiam
906 548 1043 624 celerat,
1078 557 1110 608 et
1138 569 1196 609 nos

105 629 294 692 unanimiter
313 625 401 688 omni
417 623 587 685 devotione
604 624 780 704 laudamus,
791 639 823 688 et
841 639 876 688 ut
889 629 930 688 ita
942 627 1009 712 ipse
1025 631 1197 710 primatum

103 721 207 786 teneat
221 709 344 785 Galliae
365 718 397 769 et
422 706 611 776 Germaniae
629 707 831 770 decernimus
846 720 878 772 et
896 713 1066 776 sancimus.

184 794 274 855 Vlll.
318 791 482 874 Synodum
496 810 591 871 quam
608 792 753 852 Domnus
768 792 928 854 Iohannes
945 795 1148 876 Apostolicus
1164 806 1198 856 et

103 876 287 939 universalis
310 877 396 955 Papa
421 894 517 953 super
546 874 749 952 quorundam
777 874 1030 957 depositionem,
1052 879 1200 939 Formosi

102 963 221 1030 seilicet
240 955 428 1028 Portuensis
448 953 620 1037 Episcopi,
643 965 675 1014 et
704 957 852 1038 Gregorii
883 960 1007 1019 Nomen
1027 961 1198 1038 calatoris,

103 1068 159 1113 seu
177 1055 206 1104 et
226 1038 380 1122 Stephani
397 1035 648 1115 Secundicerii,
661 1046 694 1098 et
717 1039 865 1120 Gregorii
881 1042 1073 1120 vesterarii,
1096 1053 1198 1104 caete.

102 1145 270 1206 rortuuquc
287 1143 418 1182 suorum
434 1120 645 1201 complicum,
667 1119 749 1180 sicut
764 1121 797 1179 in
816 1122 950 1206 epistola
968 1124 1067 1206 ipsius
1081 1127 1122 1185 ad
1140 1145 1198 1186 nos

102 1210 191 1270 missa
210 1205 412 1280 continetur,
437 1223 541 1284 nuper
562 1201 718 1270 instituit,
741 1213 773 1264 et
800 1225 857 1266 uos
880 1206 1058 1267 secundum
1084 1207 1200 1269 iussio-

101 1315 174 1352 nem
192 1287 308 1373 ipsius,
331 1287 364 1346 in
383 1285 476 1348 nullo
494 1285 631 1366 decapite
652 1284 862 1358 dissidentes,
885 1289 1117 1351 consentiendo
1141 1291 1200 1351 de·

102 1373 280 1447 cernimus,
315 1369 528 1449 omnibusque
562 1367 744 1450 apostolicis
776 1367 865 1431 illius
893 1371 1111 1434 sanctionibus
1139 1393 1199 1457 per

102 1457 203 1518 omnia
219 1464 367 1536 parentes
380 1452 463 1512 sicut
482 1450 575 1510 decet
597 1449 775 1516 obedimus.

105 1585 108 1592 n
179 1537 238 1599 tx.
283 1538 458 1596 Censuram
484 1553 559 1593 vero
591 1551 686 1613 quam
711 1535 856 1594 Domnus
877 1535 1080 1616 Apostolieus
1104 1555 1201 1619 snper

103 1619 327 1688 nclamdissima
343 1627 412 1678 acta
433 1614 629 1676 Hludouriei
650 1617 744 1698 Regis
766 1627 797 1677 et
816 1618 1010 1700 complicum
1030 1621 1110 1699 eius,
1137 1619 1200 1680 nisi

102 1703 313 1785 resipuerint,
337 1709 367 1761 et
394 1697 534 1760 debitam
554 1697 771 1774 obedientiam
792 1700 868 1761 sedi
888 1701 1090 1783 Apostolieae
1112 1702 1201 1763 exhi·

102 1787 249 1863 buerint,
272 1783 382 1845 statuit
399 1792 430 1843 et
456 1779 612 1857 firmarit,
643 1801 753 1842 omnes
775 1804 832 1843 nos
854 1783 911 1869 qui
934 1783 973 1843 ad
1001 1793 1202 1866 praesentem

105 1868 266 1952 Synodum
297 1864 524 1941 convenimus,
554 1863 752 1925 unanimiter
781 1865 984 1927 decernimus
1015 1877 1111 1951 atquc
1144 1868 1184 1930 fir

107 1974 231 2011 ruamus.
307 1969 310 1977 ’

183 2032 390 2115 (Sequebatur
406 2042 479 2114 post
499 2029 572 2089 laec
592 2030 626 2090 in
645 2027 759 2089 Codice
775 2028 884 2090 Sancti
900 2030 1033 2112 Remigii
1041 2033 1200 2092 Renrensis

27 2179 33 2192 Ι
107 2115 299 2197 confirmatio
319 2113 441 2193 Synodi
454 2113 484 2170 T
482 2113 640 2183 r'cr'nensiS,
658 2133 727 2170 cum
744 2112 972 2198 Epr'scoporuur
996 2117 1199 2199 subscriptio-

102 2199 202 2270 nibus,
226 2209 260 2258 ut
280 2196 542 2282 suprapag..189
564 2206 594 2258 et
621 2201 698 2277 ¹9⁰l

383 2391 686 2456 strutus
750 2396 925 2460 XLIX.

182 2511 261 2572 Arra
284 2529 429 2584 Quanam
460 2529 539 2568 scra
568 2529 702 2572 crusnam
724 2508 841 2571 Smoor
861 2511 1120 2584 Ponrrcosenm.

101 2632 162 2700 De
201 2628 441 2718 Hludoucieo
480 2627 606 2715 Rege,
658 2629 704 2696 de
741 2627 960 2719 Presbytero
993 2613 1205 2727 infirmato,

320 2729 367 2796 de
399 2751 496 2798 novo
512 2727 727 2796 Hincmari'
756 2728 974 2800 iuramento.
1045 2733 1047 2738 ’

101 2857 243 2920 Libellus
266 2857 526 2940 proclamationis
558 2855 718 2916 Ecclesiae
749 2858 908 2919 lirinensis
938 2859 1091 2919 adsersus
1119 2860 1205 2922 Hla-

103 2943 276 3002 donvieum
309 2941 421 3018 Regem
456 2938 575 2998 Karulo
609 2941 800 3020 Imperatori
833 2941 955 3002 ola-latus
989 2945 1022 3001 in
1074 2945 1204 3022 Syuoclo

198 3021 200 3026 ’
536 3021 771 3100 l’ontr'goneusi.
1058 3036 1064 3048 ⁴
1242 3083 1248 3096 ‚

255 3110 259 3114 '
1231 3111 1241 3138 'l

105 3162 129 3223 Ῑ·
164 3135 324 3250 paternis
336 3185 525 3270 magisteriis
537 3186 724 3247 instruimur
735 3196 769 3247 ut
780 3189 803 3248 si
816 3210 878 3268 qua
890 3190 1006 3250 maiora
1021 3191 1146 3274 negotia
1158 3193 1209 3256 rel
1230 3181 1231 3186 ἵ

104 3275 244 3335 meliores
262 3295 372 3332 causae
390 3280 519 3332 exortae
535 3271 720 3346 l'uerint,ad
736 3271 852 3330 Sedem
868 3272 1096 3353 Apostolicam‚
1118 3288 1211 3355 prout

105 3357 278 3416 auctoritas
303 3355 397 3414 docet
416 3365 446 3413 et
470 3369 536 3412 mos
569 3353 719 3433 antiquus
736 3352 895 3428 obtinuit,
916 3376 1042 3434 semper
1065 3362 1212 3417 referan-

106 3451 169 3504 tur.
215 3439 356 3517 Ideoque
372 3436 446 3518 quia
463 3435 661 3515 imperialem
686 3435 912 3495 excellentiam
935 3448 1069 3498 vestram
1082 3441 1211 3520 Synodo

105 3541 256 3604 praeesse
273 3530 304 3580 et
322 3519 467 3581 Viearios
488 3518 579 3578 Sedis
609 3517 811 3601 Apostolicae
835 3527 960 3600 praesto
990 3521 1080 3582 nobis
1103 3521 1212 3584 adesse

108 3604 308 3685 gaudemus,
330 3601 521 3668 calamitates
537 3610 569 3658 ot
589 3600 730 3661 miserias
757 3599 921 3662 Ecclesiae
954 3613 1077 3662 nostrae
1105 3625 1139 3662 ac
1173 3606 1211 3663 fr-

109 3688 230 3748 lio'rum
247 3695 439 3758 nostrorum,
454 3705 531 3762 quas
551 3682 611 3742 boc
628 3705 714 3743 anno
735 3683 773 3742 ab
792 3683 997 3742 Hludourico
1011 3687 1096 3767 Rege
1120 3688 1214 3748 item-

109 3791 175 3850 que
199 3765 404 3826 Hludouvico
422 3766 489 3824 filio
516 3764 584 3824 eius
608 3776 638 3825 et
657 3765 866 3846 complicibus
887 3787 1015 3844 eorum,
1039 3767 1151 3829 caedes
1171 3771 1217 3830 ri·

111 3851 249 3927 delicet,
281 3848 474 3923 homicidia,
509 3846 688 3926 adulteria,
718 3847 972 3926 fornicationes,
1009 3851 1154 3930 caprinas,
1186 3862 1218 3914 et

112 3944 240 3994 caetera
264 3932 381 4014 flagitia
398 3952 479 4012 quae
499 3929 609 4004 nullus
626 3953 813 3996 enumerare
831 3940 953 4012 potest,
976 3930 1123 3993 Ecclesia
1141 3957 1217 3994 nos-

112 4027 165 4078 tra·
179 4036 326 4096 perpessa
342 4023 398 4090 est,
423 4022 544 4073 vestrae
562 4012 724 4073 serenitati
747 4013 996 4088 innotescimus,
1018 4015 1220 4082 obsecrantes

115 4109 224 4180 utpro
243 4096 304 4157 Dei
327 4095 555 4176 omnipotentis
579 4117 708 4170 amore,
731 4105 763 4156 et
791 4117 852 4177 pro
873 4095 1017 4176 ingenita
1045 4098 1134 4159 robis
1158 4099 1216 4162 be-

117 4180 294 4264 nignitate,
318 4199 353 4240 ac
380 4199 438 4259 pro
461 4176 639 4239 ministerio
674 4177 839 4258 imposita,
871 4179 962 4238 nobis
993 4188 1025 4239 et
1051 4180 1219 4245 Ecclesiae

118 4273 243 4325 nostrae
263 4285 299 4329 ac
316 4259 392 4328 siliis
412 4259 526 4325 nostris
548 4259 725 4328 secundum
744 4261 964 4344 perrtrlgatam
986 4263 1131 4328 omuibus
1149 4287 1222 4329 res-
