2658 4978
194 321 267 400 1³4
414 347 446 404 a.
470 301 551 416 cns,
654 343 893 408 caueamus
1009 353 1071 410 ssa.

196 485 372 550 demuitata
391 493 422 548 et
443 485 639 564 salvatione,
662 505 750 550 nuno
771 488 918 572 proxime
938 495 970 552 et
987 488 1023 548 ln
1050 483 1177 571 synodo
1203 493 1232 552 et
1248 487 1274 549 in

191 570 312 654 placito
338 577 446 630 nostro
481 569 615 650 accepi,
651 569 760 646 vobis,
787 569 841 630 cui
863 570 989 632 nullum
1010 570 1134 630 honum
1158 586 1276 652 negare,

193 653 251 714 sed
279 650 516 712 omnebonum
540 671 648 711 meum
675 661 803 732 paratus
830 673 903 711 sum
923 651 1134 734 participare,
1155 651 1238 727 dico,
1255 653 1276 713 si

192 736 321 818 placet,
345 742 375 794 et
393 733 420 793 si
440 733 483 792 ita
500 730 591 793 vobis
613 733 697 806 hene
716 733 821 794 visum
841 733 963 812 fuerit,
991 733 1183 814 accipiamus
1208 733 1277 794 illud

194 815 417 880 communiter.
458 814 541 877 Etsi
558 813 676 875 melius
697 815 789 876 nohis
808 836 867 898 per
884 815 1044 876 rationem
1065 826 1098 876 et
1124 815 1276 875 auctorita-

193 909 260 962 tem
281 896 425 960 divinam
441 905 474 957 et
493 896 665 956 humanam
682 907 810 958 nostrae
830 897 1001 958 salvationi
1021 907 1055 958 et
1068 895 1278 956 Christianitati

194 987 429 1063 congruentem
442 977 664 1052 ostenderitis,
683 987 812 1059 paratus
831 1001 902 1040 sum
924 979 1008 1041 illud
1031 1001 1107 1040 cum
1126 979 1209 1040 omni
1233 980 1278 1038 de·

193 1064 326 1124 votione
347 1061 513 1143 accipere,
536 1068 568 1120 et
587 1059 770 1138 vobiscum,
792 1064 863 1122 Deo
879 1072 1095 1156 cooperante,
1116 1071 1147 1122 et
1162 1081 1278 1121 commu·

195 1145 288 1206 nium
302 1143 446 1206 lidelinm
467 1151 649 1202 nostrorum
665 1142 802 1206 consilio
826 1152 859 1205 et
879 1143 1003 1206 auxilio
1031 1143 1277 1218 adminiculante,

195 1226 406 1290 libentissime
423 1223 516 1306 sequi
536 1233 569 1284 et
588 1224 718 1305 exequi.
1006 1241 1015 1260 ⁸

278 1307 338 1374 IX.
380 1306 465 1385 Quia
483 1305 637 1388 scriptum
658 1316 723 1383 est,
745 1304 875 1369 dicente
895 1307 982 1368 hono
997 1307 1100 1390 Rege,
1122 1303 1176 1388 qui
1189 1313 1276 1364 tamen

198 1391 338 1474 deliquit
358 1400 394 1449 ut
413 1389 527 1462 homo,
553 1397 586 1448 et
608 1389 799 1470 recognovit
821 1411 855 1450 se
880 1399 917 1452 ut
943 1389 1044 1466 felix,
1076 1409 1120 1448 ex
1141 1388 1278 1448 voluntate

196 1497 265 1536 mea
287 1471 463 1555 confitebor
475 1471 542 1542 illi,
565 1471 754 1552 profiteatur
770 1471 855 1532 idem
881 1492 980 1556 nepos
997 1481 1109 1532 noster
1122 1491 1219 1530 coram
1236 1489 1278 1530 ro-

196 1557 264 1634 bis,
286 1566 319 1616 et
348 1575 456 1616 coram
481 1552 648 1634 Episcopis
667 1553 723 1632 qui
742 1553 906 1614 vobiscum
937 1553 1087 1630 fuerint,
1119 1562 1150 1612 et
1173 1571 1277 1610 reman-

197 1641 253 1701 det
276 1636 368 1697 uobis
383 1653 441 1718 per
461 1655 517 1697 vos
539 1644 570 1695 et
588 1656 646 1714 per
665 1634 759 1714 illos,
789 1636 865 1716 quia
890 1637 962 1696 vult
984 1634 1164 1696 seeundum
1182 1628 1277 1692 Domni

196 1717 374 1802 Apostolici
390 1726 422 1778 et
439 1715 637 1800 episcopale,
659 1716 755 1778 immo
776 1718 921 1780 divinum
943 1718 1134 1792 consilium,
1156 1713 1277 1796 adpleci-

197 1813 268 1864 tum
285 1799 461 1862 convenire
480 1821 554 1861 cum
569 1799 736 1882 Episcopis
755 1810 787 1861 et
805 1800 971 1879 fidelibus,
995 1810 1094 1880 atque
1115 1797 1216 1856 amicis
1230 1793 1277 1853 Dei

200 1895 233 1947 et
251 1883 365 1944 nostris
393 1903 429 1942 ac
444 1882 521 1958 suis,
538 1882 692 1962 quoniam
708 1883 788 1944 haec
805 1903 900 1943 causa
914 1881 1074 1964 generalis
1093 1888 1140 1942 est
1155 1877 1276 1937 omnibus

199 1965 408 2039 Christianis,
432 1972 463 2024 et
483 1972 537 2023 aut
554 1964 722 2024 ostendere
739 1966 817 2046 quia
830 1965 1008 2040 secundum
1034 1965 1142 2044 legem
1161 1959 1277 2020 divinam

203 2059 236 2110 et
273 2048 445 2108 humanam
473 2045 663 2106 Christianis
693 2067 867 2129 congruam
892 2047 955 2107 hoc
982 2048 1107 2107 sactum
1139 2043 1277 2103 densare

200 2154 258 2196 sua
301 2129 417 2190 haheat
462 2137 664 2202 executum,
704 2138 758 2188 aut
796 2131 975 2191 secundum
1009 2128 1074 2189 Dei
1115 2124 1277 2194 consilinm,

149 2233 153 2240 ·
201 2223 235 2276 et
271 2213 375 2293 legem
414 2209 597 2270 Christiano
632 2209 711 2292 Regi
749 2212 1030 2288 convenientem,
1077 2209 1138 2270 hoc
1176 2215 1205 2267 et
1234 2203 1277 2262 illa

204 2297 269 2358 duo
304 2314 388 2374 quae
425 2292 643 2372 praemisimus
687 2293 857 2354 emendare
892 2293 972 2354 velit
1010 2301 1043 2352 et
1080 2290 1198 2353 debeat.
1246 2285 1277 2345 El

201 2385 328 2462 paratus
351 2395 422 2435 sum
447 2395 520 2433 cum
550 2375 607 2435 tali
634 2374 764 2434 caritate
796 2384 828 2434 et
855 2374 1107 2435 honorabilitate
1134 2372 1219 2432 illum
1241 2385 1276 2425 re·

203 2461 333 2541 cipere,
355 2456 438 2518 sicut
452 2455 651 2518 Christianus
664 2457 732 2516 Rex
754 2456 971 2530 Christianum
999 2459 1141 2537 Regem,
1168 2461 1199 2514 et
1215 2450 1277 2510 sicul

204 2537 341 2622 diligens
354 2550 485 2620 patruus
504 2538 658 2599 dilectum
677 2548 828 2619 nepotem
846 2540 941 2600 debet
964 2538 1131 2620 recipere,
1154 2543 1183 2596 et
1202 2533 1230 2592 in
1250 2529 1276 2586 il·

205 2625 269 2688 lius
286 2620 424 2682 amicitia
440 2620 480 2680 ad
498 2619 585 2681 illius
603 2620 812 2682 salvationem
828 2631 860 2682 et
874 2620 1041 2696 honorem,
1064 2621 1092 2681 si
1114 2619 1156 2678 ita
1176 2611 1275 2682 fecerit,

203 2723 402 2791 permanere.
423 2703 465 2763 El
491 2703 704 2764 constituatur
725 2711 850 2786 tempus
874 2725 1054 2784 congruum
1078 2711 1111 2762 et
1128 2700 1211 2760 locus
1232 2715 1275 2772 op·

204 2798 363 2873 portunus
388 2784 516 2866 quando
532 2785 627 2846 simul
643 2784 774 2867 pacifice
796 2785 1038 2862 conveniamus,
1071 2793 1103 2846 et
1123 2779 1201 2841 hauc
1218 2797 1276 2837 cau·

205 2893 282 2946 sam,
304 2869 386 2930 sicut
406 2867 445 2927 de
463 2866 652 2949 nobisipsis,
673 2867 749 2948 quis
766 2866 849 2927 sicut
863 2867 1029 2948 Scriptura
1050 2865 1153 2941 dicit,
1175 2881 1205 2924 os
1224 2876 1275 2918 uos·

207 2965 290 3014 trum
312 2963 342 3010 et
361 2969 434 3010 earo
458 2963 566 3008 nostra
586 2962 652 3020 est,
674 2949 714 3008 od
732 2968 933 3008 communem
948 2959 1087 3010 nostram
1106 2955 1139 3007 et
1158 2940 1275 3002 fidelium

207 3042 390 3094 nostrorum
406 3031 616 3090 salvationem
637 3040 669 3090 et
691 3029 848 3091 honorem
864 3031 1067 3101 diffiniamus;
1092 3049 1132 3087 ne
1148 3025 1200 3108 qui
1216 3021 1276 3080 lide·

207 3115 292 3175 lihus
309 3111 470 3174 nostriset
488 3113 635 3174 omnihus
658 3111 847 3174 Christianis
869 3113 902 3172 in
925 3114 1011 3174 bono
1032 3111 1208 3192 exemplum
1225 3118 1275 3162 esst

208 3196 373 3270 dehemus,
387 3201 418 3252 et
433 3193 622 3275 perditionis
638 3197 820 3276 exemplum
839 3195 1003 3272 donamus,
1020 3205 1052 3256 et
1069 3195 1126 3274 qui
1147 3189 1276 3249 malorum

209 3286 406 3339 correctores
429 3295 506 3336 esse·
520 3277 696 3351 debemus,
721 3288 817 3361 caput
838 3276 1011 3355 malorum,
1033 3276 1122 3358 quod
1132 3271 1215 3346 absit,
1232 3265 1274 3324 fia·

209 3381 292 3436 mars,
334 3357 398 3419 Sed
416 3365 448 3417 et
468 3379 504 3418 ea
520 3379 625 3440 quae,
647 3368 789 3440 utsupra
808 3359 964 3438 diximus,
986 3359 1072 3441 apud
1098 3354 1275 3418 Confluentes

209 3439 407 3524 promisimus
423 3461 480 3500 nos
503 3449 687 3501 tractaturos
702 3451 734 3501 et
754 3442 950 3503 observanda
968 3441 1200 3512 constituturos,
1211 3442 1275 3491 trae·

209 3533 314 3586 temus
332 3533 365 3584 ct
382 3531 572 3594 statuamus3
594 3522 702 3602 utqui
719 3525 864 3606 undique
887 3534 1019 3606 proptor
1041 3530 1168 3604 peccata
1191 3520 1274 3601 nostra

211 3617 244 3668 et
259 3605 377 3666 malum
397 3605 573 3666 discordiae
589 3606 676 3685 quod
697 3605 729 3663 in
747 3609 853 3688 regnis
868 3607 984 3668 nostris
1005 3615 1132 3681 manet,
1158 3601 1274 3683 percuti-

210 3710 283 3750 mur
293 3733 303 3764 ,
323 3687 449 3769 placato
468 3690 537 3748 Deo
553 3687 789 3749 misericordiae
804 3689 892 3750 illius
909 3688 1057 3764 solatium
1072 3679 1216 3762 consequi
1228 3691 1274 3733 rne-

208 3791 347 3834 reamur.
387 3770 430 3830 Et
449 3791 513 3828 non
532 3769 573 3830 sit
593 3769 702 3851 nepoti
726 3779 835 3830 nostro
856 3771 919 3832 hoc
943 3792 1037 3852 agere
1061 3769 1094 3828 in
1118 3773 1214 3826 mente
1233 3774 1274 3848 ⁵¹l²

212 3854 343 3922 durum;
367 3851 442 3930 quia
461 3851 612 3932 scripturn
631 3861 696 3912 est:
720 3854 783 3936 Qui
803 3855 913 3912 mentis
936 3867 982 3912 est
995 3853 1110 3928 darae,
1132 3851 1236 3910 corruet
1250 3854 1274 3892 ut

211 3936 335 3998 malum.
377 3933 441 3993 Sed
461 3933 571 3992 timeat
594 3937 717 4008 Deum,
741 3945 772 3994 et
786 3945 965 4015 compescat
987 3934 1071 3994 istud
1099 3926 1273 4017 scantlalltfflr

211 4019 376 4098 quodtam
394 4016 513 4097 grande
534 4015 567 4074 in
594 4016 651 4076 ista
672 4017 909 4077 Christianitate
935 4017 1004 4076 sine
1028 4017 1095 4076 ulla
1118 4010 1273 4092 necessitate

212 4110 259 4160 est
277 4109 463 4180 generatum
478 4107 510 4158 et
528 4109 755 4180 propagatum,
778 4121 851 4160 cum
863 4121 920 4180 per
942 4099 1099 4158 rationem
1115 4106 1147 4156 et
1168 4097 1273 4149 sucron-

209 4190 307 4242 tatem
324 4181 479 4261 potuisset
494 4181 532 4240 ad
550 4180 693 4242 debitum
708 4181 855 4242 effectum
870 4181 1004 4260 perduci
1023 4180 1110 4261 quod
1124 4171 1219 4236 multis
1234 4165 1273 4224 1¹0·

209 4262 350 4326 minibus
371 4262 498 4326 videtur
513 4261 581 4326 sine
600 4264 697 4347 plena
711 4263 837 4326 ratione
848 4273 880 4325 ot
895 4262 1081 4326 auctoritate
1104 4256 1200 4324 dehita
1216 4265 1272 4312 tte·
