2658 4978
282 289 414 396 ascai.
522 333 645 387 tritanu
681 331 898 390 rtuacouun
969 323 1063 406 aa.
1175 307 1245 385 187

135 479 361 544 decreverunt.
413 473 478 536 Sed
507 479 633 534 tautum
660 470 722 534 hoo
744 470 930 553 Capitulum
966 471 1005 534 do
1038 467 1245 554 Antiocheno

135 559 286 626 Concilio
304 555 447 641 posuisse
463 555 607 618 sufficiat.
648 557 697 618 De
714 553 855 636 basilicis
874 564 981 616 autem
999 564 1031 616 et
1050 552 1182 616 decimis
1197 573 1245 630 sa·¹

136 644 185 708 cri
203 645 352 717 Canones
366 639 581 700 decreverunt
598 648 634 698 ut
654 658 765 698 omnes
781 635 939 712 basilicas,
961 657 1043 718 qnae
1061 657 1121 717 per
1139 635 1244 695 direr-

135 749 170 788 sa
194 725 267 786 loca
279 730 481 784 constructae
502 727 593 798 sunt,
616 719 665 780 vel
687 717 833 802 quotidie
848 727 1100 794 construuntur,
1122 737 1242 778 sccun-

133 810 215 870 dum
232 804 380 888 priorum
397 797 724 884 Canonum'regulam
741 801 775 860 iu
797 800 866 861 eius
885 799 1057 882 Episcopi,
1089 801 1122 858 in
1150 797 1243 858 cuius

131 887 301 956 territorio
316 883 436 968 positae
460 893 552 962 sunt,
575 893 730 967 potestate
750 883 933 944 consistant.
975 884 1017 944 Et
1037 891 1165 944 sanctus
1181 882 1244 940 Ge-

132 971 234 1036 lasins
257 969 292 1030 in
311 965 449 1028 decretis
463 967 548 1030 suis:
572 968 728 1052 Quattmr,
744 964 862 1046 inquit,
886 977 947 1024 tam
969 964 1009 1025 de
1029 964 1134 1025 reditu
1149 981 1243 1046 quam

131 1053 175 1116 de
191 1052 350 1116 oblatione
359 1047 531 1131 fidelium,
553 1060 649 1130 prout
665 1048 830 1110 ertiuslibet
848 1048 1007 1107 Ecclesiae
1014 1045 1157 1128 facultas
1180 1041 1242 1102 ad-

133 1137 245 1210 mittit,
266 1134 348 1192 sicut
361 1129 482 1190 dudum
498 1131 731 1191 rationabiliter
745 1142 790 1188 est
803 1127 981 1201 decretum,
1004 1129 1146 1189 convenit
1156 1124 1243 1208 fieri

130 1219 323 1302 portiones.-
342 1233 474 1294 quarum
494 1234 555 1275 una
570 1213 611 1273 sit
630 1210 809 1294 Pontificis,
832 1211 933 1271 altera
949 1211 1154 1280 Clericorum,
1164 1227 1245 1291 paau-¹

129 1319 246 1386 perum
262 1295 375 1366 tertia,
398 1306 511 1376 quarta
535 1293 673 1372 ¹falaricis
698 1291 898 1378 applicanda.
943 1293 991 1352 De
1017 1287 1128 1375 quibus
1159 1289 1240 1348 sicut

132 1377 322 1442 Sacerdotis
346 1377 492 1436 intererit
508 1378 661 1456 integram
680 1376 832 1435 ministris
852 1373 1012 1436 Ecclesiae
1037 1383 1240 1434 memoratam

134 1459 317 1548 dependere
335 1460 554 1540 quantitatem,
577 1454 622 1518 sic
641 1458 749 1517 Clerus
769 1456 853 1516 ultra
872 1453 1051 1537 ¹delegatam
1070 1456 1133 1515 sibi
1159 1471 1241 1510 suna-

134 1563 222 1604 mam
233 1539 320 1603 ‘uitat
334 1540 508 1600 insolenter
521 1541 643 1602 noverit
657 1535 877 1623 expetendum.
917 1538 968 1600 Ea
987 1551 1065 1599 cero
1085 1555 1164 1619 qttue
1188 1550 1241 1594 ec·

132 1623 322 1687 clesiasticis
342 1619 499 1702 aedificiis
517 1621 679 1684 adtributa
695 1632 779 1692 siant,
803 1621 874 1680 lzuic
888 1621 979 1704 operi
994 1620 1152 1680 veraciter
1161 1631 1245 1699 pros

134 1718 251 1788 rogata
263 1704 404 1764 locorum
425 1703 539 1766 doceat
553 1705 739 1764 instauratio
756 1700 925 1779 naaraifesta
938 1701 1144 1762 Sanctorum:
1165 1694 1240 1782 qula

134 1788 231 1870 nefas
253 1797 298 1846 est
306 1829 319 1857 ,
342 1787 371 1843 si
384 1787 483 1845 sacris
503 1786 632 1848 aedibus
651 1777 809 1845 destitutis
827 1786 860 1844 in
872 1785 995 1846 lucrum
1012 1773 1243 1844 suumPraesul

136 1866 302 1952 impendia
320 1867 369 1938 lais
388 1865 550 1946 designata
564 1874 735 1930 convertat.=
752 1866 860 1950 Ipsam
878 1866 1080 1926 nihilominus
1092 1861 1239 1943 adscrip-

137 1965 206 2016 tam
232 1949 421 2032 pauperibus
456 1951 651 2034 portionem,
680 1954 820 2034 quantris
844 1946 962 2008 divinis
998 1947 1174 2009 rationibus
1208 1957 1242 2000 se

138 2033 340 2118 dispensasse
356 2041 586 2091 monstraturus
605 2049 672 2091 esse
691 2029 861 2102 uideatur,
884 2041 1006 2100 tamen,
1028 2031 1121 2089 inacta
1156 2015 1244 2109 quod

138 2116 294 2197 scriptum
312 2123 376 2186 est,
399 2123 433 2172 ut
447 2111 574 2172 videant
591 2133 689 2194 opera
707 2124 814 2172 uestra
830 2111 911 2172 dona
927 2123 958 2172 et
973 2109 1154 2194 glorificent
1174 2107 1242 2168 Pa·

140 2211 225 2262 trem
244 2207 383 2257 vestrum
404 2195 461 2276 qui
478 2195 512 2254 in
529 2195 624 2258 coelis
646 2206 709 2272 est,
730 2206 854 2276 oportet
866 2195 961 2253 etiam
982 2193 1143 2276 praesenti
1159 2186 1259 2250 testi·‘

129 2277 295 2368 flectione
323 2274 529 2361 praedicari,
559 2288 596 2348 et
625 2276 723 2338 bonae
742 2273 852 2353 santae
907 2276 1061 2337 raeconiis
1083 2295 1148 2335 non
1163 2282 1246 2331 tace·

142 2361 187 2426 ri.
207 2360 248 2420 Et
260 2358 340 2419 haec
358 2357 489 2439 quidem
507 2351 723 2419 de'reditilms
738 2357 803 2419 illis
819 2365 851 2420 et
863 2295 1079 2418 allationihus
1101 2351 1248 2415 fidelium

145 2442 278 2504 decreta
293 2449 368 2504 snut
385 2460 467 2522 quae
487 2439 672 2521 specialiter
693 2440 734 2501 ad
759 2439 936 2523 Episcopus
962 2437 1181 2500 Ecclesiarum
1210 2431 1248 2491 in

144 2523 215 2585 illis
235 2522 420 2604 regionibus
445 2522 610 2604 pertinent
634 2543 716 2603 quae
751 2542 818 2586 non
848 2520 1012 2583 abundant
1046 2521 1161 2596 rebus,
1189 2511 1250 2576 sed

141 2613 273 2666 tautum
293 2605 332 2666 de
354 2604 499 2686 fidelium
519 2603 650 2664 decimis
680 2627 716 2666 ac
740 2603 824 2667 rotis
847 2603 1034 2668 subsistunt.
1077 2605 1250 2663 Caeterum

144 2685 188 2749 de
212 2685 382 2748 rusticanis
397 2685 568 2769 parochiis,
582 2695 739 2767 quantum
759 2686 936 2770 Episcopus
954 2685 988 2745 in
1009 2684 1154 2767 partibus
1169 2683 1248 2760 Sep·

142 2767 297 2830 timaniac
319 2777 415 2850 atque
431 2767 588 2829 Calliciac
609 2769 838 2851 dPresbyteris
852 2768 982 2849 exigere
1008 2768 1140 2843 debeat,
1167 2764 1248 2823 Bra*

144 2867 278 2912 curense
296 2851 479 2912 Concilium
495 2849 636 2932 capitulo
652 2850 795 2911 secundo
816 2851 1051 2912 etToletaunm
1062 2844 1251 2911 Concilium

145 2933 288 3016 capitulo
308 2943 424 3015 quarto
437 2931 664 3006 demonstrant.
704 2931 753 2993 De
768 2931 819 2994 his
835 2942 944 2994 autem
965 2933 1021 3014 qui
1042 2941 1157 2993 contra
1175 2945 1250 2987 auc·

144 3015 306 3076 toritatem
318 3023 356 3075 'et
372 3014 618 3076 Barcinonensis
632 3013 784 3096 Episcopi
797 3016 995 3077 voluntatem
1008 3017 1146 3099 Tyrsum
1158 3013 1253 3074 Pres-

141 3099 291 3179 byterum
306 3097 339 3156 in
352 3096 499 3158 Ecclesia
510 3096 706 3157 Barcinonae
717 3095 864 3160 'civitatis
880 3099 1040 3175 retinent,
1061 3093 1252 3181 Capitnlare

145 3179 365 3260 Augustorum
387 3179 508 3240 Domni
531 3177 643 3239 Karoli
667 3187 699 3239 et
725 3180 845 3240 Domni
867 3180 1068 3242 Hludonvici
1101 3171 1251 3242 decernit

145 3260 210 3322 hoc
226 3262 344 3322 modo:
364 3265 413 3322 De
429 3264 478 3321 lais
494 3261 625 3344 quisine
640 3281 793 3322 consensu
812 3261 965 3348 Episcopi
984 3263 1193 3340 Presbyteros
1216 3258 1253 3317 in

144 3343 298 3409 Ecclesiis
311 3345 521 3419 constituunt,
542 3343 597 3402 vel
615 3339 655 3401 de
671 3341 823 3404 Ecclesiis
844 3344 982 3416 eiciunt,
1003 3345 1059 3404 uel
1090 3345 1128 3407 ab
1153 3341 1252 3425 Epis·

145 3446 226 3510 copo
247 3422 335 3486 uela
357 3426 496 3509 quolibet
510 3425 610 3485 Misso
631 3423 790 3486 dominico
812 3423 967 3488 admoniti
988 3425 1117 3488 obedire
1139 3425 1253 3486 nolue-

144 3507 232 3578 rint,
254 3520 288 3567 ut
303 3507 438 3568 bannum
460 3519 600 3567 nostrum
622 3507 802 3568 rewadiare
829 3519 997 3586 cogantur,
1026 3522 1058 3569 et
1079 3529 1140 3593 per
1154 3503 1252 3589 fide-

144 3591 285 3650 iussores
301 3589 345 3649 ad
356 3590 513 3650 Palatium
526 3598 667 3651 nostrum
688 3590 800 3650 uenire
826 3589 1010 3650 iubeantur.-
1037 3601 1068 3652 et
1093 3602 1165 3649 tttnc
1192 3603 1252 3646 nos

146 3670 351 3732 decernamus
363 3681 468 3731 utrum
483 3670 574 3732 nobis
587 3671 713 3753 placeat
727 3683 760 3731 ut
776 3683 830 3734 aut
850 3670 941 3730 illum
966 3671 1101 3733 bannum
1124 3665 1252 3754 persol-

143 3764 227 3814 vant
238 3797 251 3824 ,
273 3764 327 3813 aut
342 3755 437 3814 aliam
452 3753 678 3812 harmiscaram
694 3753 876 3815 sustineant.
917 3753 1005 3834 Quia
1022 3773 1100 3818 vero
1118 3754 1253 3835 longum

145 3842 196 3896 est
223 3833 300 3896 istos
325 3835 366 3896 ad
396 3833 609 3916 praesentiam
631 3833 726 3918 Regis
752 3836 932 3914 adducere,
953 3836 1009 3899 rel
1033 3831 1254 3919 periculosum

84 3941 87 3950 ·
146 3925 197 3978 est
209 3915 338 4000 longius
355 3915 373 3977 t
393 3915 521 3977 marcha
536 3938 589 3978 cos
601 3915 773 3995 abducere,
794 3920 939 3980 Domnus
957 3917 1027 3979 Rex
1047 3918 1253 3992 commenda-

144 3998 197 4060 bit
218 4020 276 4059 suo
294 3998 474 4060 Marchioni
493 4000 633 4080 qualiter
647 4021 702 4062 eos
723 4000 892 4084 distringat
911 4010 1005 4084 atque
1020 3999 1160 4082 castiget.
1202 4001 1252 4061 De

145 4079 280 4142 decimis
301 4103 379 4142 vero
396 4102 477 4177 qnae
497 4081 529 4140 iu
548 4090 704 4164 potestate
725 4091 759 4143 et
772 4082 984 4166 dispositione
1007 4081 1159 4165 Episcopi
1184 4099 1253 4144 esse

124 4162 287 4240 ,debeut,
309 4182 388 4244 quas
407 4163 458 4223 uli
480 4163 609 4226 lmatre
626 4164 771 4226 Ecclesia
796 4165 1001 4240 abstrahunt,
1037 4174 1069 4226 et
1101 4187 1161 4248 pro
1194 4184 1253 4226 suo

145 4243 245 4310 libitu
262 4244 341 4312 alibi
358 4245 496 4328 donant,
518 4246 604 4313 idem
624 4245 810 4334 Capituler'e
836 4247 935 4314 dicit:
960 4247 1143 4330 Quicunque
1165 4248 1253 4310 deci·
