2712 4992
480 331 579 402 iusta
598 329 782 388 sacunnns
1114 313 1186 383 333

533 469 729 534 Mandatum.

73 639 76 649 .
167 583 297 651 XXXI:
339 587 478 648 Domino
505 587 603 646 fratre
626 585 683 644 illo
712 584 780 645 ille.
834 584 956 645 Precor
982 587 1187 669 etsnpplico

61 668 294 730 dominationi
308 675 441 747 vestrae,
459 671 535 731 dum
548 676 580 728 et
595 690 688 728 eausa
706 689 765 749 pro
782 667 873 728 alode
894 678 949 727 aut
968 669 1189 752 qualicunque

62 774 152 812 cum
169 753 300 813 homine
316 753 445 812 nomine
459 753 518 812 illo
533 752 565 810 in
579 751 697 832 palatio
710 758 764 808 aut
774 751 912 810 ubilibet
927 751 1045 812 habere
1062 753 1188 831 videor,

62 844 105 897 ut
124 837 201 920 ipsa
224 857 316 895 causa
335 835 496 916 suscipere
514 835 552 893 ad
566 833 763 892 mallandum
782 832 833 893 vel
857 835 1121 915 prosequendum
1154 837 1194 896 in.

61 919 150 979 vice
178 940 247 985 mea
264 917 400 994 debeas,
424 927 543 977 etcum
560 917 775 997 suprascripto
792 916 849 975 illo
869 938 909 975 cx
925 914 993 984 hoc,
1002 918 1163 980 rationare
1179 963 1189 997 ,

64 1002 129 1062 vel
153 1001 313 1082 quicquid
332 1000 450 1060 exinde
467 1021 540 1060 curn
563 1019 601 1058 eo
620 999 659 1059 de
680 998 747 1081 ipsa
763 1020 855 1058 causa
872 999 974 1081 egeris
994 1001 1188 1080 gesserisve,

67 1091 187 1143 ratum
201 1091 233 1142 et
257 1081 424 1142 definitum
440 1083 525 1166 apud
544 1069 677 1142 me'esse
708 1101 889 1164 cognoscas.
937 1081 1073 1144 antum
1096 1105 1188 1144 man-

73 1167 193 1227 datum
215 1163 274 1226 sub
290 1164 342 1226 die
361 1165 430 1226 illo.

171 1297 364 1391 Incipiunt
388 1296 636 1389 ingenuitates
661 1295 808 1365 diverso
835 1295 944 1365 modo
960 1299 1105 1392 faetus.

394 1461 577 1540 Ingenuitas
598 1459 617 1519 b
639 1457 691 1518 die
709 1471 884 1540 praesente.

166 1561 311 1650 XXXII.
353 1567 419 1645 Qui
448 1566 592 1627 debitum
618 1564 678 1626 sibi
712 1587 831 1625 nexum
857 1567 982 1628 relaxat
1006 1567 1190 1646 servitium,

73 1651 267 1714 mercedem
286 1651 320 1710 in
343 1652 491 1710 futurum
510 1649 593 1732 apud
615 1649 788 1708 Dominum
808 1648 868 1710 sibi
886 1651 1067 1712 retribuere
1089 1654 1192 1712 consr-

76 1737 147 1797 dat.
193 1733 297 1814 Igitur
316 1753 375 1814 ego
396 1734 429 1792 in
451 1731 512 1792 Dei
531 1732 661 1791 nomine
678 1732 733 1790 ille
753 1741 785 1790 et
812 1733 931 1792 coniux
956 1755 1025 1793 mea
1050 1734 1106 1794 illa
1130 1745 1190 1818 pr'o

73 1815 264 1878 remedium
288 1823 412 1876 animae
434 1824 560 1873 nostrae
573 1815 626 1873 vel
643 1813 854 1874 retributione
874 1826 1051 1876 aeternare
1071 1817 1129 1877 illo
1152 1839 1193 1878 ex

75 1899 208 1961 familia
227 1908 335 1958 nostra
355 1899 372 1956 h
393 1906 559 1980 praesente
578 1897 629 1956 die
651 1897 689 1955 ab
708 1898 798 1976 omni
813 1898 946 1958 vinculo
960 1901 1124 1960 servitutis
1140 1901 1191 1960 ab·

81 1981 256 2059 solvimus,
278 1982 322 2040 ita
342 1989 379 2040 ut
397 1981 548 2061 deinceps
565 1989 715 2059 tanquam
730 1979 756 2039 si
778 1980 816 2038 ab
833 1981 983 2061 ingenuis
1004 1984 1191 2062 parentibus

83 2065 201 2124 fuisses
221 2073 408 2144 procreatus
421 2063 473 2122 rel
493 2070 597 2138 natus,
619 2064 716 2121 vitam
733 2062 828 2134 ducas
845 2063 1018 2145 ingenuam
1028 2109 1037 2141 ,
1060 2075 1091 2125 et
1108 2066 1193 2127 nulli

83 2147 246 2208 heredum
261 2168 297 2207 ae
318 2144 534 2228 proheredum
553 2153 734 2204 nostrorum
751 2146 803 2204 vel
824 2147 1008 2228 cuicunque
1022 2149 1191 2209 servitium

81 2228 255 2312 impendas
274 2250 336 2288 nee
354 2227 573 2287 libertinitatis
590 2227 778 2308 obsequium
804 2229 919 2289 debeas
940 2229 1001 2290 nisi
1028 2231 1087 2289 soli
1103 2234 1192 2310 Dee,
1268 2237 1274 2257 “

83 2315 140 2373 eui
164 2311 271 2372 omnia
289 2311 431 2372 subiecta
448 2318 540 2378 sunt3
562 2310 726 2391 peculiare
748 2331 898 2372 concesso
921 2312 1009 2392 quod
1024 2311 1121 2375 habes
1137 2325 1194 2375 aut

83 2394 242 2478 deinceps
258 2394 425 2455 elaborare
450 2393 602 2473 potueris.
644 2391 681 2452 si
700 2392 756 2451 tibi
776 2394 945 2454 necessitas
961 2395 1001 2454 ad
1027 2404 1082 2455 tua
1100 2398 1202 2479 inger

83 2478 214 2538 nuitate
231 2476 351 2537 tuenda
366 2474 560 2556 contigerit,
583 2475 701 2555 absque
723 2475 792 2535 ullo
815 2475 1016 2558 praeiudicio
1040 2478 1203 2560 ingenui-¹

83 2560 162 2622 tatis
179 2570 254 2620 tuae
275 2558 496 2619 defensionem
510 2556 693 2633 Ecclesiae,
711 2567 770 2634 vaut
785 2558 1016 2639 cuiuscumque
1038 2568 1069 2620 te
1094 2561 1194 2642 elige·

83 2665 120 2704 re
136 2642 314 2726 placuerit,
335 2641 501 2701 licentiam
517 2639 652 2716 babeas,
676 2648 708 2698 et
726 2640 824 2700 vitam
844 2661 969 2722 semper
983 2641 1067 2702 hene
1091 2653 1123 2703 et
1138 2645 1192 2700 in-

84 2735 178 2808 tegre
196 2724 486 2806 ducasingenuam.
509 2722 543 2782 Si
565 2722 637 2802 quis
656 2743 744 2797 vero,
759 2722 846 2804 qnod
868 2723 1013 2782 futurum
1037 2732 1104 2784 etse
1126 2746 1193 2784 non

85 2807 263 2881 credimus,
275 2804 402 2887 nosipsi
416 2804 504 2886 quod
516 2805 606 2881 absit,
625 2813 678 2862 aut
691 2805 807 2886 aliquis
823 2806 862 2865 de
876 2804 1050 2866 heredibus
1066 2808 1193 2885 nostris,

85 2892 140 2952 vel
157 2889 303 2972 qnalibet
316 2889 459 2970 opposita
477 2908 614 2969 persona
633 2897 743 2946 contra
757 2889 839 2947 banc
858 2887 1088 2969 ingenuitatem
1107 2900 1194 2950 tuam

86 2975 203 3033 venire
219 2981 274 3031 ant
288 2971 557 3052 eam'infrangere
570 2970 745 3046 conaverit,
768 2981 823 3031 aut
842 2981 873 3032 tc
894 2972 928 3030 in
947 2972 1080 3032 servitio
1095 2972 1194 3033 incli-

88 3077 170 3116 nare
192 3055 349 3130 voluerit,
370 3053 481 3112 divina
503 3052 596 3110 illum
618 3051 699 3112 ultio
724 3054 961 3135 subsequatur,
991 3056 1058 3114 etrl
1081 3056 1195 3116 limiti-

88 3139 151 3198 bus
174 3137 391 3198 Ecclesiarum
414 3136 468 3195 vel
485 3134 501 3192 a
517 3135 741 3195 communione
760 3145 930 3197 extraneus
955 3135 1129 3216 efficiatur,
1163 3149 1194 3198 et

89 3222 227 3301 insuper
243 3219 361 3280 inferat
373 3219 432 3278 tibi
454 3239 527 3277 cnm
544 3217 671 3298 cogenti
687 3217 763 3278 fisco
780 3218 849 3277 auri
868 3219 982 3279 libram
1008 3241 1127 3297 unam,
1163 3231 1195 3281 et

89 3305 180 3384 quod
201 3301 321 3384 repetit
337 3301 502 3362 vindicare
527 3321 590 3359 non
614 3300 738 3376 valeat,
761 3302 817 3361 scd
840 3323 988 3382 praesens
1011 3303 1195 3384 ingenuitas

91 3385 181 3445 omni
203 3394 348 3466 tempore
368 3384 458 3465 firma
476 3391 680 3465 permaneat,
701 3383 907 3466 stipulatione
924 3383 1076 3446 subnexa.

255 3520 339 3578 Item
358 3514 533 3594 ingenuitas
553 3514 616 3574 alio
638 3514 733 3576 modo
752 3527 826 3596 post
850 3515 1030 3577 discessum.

173 3630 324 3696 XXXlll.
367 3631 496 3691 Dilecto
520 3651 577 3691 suo
593 3629 651 3689 illo
668 3641 722 3690 aut
739 3631 818 3708 illa,
850 3632 917 3694 ille.
958 3634 1022 3695 Pro
1045 3643 1196 3717 respectu

91 3710 168 3774 fidei
190 3735 226 3773 ac
247 3714 371 3776 servitii
397 3713 465 3790 tui,
497 3734 594 3794 quam
616 3712 694 3771 mibi
722 3715 904 3792 famularis,
926 3737 985 3797 pro
1008 3718 1196 3780 remissione

91 3805 298 3880 peccatorum
320 3801 482 3873 meorum,
505 3805 535 3854 te
553 3795 592 3853 ab
607 3797 693 3854 omni
716 3798 847 3858 vinculo
868 3797 1032 3860 servitutis
1051 3801 1195 3879 absolvo,

92 3901 130 3938 ee
149 3889 255 3939 tamen
280 3878 466 3940 conditione
485 3886 520 3937 ut
536 3876 612 3936 dum
634 3878 802 3956 advixero,
824 3880 903 3940 milri
928 3879 1101 3954 deserviam
1124 3891 1197 3965 post

93 3959 218 4022 obitum
232 3982 309 4022 vero
329 3983 453 4038 meum,
475 3958 501 4020 si
523 3959 602 4018 mihi
624 3962 776 4041 suprestis
798 3963 917 4039 fueris,
951 3963 993 4026 sis
1015 3964 1197 4048 ingennus,

91 4054 247 4126 tanquam
265 4044 291 4104 si
306 4044 344 4105 ab
363 4042 511 4126 ingenuis
528 4044 712 4124 parentibus
731 4044 845 4106 fuisses
857 4055 1054 4127 procreatus,
1065 4057 1096 4108 et
1110 4047 1197 4108 nulli

93 4125 253 4187 heredum
269 4149 305 4187 ac
335 4123 552 4209 proheredum
576 4145 722 4186 meorum
746 4127 797 4187 vel
820 4129 1003 4211 cuicunque
1027 4129 1196 4192 servitium

94 4207 275 4292 impendas;
296 4209 460 4292 peculiare
476 4227 626 4271 concesso
643 4209 731 4293 quod
752 4207 851 4274 habes
866 4220 922 4274 aut
947 4213 1113 4276 elaborare
1129 4233 1196 4298 po-

95 4290 204 4359 tueris.
243 4292 287 4356 Et
299 4299 434 4360 caetera.
