2786 4980
267 351 303 410 a.
323 347 403 402 can
509 342 637 401 moun
671 343 890 402 rmnconun
1000 349 1064 405 sss.
1206 335 1254 406 63

125 477 129 482 ’
225 487 286 555 IV.
328 484 463 549 Mandat
473 484 564 547 vobis
585 505 662 568 quia
680 505 706 546 si
723 483 841 568 aliquis
858 494 907 548 est
927 485 967 548 (16
991 489 1083 551 vobis
1106 491 1163 574 qui
1186 513 1252 554 non

144 598 179 642 se
200 571 339 636 confidit
361 571 395 630 in
413 591 470 630 sua
488 567 711 644 conscientia,
734 578 770 629 ut
795 579 917 630 rectam
940 571 1099 633 rationem
1121 597 1252 656 precare

142 667 199 720 aut
223 677 293 718 non
312 654 419 714 valeat
435 660 491 712 aut
510 671 575 711 non
593 652 720 727 audeat,
733 660 764 711 61
781 671 814 712 se
834 654 1037 733 recognoscit
1049 666 1080 715 ct
1094 660 1252 736 poenitet,

142 752 176 804 et
188 735 449 801 miscricordiam
469 733 558 796 illius
579 743 612 795 et
628 733 865 814 indulgentiam
879 736 1024 818 petierit,
1048 742 1124 817 qnia
1148 741 1252 816 illum,

139 833 271 886 tantum
292 831 331 880 ut
356 818 467 882 inante
484 816 569 878 sicut
590 817 686 878 debet
702 837 735 876 se
751 825 880 895 caveat,
910 818 1092 882 voluntarie
1121 823 1254 884 unicui-

141 904 350 989 quequisic
373 922 409 962 se
434 898 660 982 recognoscit,
688 898 940 961 misericordiam
959 912 991 962 et
1017 903 1254 989 indulgentiam

141 992 254 1053 donat.

230 1069 273 1131 V.
312 1067 443 1131 Mandat
459 1063 550 1126 vobis
567 1073 603 1123 ut
624 1084 663 1124 ne
694 1065 812 1146 aliquis
842 1065 881 1126 de
906 1063 964 1126 illo
991 1064 1101 1128 inante
1128 1069 1253 1132 dubitet

145 1153 229 1238 quia
245 1153 344 1236 ipsam
359 1159 481 1212 rectam
501 1147 678 1225 rationem,
701 1151 757 1228 qui
780 1148 869 1210 illam
886 1149 1030 1230 quaerit,
1052 1173 1178 1232 semper
1200 1153 1253 1214 illi

147 1237 225 1300 vult
240 1253 442 1310 conservare,
466 1241 499 1291 et
510 1230 601 1289 illam
617 1229 868 1291 misericordiam
884 1253 981 1312 quam
995 1235 1090 1293 modo
1111 1235 1159 1293 illi
1177 1258 1253 1296 con-

35 1376 38 1380 .
148 1319 255 1396 cedit,
276 1317 423 1402 similiter
449 1315 539 1374 illam
556 1334 682 1393 semper
701 1315 773 1375 vult
791 1335 1001 1388 conservare,
1023 1316 1049 1374 si
1074 1317 1131 1376 illc
1158 1321 1253 1379 aliam

146 1402 266 1461 iterum
281 1401 375 1460 talem
390 1419 517 1458 causam
537 1418 602 1457 non
620 1397 815 1457 commiserit
837 1418 893 1480 pro
909 1417 973 1480 qna
986 1419 1046 1482 per
1062 1409 1183 1460 rectam
1198 1424 1253 1462 ra-

149 1484 274 1544 tionem
291 1484 411 1543 iustum
423 1480 582 1541 indicium
597 1479 713 1540 debeat
730 1481 900 1541 sustinere.

229 1566 288 1631 Vl.
346 1563 478 1626 Mandat
523 1562 612 1625 vobis
643 1561 720 1642 quia
760 1564 787 1624 si
827 1562 943 1642 aliquis
980 1564 1019 1624 de
1057 1562 1148 1625 vobis
1179 1563 1252 1628 talis

142 1657 192 1710 est
223 1649 283 1732 qui
319 1646 404 1708 dicat
441 1645 517 1728 quia
545 1667 604 1728 pro
639 1655 827 1727 paupertate
859 1653 891 1706 et
926 1646 1133 1723 necessitate,
1175 1649 1253 1728 quia

141 1730 364 1793 multosdies
408 1727 450 1806 in
480 1729 570 1789 illins
606 1728 739 1788 servitio
782 1727 893 1803 misit,
938 1738 975 1789 61
1014 1731 1122 1790 omnia
1167 1753 1251 1812 quae

140 1814 259 1875 habuit
277 1809 463 1896 dispendit,
490 1812 530 1872 ad
546 1811 643 1872 talem
664 1811 947 1888 coniunctionem,
975 1821 1012 1872 ut
1041 1811 1166 1894 aliquid
1190 1813 1253 1874 im-

143 1906 287 1980 petraret
317 1896 407 1978 quod
429 1916 488 1975 per
508 1893 677 1955 servitium
701 1895 871 1976 impetrare
897 1916 962 1954 non
980 1896 1105 1975 potuit,
1127 1918 1160 1955 se
1176 1918 1253 1956 con·

145 1981 277 2057 iunxit,
299 1979 376 2060 quia
391 1977 418 2038 si
434 1977 496 2038 hoc
516 1987 625 2038 nostro
645 1978 774 2038 Seniori
788 1988 862 2038 ante
883 1999 958 2038 suos
978 1979 1090 2038 fideles
1114 1979 1251 2039 demon-

144 2073 247 2125 strare
264 2059 427 2144 potuerit,
448 2069 481 2120 ct
497 2060 560 2121 boc
579 2060 606 2120 si
630 2081 744 2120 verum
758 2061 930 2122 inventum
954 2062 1056 2122 fuerit
1076 2061 1167 2140 quod
1189 2063 1251 2122 Se·

142 2145 246 2206 nioris
271 2145 372 2204 nostri
395 2142 489 2223 culpa
510 2143 610 2203 fuerit
631 2143 720 2224 quod
746 2165 806 2226 per
825 2144 1047 2204 necessitatem
1068 2143 1186 2225 aliquis
1209 2145 1250 2205 de

139 2228 237 2290 vobis
250 2225 488 2287 rationabiliter
503 2228 542 2287 (16
556 2226 688 2286 servitio
703 2225 785 2286 alius
803 2249 836 2288 se
856 2227 912 2287 tali
931 2229 1026 2287 modo
1044 2225 1251 2305 subtraxerit,

141 2311 223 2394 quia
238 2309 356 2372 Senior
370 2316 480 2370 noster
497 2307 559 2370 hoc
588 2308 773 2369 voluntarie
788 2315 1010 2392 recognoscit,
1035 2320 1066 2370 et
1084 2330 1158 2368 cum
1176 2331 1252 2369 con·

142 2393 220 2457 silio
234 2394 273 2454 de
285 2393 349 2454 suis
364 2389 514 2454 fidelibus
531 2391 594 2452 hoc
609 2413 705 2474 qnam
724 2391 818 2454 citius
840 2403 872 2454 et
886 2392 1110 2454 rationabilius
1131 2401 1263 2486 potue-p

142 2477 207 2554 rit,
230 2475 423 2536 emendabit.

229 2557 305 2623 Vll.
328 2558 459 2619 Mandat
475 2557 568 2620 vobis
588 2555 664 2638 quia
678 2557 704 2618 si
725 2555 843 2639 aliquis
856 2558 895 2618 de
913 2554 1004 2620 vobis
1025 2557 1146 2620 dixerit
1161 2558 1251 2640 quod

141 2640 209 2703 hoc
228 2641 425 2722 quodfecit,
449 2663 514 2702 non
539 2661 596 2722 pro
613 2661 671 2700 sua
687 2641 878 2702 infidelitate
901 2663 1009 2722 neque
1023 2663 1082 2724 pro
1102 2664 1158 2701 sua
1192 2643 1249 2701 de-

142 2724 413 2799 sinhonorantia,
435 2725 529 2800 fecit,
552 2731 585 2784 61
603 2723 695 2784 timet
709 2723 827 2804 aliquis
847 2723 886 2784 (16
903 2724 992 2784 robis
1024 2723 1113 2804 quod
1142 2734 1252 2783 noster

143 2807 265 2869 Senior
282 2806 379 2866 alicui
393 2807 432 2866 (16
450 2807 543 2868 vobis
563 2816 712 2888 reputare
743 2807 853 2867 inante
880 2806 995 2866 debeat
1019 2806 1081 2866 hoc
1109 2805 1250 2883 factum,

143 2899 201 2949 ant
216 2911 275 2971 pro
294 2911 350 2949 sua
371 2888 530 2950 infidelita
549 2898 605 2949 aut
619 2911 678 2970 pro
704 2911 759 2950 sua
773 2885 1252 2972 desinhonorantia,etpropter

138 2973 284 3036 bociam
302 2972 386 3032 ultra
402 2973 442 3033 ad
453 2972 548 3032 illum
566 2993 631 3031 non
648 2972 760 3032 debeat
783 2972 957 3033 consilium
980 2983 1145 3054 acaptare,
1174 2971 1251 3054 quia

139 3055 389 3138 qualiscumque
415 3056 455 3116 (16
475 3054 564 3116 vobis
582 3055 638 3114 tali
658 3056 752 3115 modo
769 3055 800 3114 in
817 3055 877 3116 isto
890 3058 975 3118 facto
990 3055 1248 3118 commisculatus

139 3148 206 3214 est,
229 3136 255 3198 si
272 3137 382 3197 inante
401 3137 451 3197 illi
471 3137 517 3198 sic
541 3137 646 3198 fidelis
668 3148 700 3198 et
717 3138 871 3199 obediens
891 3149 922 3200 et
948 3141 1076 3201 adiutor
1097 3139 1136 3198 ad
1156 3161 1251 3204 suum

137 3241 280 3302 regnum
298 3229 330 3280 61
346 3220 490 3280 debitum
513 3219 671 3280 honorem
692 3221 924 3281 continendum
948 3224 1068 3299 fuerit,
1091 3223 1174 3282 sicut
1192 3244 1250 3304 per

136 3313 267 3365 rectum
282 3302 378 3362 homo
391 3325 449 3364 suo
465 3303 546 3384 Regi
561 3311 593 3363 et
614 3325 671 3363 sno
690 3305 818 3364 Senicri
834 3326 900 3365 esse
917 3307 1032 3381 debet,
1063 3306 1139 3386 quia
1166 3305 1251 3364 nulli

139 3387 182 3448 (16
204 3386 262 3446 ista
281 3407 377 3446 causa
395 3387 484 3448 volet
506 3395 677 3467 reputare,
700 3389 755 3447 scd
778 3398 879 3447 totum
902 3409 941 3448 cx
965 3389 1061 3448 corde
1086 3388 1248 3448 dimittcre

138 3469 231 3550 quod
253 3468 286 3528 in
303 3467 391 3530 illins
409 3490 544 3549 persona
562 3469 594 3526 in
614 3469 672 3529 ista
692 3491 785 3532 causa
807 3471 982 3547 commisit,
1006 3480 1036 3530 et
1065 3492 1158 3528 suum
1182 3491 1251 3530 ser-

139 3551 276 3628 vitium,
299 3551 454 3632 quodilli
473 3559 504 3611 et
522 3552 710 3627 antefecit,
734 3562 765 3612 et
787 3551 969 3612 adliucDeo
989 3552 1118 3611 iuvante
1141 3553 1250 3629 faciet,

141 3635 252 3695 debite
277 3643 309 3694 61
326 3633 561 3694 rationabiliter
588 3635 658 3694 vult
687 3635 737 3694 illi
761 3655 895 3699 merere,
938 3635 972 3694 Si
1000 3643 1107 3693 autem
1133 3634 1251 3715 aliquis

140 3717 196 3776 illi
219 3716 390 3778 autalicui
417 3716 535 3776 iniuste
557 3717 706 3798 abstulit,
736 3719 790 3778 lex
811 3718 893 3796 hoc,
930 3718 1014 3778 sicut
1048 3717 1249 3778 consuetudo

140 3809 174 3860 61
195 3809 321 3861 rectum
347 3809 416 3875 est,
439 3799 627 3881 pacificabit.

225 3880 337 3948 Vlll(
362 3885 405 3944 Et
429 3881 536 3943 sciatis
552 3884 628 3966 quia
648 3881 764 3943 Senior
785 3892 916 3959 noster,
939 3882 1022 3944 sicut
1038 3881 1174 3943 subinde
1195 3903 1251 3941 vo-

140 3962 223 4042 luit,
246 3967 316 4025 Deo
336 3965 470 4047 gratias,
493 3987 582 4027 nunc
596 3966 634 4026 ad
653 3967 774 4026 bonum
800 3967 942 4027 ellectum
965 3967 1127 4047 perduxit,
1152 3976 1183 4025 et
1199 3988 1251 4024 ro-

141 4048 229 4128 gavit
245 4048 357 4109 fideles
373 4070 447 4110 suos
466 4058 502 4108 ut
518 4049 588 4109 sinc
609 4051 676 4108 ulla
701 4051 784 4109 mala
805 4051 986 4131 suspicione
1014 4048 1052 4108 de
1072 4050 1160 4108 illius
1184 4049 1249 4107 ira-

140 4131 262 4190 cundia
284 4140 339 4191 aut
357 4131 454 4192 animi
470 4133 684 4192 commotione
700 4134 914 4194 communiter
931 4143 1087 4214 quaerant
1106 4141 1137 4191 et
1153 4132 1249 4191 inve-

139 4212 348 4296 niant,atq'ue
363 4215 545 4275 describant
556 4215 617 4276 hoc
631 4217 719 4296 quod
729 4217 789 4277 ille
802 4215 980 4277 secundum
992 4237 1085 4277 sunm
1101 4215 1249 4276 ministe-

138 4294 701 4380 6111116616(16161616166166616
715 4298 811 4365 illum
825 4322 888 4360 nou
900 4299 1109 4363 condeceant.
1120 4299 1164 4360 Et
1178 4295 1248 4358 ubi-
