2712 4992
199 285 274 365 ³44
640 305 818 359 aaranmx

195 446 274 509 inde
294 444 468 528 neglegens
485 443 611 515 aderat;
634 453 667 504 et
692 444 806 526 ipsein
828 450 995 526 praesento
1012 449 1070 511 boc
1093 451 1205 514 sortiter
1218 457 1258 517 de-

196 529 356 612 negabat,
379 537 412 588 et
438 527 546 587 taliter
574 527 664 591 dedit
693 527 726 586 in
754 549 812 588 sno
843 549 996 610 responso
1025 534 1110 614 qnod
1135 537 1170 596 dc
1192 548 1258 618 patre

194 614 308 674 franco
329 609 444 672 fuisset
463 620 649 690 generatus,
673 620 705 670 et
736 611 776 670 de
799 619 900 670 matre
924 613 1034 674 franca
1057 617 1159 676 fuisset
1184 630 1260 687 natus.

193 695 288 756 Unde
309 694 372 754 tale
392 703 590 754 sacramento
612 713 671 774 per
689 715 777 754 suam
792 693 934 752 fistucam
948 696 1033 756 visus
1053 699 1114 758 fuit
1131 701 1260 761 adrhami-

193 799 247 854 re,
271 784 304 838 et
325 775 433 836 taliter
449 775 479 836 ei
495 775 558 836 suit
573 775 768 851 iudicatum,
791 786 827 835 ut
842 776 902 836 hac
921 799 1015 838 causa
1040 783 1121 862 apud
1137 785 1262 863 proximi-

192 881 264 921 ores
282 867 432 941 parentes
446 877 542 935 suos,
565 866 637 918 octo
657 859 696 918 dc
712 869 801 940 parte
819 860 966 939 genitore
995 883 1073 940 suo,
1102 872 1132 923 et
1155 876 1262 945 quatuor

194 943 234 1004 de
256 950 345 1024 parte
371 940 546 1022 genitrices
566 963 656 1016 suae,
671 941 697 1000 si
717 942 911 1022 praemortui
929 964 994 1002 nou
1017 955 1100 1019 sunt,
1115 959 1144 1007 et
1161 949 1183 1006 si
1197 972 1262 1030 prac-

192 1024 313 1086 mortui
333 1033 427 1100 sunt,
450 1023 536 1105 apud
562 1022 733 1084 duodecim
752 1026 902 1100 francos,
920 1025 1000 1086 tales
1025 1030 1149 1108 qualem
1162 1051 1190 1089 se
1215 1053 1261 1091 esse

193 1107 296 1184 dixit,
320 1106 352 1165 in
371 1105 431 1166 illo
450 1115 569 1182 castro,
592 1107 626 1164 in
651 1105 780 1165 basilica
796 1108 912 1166 Sancto
935 1108 1015 1186 illo,
1041 1110 1095 1169 ubi
1111 1112 1262 1192 reliquan-

194 1198 357 1251 eramenta
386 1198 598 1270 percurrunt,
647 1188 679 1246 in
711 1188 921 1268 ‹sandraginta
955 1201 1067 1252 noctes
1089 1193 1122 1253 in
1148 1195 1263 1280 proximo

194 1271 292 1334 mallo
313 1280 385 1358 post
399 1271 542 1332 bannum
562 1270 698 1332 resisum
712 1269 774 1330 hoc
797 1271 911 1330 debeat
935 1274 1116 1338 coniurare.

588 1406 724 1466 'Non'tia
742 1403 781 1464 de
805 1426 905 1472 servo.
927 1407 930 1414 ’

275 1487 340 1552 III.
381 1484 501 1550 Notitia
527 1488 669 1568 qualiter
695 1489 744 1547 vel
774 1487 890 1568 quibus
916 1491 1139 1570 praesentibus
1161 1493 1264 1555 veniens

193 1569 252 1633 ille
272 1571 307 1632 in
329 1592 421 1633 cansa
436 1571 622 1632 Monasterii
645 1571 752 1632 Sancti
770 1571 877 1646 iliius,
906 1573 1047 1634 civitatis
1071 1575 1154 1634 iltius
1179 1577 1263 1635 Ponti-

192 1649 263 1730 fici,
286 1653 326 1715 nd
345 1654 449 1717 vicem
473 1651 657 1714 venerabile
675 1653 744 1716 viro
761 1654 819 1714 ido
843 1653 963 1715 Abbate
983 1655 1022 1714 de
1042 1657 1197 1734 praedicto
1214 1661 1265 1717 Mo-

191 1737 351 1812 nastcrio,
374 1737 426 1796 dic
449 1735 528 1814 illo,
551 1735 608 1796 ilia
628 1733 773 1811 civitate,
797 1737 829 1796 in
847 1737 943 1796 mallo
970 1739 1121 1818 publico,
1149 1749 1212 1801 aute
1228 1740 1266 1796 iu·

181 1817 294 1882 'iustre
315 1819 386 1882 viro
407 1817 465 1879 ilio
482 1819 623 1896 Comite,
646 1827 679 1876 et
697 1828 770 1876 autc
788 1819 846 1880 iilo
862 1821 1040 1902 Episcopo,
1065 1823 1117 1882 vel
1137 1823 1200 1882 aliis
1216 1824 1266 1901 plu-

190 1924 241 1965 res
256 1901 432 1982 naagnificis
452 1901 528 1962 viris
551 1902 608 1982 qui
639 1900 758 1960 ibidem
783 1901 998 1978 resedebant,
1032 1901 1159 1963 bomine
1182 1905 1265 1982 aliquo

195 2006 317 2046 nomen
336 1984 395 2043 ilio
414 1983 533 2042 ibidem
557 1983 783 2066 interpellabat
804 1983 915 2044 dicens
928 2005 966 2043 eo
986 1987 1078 2066 quod
1101 1987 1264 2046 servusMo-

191 2066 323 2128 misterii
351 2067 462 2128 Sancti
485 2065 573 2126 itlius
598 2065 637 2126 de
663 2067 766 2146 capud
787 2087 880 2126 suum
901 2067 1027 2143 aderat,
1053 2068 1264 2148 etcolonusip·

188 2149 255 2213 sius
275 2149 383 2208 Sancti
407 2149 464 2208 iile
483 2148 613 2208 nomine
633 2147 727 2208 illum
742 2149 781 2208 de
797 2149 908 2209 franco
926 2148 1263 2232 homineeomparasset,

170 2235 224 2294 ¹et
239 2232 323 2290 malo
337 2231 451 2291 ordine
472 2230 541 2312 ipso
560 2231 692 2292 servitio
711 2231 854 2312 partibus
869 2232 1055 2291 Monasterii
1078 2233 1180 2293 Sancti
1200 2232 1264 2290 illius

189 2313 361 2395 effugiebat
374 2313 427 2374 vel
447 2311 643 2373 intendebat.
688 2313 921 2394 interrogatum
940 2314 1004 2373 fuit
1019 2314 1081 2396 ipsi
1097 2337 1183 2376 servo
1200 2314 1220 2372 si
1234 2313 1265 2392 ip-

188 2421 221 2460 sa
238 2417 332 2456 causa
352 2417 425 2456 vera
443 2404 510 2456 crat
529 2405 584 2456 aut
604 2417 680 2456 nou.
721 2396 787 2456 Sed
802 2396 869 2473 ipse
890 2419 1001 2456 servus
1017 2397 1051 2456 in
1072 2397 1208 2458 omnibus
1221 2395 1263 2452 hoc

188 2479 318 2542 fortiter
336 2478 524 2558 denegavit,
547 2478 664 2557 etipse
688 2475 778 2538 Abba
794 2479 846 2538 vel
874 2500 950 2538 suus
976 2479 1155 2540 Advocatus
1180 2487 1263 2538 contra

186 2561 353 2648 praedicto
374 2582 465 2622 servo
487 2560 720 2636 intendebant,
743 2570 774 2621 et
795 2559 902 2619 taliter
923 2561 1100 2640 dixerunt,
1122 2560 1200 2644 quod
1217 2569 1262 2617 tes-

189 2645 326 2710 timonia
345 2643 493 2704 homines
516 2644 642 2704 francos
657 2653 859 2725 praesentare
883 2643 1057 2724 potebant,
1080 2646 1135 2726 qui
1158 2644 1204 2702 hic
1222 2639 1261 2698 ad·

189 2728 333 2804 stabant,
355 2725 444 2808 quod
465 2724 532 2806 ipse
549 2725 684 2785 colonus
703 2725 772 2806 ipso
797 2736 1053 2805 comparaverat,
1085 2737 1116 2787 et
1144 2726 1173 2784 in
1195 2743 1263 2783 suum

191 2810 363 2873 servitium
375 2830 449 2868 eum
465 2807 613 2869 viderant
633 2807 811 2883 deservire,
832 2816 864 2865 et
884 2828 943 2887 per
964 2809 1036 2889 iege
1053 2830 1160 2869 servus
1178 2801 1260 2866 Sancti

186 2893 246 2955 illo
265 2914 333 2954 esse
349 2892 454 2953 debet.
495 2891 538 2948 Et
551 2889 618 2972 ipsa
635 2887 716 2948 hora
734 2889 801 2971 ipse
815 2888 923 2966 Abba,
946 2889 997 2950 vel
1021 2890 1089 2972 ipse
1106 2891 1262 2958 Advocatus,

189 2999 247 3038 sna
266 2973 449 3036 testimonia
465 2971 611 3032 homines
632 2981 769 3052 septem,
794 2971 843 3031 his
860 2970 1044 3034 nominibus
1071 2973 1127 3031 illo
1154 2980 1182 3031 ct
1202 2969 1260 3041 illo,

188 3057 380 3119 adrhamivit
403 3063 438 3114 ut
457 3055 489 3112 in
511 3055 686 3114 crastinum
705 3054 758 3115 die
788 3054 846 3112 iilo
871 3053 991 3113 ibidem
1010 3065 1201 3135 praesentare
1220 3051 1261 3109 da-

186 3142 312 3204 berent.
355 3138 451 3217 Quod
475 3137 518 3196 ita
538 3146 569 3196 et
583 3137 739 3196 fecerunt.
781 3138 823 3196 Et
840 3136 898 3216 ipsi
922 3135 1070 3196 homiues
1092 3137 1135 3196 sic
1154 3135 1260 3196 testimo·

186 3225 380 3297 nievernnt,
403 3220 491 3300 quod
512 3218 655 3301 perlege
674 3241 782 3279 servus
800 3219 908 3279 Sancti
922 3217 1011 3280 itlius
1029 3220 1138 3278 aderat
1153 3217 1258 3280 debitas,

188 3316 221 3367 et
242 3305 403 3387 quomodo
419 3303 480 3364 hoc
493 3301 797 3363 testimoniaverunt
817 3351 825 3366 .
848 3351 856 3364 .
876 3351 884 3366 .
907 3345 914 3360 .
937 3323 1034 3380 super
1059 3301 1165 3360 altario
1178 3293 1258 3358 Sancti

188 3389 294 3464 iltius,
317 3387 351 3446 in
379 3385 456 3448 villa
475 3385 620 3466 capella,
644 3405 741 3464 quam
763 3383 797 3442 iu
817 3393 906 3444 curte
923 3383 1001 3457 fisci,
1025 3384 1081 3444 ubi
1101 3383 1211 3461 reliqua
1228 3399 1258 3435 sa·

188 3478 351 3532 eramenta
374 3468 478 3529 soluta
498 3477 591 3543 sunt,
616 3466 712 3524 iurati
732 3466 894 3530 dixerunt.
948 3467 1065 3526 Denuo
1088 3465 1258 3546 ipsinsscrvo

185 3554 250 3616 fuit
271 3551 501 3631 interrogatum
525 3549 552 3609 si
580 3550 646 3630 ipsa
671 3570 764 3609 causa
784 3547 1050 3628 recognoscebat,
1080 3548 1106 3608 si
1139 3546 1179 3606 sic
1210 3547 1258 3600 erat

186 3635 314 3700 veritas.
358 3633 422 3694 Sed
437 3633 505 3713 ipse
522 3653 633 3692 servus
652 3631 685 3689 in
708 3629 856 3690 omnibus
881 3629 964 3688 hanc
981 3652 1106 3692 causam
1132 3642 1257 3715 'recogno-

187 3719 252 3796 vit,
276 3725 307 3777 et
324 3715 363 3776 ad
383 3715 548 3778 servitium
568 3714 627 3774 sibi
649 3735 797 3774 reversus
815 3713 893 3782 fuit;
918 3721 949 3770 et
967 3711 1135 3790 ipseAbba
1154 3729 1203 3788 per
1224 3725 1257 3760 111·

188 3801 310 3866 dicium
328 3798 367 3858 ad
391 3797 472 3878 ipsas
487 3819 660 3878 personas,
682 3795 931 3877 per-iussionem
957 3793 1044 3854 illius
1075 3793 1203 3862 Comite,
1228 3785 1255 3842 dt

188 3907 287 3944 manu
303 3882 350 3942 ill.
370 3880 501 3943 Vicario
520 3890 708 3960 exceptum,
731 3877 850 3951 ibidem
868 3896 927 3960 pro
954 3897 1047 3940 servo
1069 3873 1170 3937 Sancti
1190 3866 1255 3928 illius

187 3966 401 4030 evindicabat.
443 3964 499 4024 His
519 3958 752 4044 praesentibus.

425 4075 603 4137 Iudicatum
626 4073 838 4134 evindicatum
859 4073 899 4134 de
924 4073 1048 4138 colono.

197 4205 200 4217 ·
270 4160 329 4227 lV.
372 4162 455 4222 Cum
475 4153 670 4220 resedissent
694 4157 888 4218 venerabilis
912 4157 970 4218 ille
990 4156 1077 4217 Abba
1098 4161 1128 4215 et
1145 4148 1253 4211 inluster

417 4243 460 4306 lla
480 4242 539 4306 dla
567 4240 601 4306 in
626 4257 707 4328 pago
726 4239 802 4322 illo,
825 4238 880 4304 ubi
895 4239 952 4303 ilie
972 4241 1084 4306 Comes
1104 4253 1165 4299 esse
1183 4226 1252 4292 ride·
