2712 4992
228 287 300 362 ³56
681 269 859 362 narenbrr

227 455 315 508 tante
344 441 475 508 denario
496 441 672 506 secundum
692 445 779 528 [sege
801 445 905 507 Salica
926 464 1019 526 servo
1043 467 1097 508 suo
1119 468 1219 510 nomen
1237 451 1272 514 ille

228 529 349 592 dimisit
371 527 532 610 ingenuo,
568 525 637 588 eius
665 549 796 610 quoque
824 528 1057 591 absolutionem
1076 551 1131 612 per
1149 546 1274 612 praesente

228 611 449 672 auctoritatem
470 605 638 673 firmamus.
700 609 939 693 Praecipientes
960 613 1047 672 enim
1072 622 1108 672 ut
1128 613 1274 674 sicutenim

228 703 261 756 et
286 691 411 774 reliqua
441 689 618 750 mansuaria
645 692 702 774 qui
729 712 790 774 per
818 694 881 754 tale
912 693 1044 754 titulum
1078 695 1112 753 iu
1139 700 1274 776 praesentia

225 774 413 856 Principum
437 781 614 831 noscuntur
638 793 705 836 esse
725 771 859 834 relaxati
882 775 1071 856 ingenuum,
1091 773 1179 837 itaet
1204 778 1274 837 admo

224 857 302 918 dum
331 861 522 915 memoratus
549 851 606 915 ille
627 875 686 937 per
715 865 824 916 nostro
848 867 1020 938 praecepto
1044 856 1164 939 plenius
1187 858 1215 917 in
1236 861 1272 920 Dei

225 957 341 1000 nomeu
368 935 587 997 confirmatum
614 936 769 1030 perennis
792 939 989 1020 temporibus
1015 961 1088 1000 cum
1110 938 1166 1000 Dei
1184 947 1211 1000 et
1227 963 1273 1000 nos-

222 1027 272 1081 tra
292 1019 391 1102 gratia
409 1016 524 1094 valeat,
546 1015 672 1080 Christo
686 1018 837 1101 propitio,
858 1041 1048 1102 permanere
1066 1022 1146 1084 bene
1157 1021 1271 1105 ingenuas

224 1111 319 1186 atque
340 1119 481 1165 securus.

670 1231 866 1302 Mandatum.

303 1345 405 1410 XXV.
446 1344 583 1410 Domino
601 1347 769 1409 mavnilico
788 1349 879 1410 fratri
898 1351 960 1427 illi,
982 1351 1052 1412 ille.
1080 1347 1218 1410 Omnibus
1230 1369 1269 1407 non

220 1433 357 1496 babetur
376 1430 576 1513 incognitum
597 1397 736 1512 qualiter
756 1451 806 1492 me
827 1443 974 1494 senectus
993 1434 1147 1516 adgravat
1170 1442 1196 1492 et
1213 1431 1268 1488 inlr·

220 1517 313 1576 mitae
335 1513 449 1588 domat,
472 1522 504 1573 et
531 1533 639 1572 causas
667 1531 752 1572 meas
776 1511 908 1574 minime
932 1516 1024 1576 valeo
1053 1534 1224 1596 prosequere
1237 1513 1265 1570 vel

220 1595 399 1660 admallare.
440 1595 613 1675 Propterea
633 1613 747 1674 precor
764 1604 795 1655 et
819 1596 965 1678 supplico
990 1597 1117 1658 caritati
1138 1605 1201 1656 tuae
1215 1593 1262 1652 ntia

220 1680 325 1740 vicem
345 1697 448 1736 meam
469 1697 579 1736 omnes
601 1697 709 1736 causas
730 1697 827 1754 meas,
848 1687 912 1737 tam
935 1677 968 1737 in
991 1701 1094 1760 pago,
1122 1675 1260 1759 quametin

219 1761 350 1844 palatio,
372 1759 422 1820 vel
447 1757 479 1816 in
505 1758 752 1840 quibuscunque
782 1759 871 1841 pagis
904 1745 1154 1821 vel'territoriis
1178 1757 1262 1816 ubicun-

218 1864 283 1926 que
304 1840 382 1900 mibi
410 1847 546 1921 oportet,
568 1839 653 1920 apud
673 1837 850 1920 quemlibet
874 1842 1056 1918 hominem,
1087 1852 1150 1901 tam
1173 1839 1205 1898 ad
1219 1837 1263 1896 ual-

219 1923 350 1984 landum
373 1943 467 2004 quam
492 1919 530 1980 ad
550 1941 739 2002 responsum
764 1921 904 1984 dandum
926 1945 1124 2005 prosequere
1144 1922 1227 1982 facias.
1243 1919 1267 1976 lt

219 2004 374 2088 quicquid
396 2002 511 2063 exinde
533 2003 635 2084 egeris
658 2004 849 2084 gesserisve,
872 2005 956 2086 apud
976 2027 1028 2066 nae
1050 2006 1086 2064 in
1114 2003 1233 2065 omnibus
1250 2007 1267 2058 el

218 2111 258 2148 ex
285 2085 431 2146 omnibns
452 2093 555 2144 ratum
585 2094 617 2145 et
641 2094 751 2167 aptum
773 2095 868 2168 atque
895 2097 1090 2147 transactum
1114 2083 1268 2147 inauribus

217 2167 387 2230 delinitum
411 2187 477 2227 esse
503 2186 690 2244 cognoscas:
712 2167 788 2247 quia
812 2190 880 2228 arno
909 2179 939 2228 te
959 2170 1033 2248 plus
1051 2191 1146 2250 quarn
1156 2189 1206 2240 me,
1223 2166 1268 2246 plns

217 2260 249 2311 te
271 2269 366 2331 quam
386 2246 520 2307 heredes
539 2267 634 2306 meos.
662 2251 704 2308 Et
722 2259 758 2309 ut
771 2249 832 2311 boc
851 2250 1032 2311 mandatum
1053 2260 1168 2332 postte
1186 2247 1268 2306 firmius

216 2331 374 2406 retineas,
403 2337 434 2389 et
455 2328 562 2390 taliter
591 2329 733 2391 obtineat
759 2331 939 2391 firmitatem
966 2333 1056 2412 quasi
1084 2333 1171 2416 gestis
1193 2329 1269 2389 luisset

218 2413 402 2496 alligatum,
433 2431 528 2469 manu
556 2413 683 2491 propria
707 2413 816 2473 subter
837 2414 966 2475 decrevi
992 2414 1170 2492 adfirmare,
1195 2407 1267 2488 etqui

217 2496 472 2579 subscripserunt
489 2492 529 2574 ⁴in
552 2504 718 2574 praesente
744 2495 860 2577 rogavi.

575 2625 679 2686 cessio
702 2626 746 2685 ad
763 2627 945 2689 Ecclesiam.

294 2735 414 2806 xxvi.
455 2740 609 2802 Dominae
635 2750 760 2801 sanctae
789 2763 824 2802 ac
850 2742 1123 2805 reverentissimae
1145 2737 1266 2802 Ecclesiae

216 2826 317 2888 sancti
347 2823 444 2901 illius,
467 2845 548 2904 quae
576 2831 622 2881 est
646 2833 824 2884 constructa
845 2813 877 2882 in
905 2846 986 2906 pago
1013 2825 1084 2904 illo,
1107 2827 1137 2884 in
1157 2824 1214 2882 loco
1229 2815 1266 2908 qni

217 2909 335 2968 dicitur
353 2906 420 2981 ille,
443 2928 501 2987 ego
527 2907 559 2964 in
582 2903 642 2963 Dei
670 2905 798 2964 nornine
820 2906 888 2982 ille,
914 2927 971 2987 pro
993 2909 1074 2969 meis
1096 2904 1267 2989 peccatisnn·
1302 2911 1303 2930 ¹

216 2987 372 3062 nuendis,
399 2996 435 3046 ut
461 2991 492 3047 in
525 2989 668 3045 futurum
702 2987 857 3048 Dominus
889 2989 1014 3048 veniam
1044 2990 1125 3049 milri
1147 2991 1265 3068 lamentare

216 3071 384 3150 dignetur,
407 3069 485 3129 cedo
515 3069 553 3127 ad
579 3068 736 3130 luminare
764 3068 814 3127 vel
831 3069 985 3130 sacrificio
1004 3072 1042 3130 ad
1069 3073 1133 3153 ipsa
1156 3059 1265 3127 casana

214 3151 266 3210 vel
295 3151 363 3231 ipso
396 3152 488 3210 domo
507 3150 568 3210 Dei
595 3149 824 3229 condirgendo,
847 3171 1034 3232 cessumque
1057 3157 1093 3213 iu
1116 3155 1263 3233 perpetuuln

214 3254 282 3297 esse
309 3232 401 3309 volo,
432 3242 463 3293 et
490 3233 529 3291 dc
557 3231 624 3290 iure
654 3233 778 3291 meo'in
811 3231 879 3292 iure
905 3243 936 3292 et
961 3235 1169 3295 dominatione
1195 3226 1263 3308 ipsius

213 3314 376 3377 Ecclesiae
401 3313 576 3374 transcribo
595 3321 689 3392 atque
714 3315 914 3393 transfundo,
934 3315 995 3376 hoc
1016 3329 1076 3394 est,
1097 3337 1144 3376 res
1160 3306 1263 3393 proprie·

213 3399 285 3460 tatis
307 3417 394 3456 meae
418 3396 451 3454 iu
474 3416 554 3475 pago
577 3394 645 3470 illo,
669 3395 701 3452 in
724 3395 796 3455 loco
820 3399 906 3476 quod
926 3397 1043 3458 dicitur
1062 3399 1130 3472 illo,
1153 3395 1181 3453 in
1206 3391 1261 3448 ian-

215 3481 298 3541 dicta
323 3478 404 3552 loca,
426 3478 459 3537 id
486 3487 542 3551 est,
571 3487 633 3534 tam
656 3477 790 3548 mansis,
819 3478 981 3557 domibus,
1006 3478 1168 3553 aediliciis,
1190 3479 1261 3531 notum

213 3572 245 3623 et
272 3561 310 3620 ad
333 3560 491 3639 integrum
512 3578 547 3617 re
571 3559 777 3638 inexquisita,
799 3559 842 3620 ita
873 3570 908 3619 ut
930 3561 970 3622 ad
996 3561 1149 3624 hodierno
1165 3555 1205 3617 die
1226 3551 1258 3629 ip·

213 3668 244 3706 sa
268 3664 339 3703 casa
365 3643 425 3700 Dei
451 3642 490 3700 ad
513 3640 611 3699 altare
628 3641 757 3699 Domini
774 3643 978 3723 proferendo,
1011 3644 1063 3704 vel
1087 3641 1199 3721 adipso
1219 3632 1259 3719 d⁰j
1301 3665 1302 3684 κ

212 3748 263 3786 mo
285 3723 345 3785 Dei
368 3723 598 3804 condirgendo,
623 3721 704 3802 ipsas
732 3743 782 3782 res
805 3722 923 3785 habere
943 3725 1065 3790 debeat.
1106 3727 1144 3786 Et
1164 3718 1185 3779 si
1203 3710 1258 3773 mila
1301 3713 1302 3724 ¹

209 3807 330 3892 placuit
359 3806 564 3866 inserendum
588 3813 623 3862 ut
649 3805 755 3863 nullus
779 3805 927 3867 Pontifex
953 3817 1007 3866 aut
1037 3807 1178 3888 quislibet
1199 3800 1257 3857 nec-

153 3935 156 3942 ·
211 3902 272 3968 tor,
297 3889 322 3950 si
344 3887 383 3947 de
402 3888 467 3969 ipsa
492 3907 561 3946 caea
587 3885 659 3960 Dei,
679 3886 720 3945 de
744 3887 811 3966 ipso
836 3886 990 3949 luminare
1016 3891 1065 3950 vel
1084 3881 1215 3950 sacrificio
1227 3876 1257 3954 ip·

210 3996 259 4033 sas
281 3993 331 4033 ree
355 3969 535 4029 abstrahere
555 3967 796 4045 conaverit,'au
827 3968 858 4027 in
886 3970 1077 4032 beneficium
1107 3971 1254 4044 daressprae·

207 4052 391 4136 sumpserit,
424 4061 499 4112 tunc
526 4051 606 4131 ipsas
624 4063 677 4109 res
707 4051 745 4109 ad
769 4071 818 4111 me
847 4052 897 4111 vel
921 4052 1090 4114 heredibus
1114 4048 1181 4110 meis
1202 4057 1254 4122 per·

206 4138 346 4199 veniant.
389 4134 422 4192 si
446 4131 622 4212 quievero,
643 4132 729 4210 quod
750 4153 808 4193 aec
835 4133 903 4193 fieri
925 4134 1046 4212 credo,
1077 4136 1102 4196 si
1124 4149 1173 4212 ego
1197 4125 1250 4204 ipse,

206 4227 260 4278 aut
285 4217 369 4277 nllus
393 4215 431 4276 d'e
454 4213 625 4276 heredibus
647 4213 735 4292 meis,
767 4214 818 4276 vel
845 4215 994 4298 quislibet
1023 4215 1154 4302 opposite
1170 4223 1251 4292 perso·
