2712 4992
515 335 760 394 snuoamcis
1138 311 1211 391 ³79

112 477 271 562 quicquid
286 477 325 546 de
342 477 523 563 supradicto
540 497 634 542 servo
648 477 754 540 iacere
782 471 972 552 volueritis,
1002 472 1136 538 liberam
1152 471 1212 535 ba·
1298 515 1304 524 ·

109 563 187 626 beas
207 569 406 643 potestatem.
445 563 488 625 Et
509 560 536 622 si
557 559 673 637 fuerit,
695 568 751 622 aut
779 579 838 641 ego
860 555 946 639 ipse,
977 565 1033 617 aut
1058 559 1145 632 ullus
1170 557 1212 618 de

107 643 286 708 heredibus
302 643 397 721 meis,
418 645 472 706 vel
493 642 646 723 quislibet
662 663 799 724 persona
816 639 874 720 qui
892 648 1003 700 contra
1026 639 1111 716 hanc
1129 659 1211 701 ven·

107 725 270 788 ditionem
282 725 421 806 aliquam
438 722 941 804 calumniam-vol,repetitionem
952 742 1104 803 generare
1121 741 1213 804 prae-

107 807 302 890 sumpserit,
325 816 437 868 contra
458 807 511 868 cui
531 808 622 868 litem
635 804 784 866 intulerit
797 802 916 865 solidos
934 803 1100 887 sexaginta
1121 823 1211 866 eom-

55 957 67 974 ,
105 899 229 974 ponat,
251 888 379 952 ethaeo
397 887 541 952 venditio
560 887 650 950 firma
664 895 857 972 permaneat.

156 1014 306 1078 Venditio
328 1014 368 1076 de
385 989 568 1102 semetipso,
591 1013 728 1097 qualiter
751 1013 843 1075 bomo
866 1011 949 1074 liber
967 999 1169 1080 venundetur.

192 1129 239 1194 X.
279 1130 419 1194 Domino
435 1151 562 1214 semper
583 1150 655 1193 meo
669 1127 727 1190 illo
737 1173 747 1207 ,
783 1149 843 1210 ego
865 1127 933 1189 ille.
973 1113 1110 1192 Placuit
1130 1127 1211 1189 mihi

107 1222 147 1276 ut
170 1221 287 1276 statum
313 1213 522 1297 ingenuitatis
540 1233 628 1274 meae
645 1211 679 1274 in
704 1221 845 1275 vestrum
866 1210 1017 1272 deberem
1036 1211 1211 1272 obnoxiam

106 1294 288 1358 servitium.
329 1297 428 1374 Quod
442 1295 486 1359 ita
500 1303 533 1356 et
549 1294 624 1360 feci.
663 1292 756 1357 Unde
774 1292 915 1375 accepit
935 1300 968 1354 te
989 1293 1145 1375 pretium,
1175 1293 1209 1353 in

106 1377 201 1462 quod
215 1376 295 1439 mihi
310 1377 395 1440 bene
414 1375 617 1459 complacuit,
638 1374 756 1438 solidos
768 1383 892 1452 tantos,
913 1373 959 1434 ita
974 1385 1010 1435 ut
1025 1375 1064 1436 ab
1081 1374 1211 1447 hodier-¹

106 1481 152 1520 na
168 1458 221 1520 die
235 1459 392 1542 quicquid
407 1458 448 1521 de
469 1479 519 1520 me
535 1480 628 1521 servo
647 1467 723 1535 tuo,
744 1457 827 1519 sicut
845 1465 878 1516 et
902 1455 942 1517 de
967 1457 1093 1539 reliqua
1116 1478 1209 1516 man·

106 1540 197 1624 eipia
213 1551 289 1620 tua,
312 1545 418 1602 facere
434 1540 586 1619 volueris,
601 1541 619 1601 d
636 1540 688 1601 die
706 1548 872 1620 praesente
894 1537 1027 1615 liberam
1047 1547 1078 1600 et
1097 1539 1210 1598 firmis·

105 1623 223 1686 simam
252 1623 286 1682 in
308 1619 455 1685 omnibus
476 1622 592 1684 habeas
619 1630 816 1706 potestatem.
871 1620 913 1681 Et
936 1621 1024 1699 quod
1046 1619 1117 1681 fieri
1142 1641 1208 1681 non

105 1705 226 1783 eredo,
247 1704 275 1765 si
299 1705 399 1766 fuerit
419 1704 487 1765 ulla
499 1703 653 1786 quislibet
665 1724 801 1786 persona
823 1701 881 1782 qui
899 1713 1010 1763 contra
1027 1701 1111 1762 bane
1127 1723 1209 1764 ven·

105 1786 284 1863 ditionem,
306 1808 402 1867 quam
423 1808 483 1868 ego
500 1807 569 1846 mea
583 1795 756 1870 spontanea
775 1786 940 1845 voluntate
961 1783 1029 1844 fieri
1053 1791 1085 1844 et
1111 1782 1209 1842 adfir-

105 1889 198 1930 mare
220 1870 351 1951 rogavi,
372 1867 428 1949 qui
447 1875 557 1929 contra
572 1890 641 1929 eam
668 1866 791 1948 aliquid
812 1886 905 1950 agere
938 1866 989 1926 vel
1016 1864 1209 1926 calumniam

107 1971 265 2033 generare
281 1950 465 2027 conaverit,
486 1949 569 2010 illud
586 1951 674 2031 quod
696 1947 813 2030 repetit
831 1954 904 2008 non'
917 1946 1079 2024 vindicet,
1102 1954 1134 2006 et
1155 1945 1208 2005 in-

106 2053 207 2114 super
222 2043 333 2093 contra
355 2032 408 2092 cui
424 2033 514 2094 litem
533 2031 680 2118 intulerit
701 2029 771 2091 auri
796 2030 910 2091 libram
936 2051 1055 2106 unam,
1083 2027 1209 2170 argenti

106 2113 220 2198 pondo
245 2113 391 2197 quinque
421 2123 549 2178 coaetus
574 2115 736 2192 exsolvat,
771 2111 908 2175 ethaeo
940 2111 1086 2177 venditio
1140 2129 1208 2172 rma

107 2207 304 2282 permaneat.

478 2323 622 2408 Epistola
642 2322 846 2390 collectionis.
936 2345 939 2350 ·

191 2440 253 2514 Xl.
294 2439 357 2502 Nos
376 2460 505 2524 quoque
525 2439 559 2498 in
573 2438 635 2499 Dei
659 2438 787 2500 nomine
806 2438 1014 2500 matricularii
1036 2438 1145 2500 Sancti
1166 2437 1207 2498 il-

106 2517 195 2601 litis,
218 2524 296 2584 dum
309 2522 471 2584 matutinis
485 2521 573 2582 boris
589 2522 629 2581 ad
646 2521 725 2582 ostia
744 2521 843 2601 ipsius
860 2521 1024 2585 Ecclesiae
1039 2521 1208 2581 observan-

108 2607 150 2666 da
169 2603 446 2680 convenissemus,
469 2602 578 2684 ibique
605 2602 801 2664 infantulum
826 2603 1127 2686 sanguinolentum,
1148 2621 1209 2682 pe-

107 2687 216 2749 riculo
234 2684 344 2746 mortis
367 2685 575 2761 imminente,
596 2683 711 2766 pannis
736 2683 918 2746 involutum
941 2684 1143 2760 invenimus,
1175 2691 1210 2742 et

107 2770 214 2850 ipsum
235 2789 293 2850 per
313 2769 456 2828 triduum
477 2788 535 2827 seu
553 2765 691 2849 amplius
709 2767 794 2847 apud
807 2768 918 2850 plures
932 2765 1080 2828 homines
1101 2763 1209 2846 inqui-

106 2853 242 2914 sivimus
260 2849 333 2930 quis
352 2870 445 2910 suum
458 2869 526 2912 esse
543 2847 682 2925 diceret,
706 2857 738 2908 et
754 2869 818 2908 nou
856 2848 1046 2925 invenimus,
1068 2847 1122 2909 cui
1147 2868 1208 2906 no·

107 2955 183 2994 men
212 2932 315 3013 ipsum
337 2929 554 3014 imposuimus.
595 2929 659 2992 Sed
674 2939 784 3012 postea
805 2929 923 3012 pietate
946 2930 1207 3004 interveniente,

109 3024 142 3077 et
156 3012 287 3075 Domini
300 3013 518 3074 misericordia
535 3011 724 3093 opitulante,
743 3011 847 3092 ipsum
864 3005 1061 3072 infantulum
1081 3008 1207 3070 bomini

108 3095 221 3176 aliquo
235 3092 364 3156 nomine
379 3095 437 3155 illo
450 3093 490 3154 ad
503 3094 715 3154 nutriendum
730 3093 874 3154 dedimus
886 3118 894 3165 ;
917 3103 953 3154 ut
966 3094 1012 3170 si,
1034 3097 1103 3154 Deo
1117 3101 1208 3175 prae·

108 3179 203 3256 sule,
226 3177 442 3254 convaluerit,
472 3175 577 3257 ipsum
597 3175 631 3234 in
653 3176 719 3236 suis
745 3175 882 3236 servitiis
908 3197 945 3237 ac
969 3175 1089 3238 solatiis
1117 3175 1208 3236 iuxta

108 3258 192 3341 legis
213 3259 361 3319 ordinem
387 3257 547 3335 retineatj
574 3258 638 3318 Pro
667 3279 733 3338 quo
771 3257 911 3339 pretium
938 3257 1137 3340 accepimus,
1171 3255 1206 3314 in

108 3339 198 3422 quod
216 3339 307 3400 nobis
321 3339 403 3402 bene
425 3339 635 3419 complacuit,
658 3338 820 3400 valentem
842 3341 899 3401 sol.
920 3349 1034 3404 tantos.
1054 3343 1098 3400 Ut
1116 3359 1207 3421 prae·

108 3443 183 3485 sens
199 3423 334 3504 epistola
351 3421 470 3482 firmior
486 3421 545 3494 sit,
564 3421 709 3481 manibus
724 3421 861 3502 propriis
877 3443 952 3482 eam¹
967 3421 1076 3482 subter
1097 3421 1208 3480 firma·

108 3503 230 3580 vimus,
253 3514 284 3564 et
297 3503 389 3564 bonis
407 3503 592 3571 bominibus
605 3503 816 3564 roborandam
840 3503 1059 3580 decrevimus,
1088 3523 1206 3564 secun·

109 3585 186 3646 dum
201 3585 388 3646 sententiam
405 3586 492 3646 illam
506 3606 588 3666 quae
609 3584 680 3644 data
710 3593 756 3644 est
776 3606 816 3646 ex
837 3607 969 3669 corpore
989 3582 1206 3646 Theodosiani

110 3667 185 3727 libri
212 3667 337 3746 quinti,
361 3667 493 3729 diceus:
514 3668 551 3727 Si
571 3669 641 3748 quir
661 3667 812 3748 infantem
843 3669 863 3726 ia
898 3668 1045 3746 sanguine
1077 3667 1204 3738 emerit,

107 3750 138 3807 si
156 3750 308 3808 nutritum
329 3748 473 3827 domiuus
503 3749 550 3808 vel
575 3759 668 3830 puter
694 3771 764 3809 eum
792 3751 929 3834 recipere
958 3749 1117 3820 uoluerit,
1152 3759 1207 3806 aut

108 3829 247 3890 eiusdem
268 3832 374 3890 meriti
394 3832 604 3916 mancipium,
637 3842 690 3892 aut
719 3833 856 3911 pretium
886 3832 1025 3892 nutritor
1055 3841 1207 3910 quantum
1287 3897 1291 3904 .

106 3912 244 3971 valuerit
264 3925 479 3994 consequatur.
520 3915 563 3974 Et
587 3919 623 3972 ut
652 3932 802 3994 praesens
834 3911 968 3994 epistola
996 3910 1118 3990 firmior
1145 3909 1205 3987 sit,

107 4013 204 4054 manu
226 4002 333 4054 nostra
348 3993 479 4076 propria
501 4013 569 4054 eam
588 3993 697 4056 subter
712 3993 931 4074 firmavimus,
953 3991 1091 4057 ethonis
1104 3991 1206 4056 homi·

109 4074 204 4138 uibus
224 4075 436 4140 roborandam
458 4073 668 4140 decrevimus.
711 4075 836 4144 Actum.
