2658 4978
170 299 237 368 156
391 321 421 372 n.
454 321 537 376 cun
645 323 886 376 carnuntum
986 327 1048 392 sca.

250 457 411 522 XXXVI.
454 462 611 524 Volumus
631 471 667 520 ut
687 462 769 522 sicut
785 463 815 521 in
836 464 976 524 secundo
996 465 1078 524 libro
1099 467 1248 548 Capitulu-

168 564 240 602 rum
258 543 462 604 decessorum
484 567 521 604 ae
538 543 779 626 progenitorum
801 555 980 606 nostrorum
996 549 1188 627 continetur,
1207 573 1249 611 ca-

164 625 270 709 pitulo
289 648 372 701 xxiv,
385 623 466 686 haee
488 628 646 708 capitula,
670 649 752 707 (lirae
768 649 856 688 trisne
875 637 909 688 et
934 629 997 688 alio
1015 639 1153 710 tempore
1181 655 1248 692 con-

165 709 251 768 sultu
265 707 412 768 fidelium
426 719 609 770 nostrorum
624 710 641 768 1
659 709 749 768 nohis
767 709 941 770 constituta
955 719 1052 787 sunt,
1075 713 1093 771 b
1125 715 1248 774 Cance'-

164 791 246 850 lario
268 798 376 850 nostro
391 789 653 873 Archiepiscopi‚
676 801 708 851 et
724 793 863 852 Comites
883 813 995 852 eorum
1011 794 1050 856 de
1067 796 1197 876 propriis
1212 799 1248 856 ci·

165 872 335 950 vitatibus,
356 873 452 933 modo
468 882 524 932 aut
543 895 602 955 pcr
620 896 653 934 se
676 884 730 933 ant
743 895 801 956 per
817 897 890 935 suos
910 876 1022 936 Missos
1038 876 1204 958 accipiant;
1226 891 1250 940 et

163 956 386 1038 unusquisque
406 977 570 1034 persuum
590 956 916 1020 dioecesimscaeteris
945 958 1132 1040 Episcopis,
1159 960 1250 1020 Abba-

164 1038 269 1112 tibus,
301 1037 499 1113 Comitihus,
529 1049 583 1097 aut
617 1037 689 1098 aliis
714 1039 863 1100 fidelibus
888 1039 1003 1100 nostris
1031 1061 1067 1100 ea
1102 1045 1251 1102 transcribi

165 1121 308 1198 faciant,
331 1120 413 1180 etin
441 1121 506 1180 suis
529 1122 731 1180 comitatibus
747 1144 853 1180 coram
872 1122 1021 1182 omnihus
1038 1123 1198 1203 relegant,
1224 1139 1252 1187 ut

163 1198 410 1263 cunctis'nostra
431 1203 590 1262 ordinatio
610 1213 641 1264 et
659 1205 807 1264 voluntas
829 1213 904 1264 ncta
929 1203 999 1264 fieri
1024 1206 1131 1286 possit.
1181 1211 1251 1268 Crin-

161 1285 312 1345 cellarius
335 1294 442 1344 autem
461 1296 572 1346 noster
587 1287 717 1345 nomina
738 1286 972 1368 Episcoporum
986 1296 1018 1346 et
1034 1288 1189 1347 Comitum
1204 1289 1250 1369 qui

162 1389 198 1428 ea
220 1367 365 1448 accipere
393 1370 595 1444 curaverint,
626 1378 734 1444 notet,
762 1377 794 1428 et
820 1390 858 1428 ea
887 1370 927 1430 ad
958 1379 1100 1428 nostram
1125 1371 1251 1430 notitiam

160 1452 325 1532 perferat,
349 1459 384 1508 ut
407 1451 516 1510 nullus
540 1449 603 1510 hoc
626 1450 880 1531 praetermittere
898 1461 1089 1532 praesumat.

245 1531 423 1592 XXXVII.
465 1534 507 1592 Et
524 1533 678 1614 quoniam
703 1532 813 1594 fideles
831 1533 930 1592 nostri
947 1533 980 1594 in
1011 1532 1079 1594 istis
1099 1535 1153 1614 qui
1170 1534 1252 1595 inSe·

161 1637 266 1695 quarm
302 1615 383 1674 fiunt
408 1614 492 1673 etin
519 1615 590 1674 aliis
617 1615 766 1695 operibus
805 1614 968 1692 laborant,
998 1622 1032 1674 et
1063 1615 1250 1698 heribergum

161 1708 316 1772 nostrum,
335 1697 423 1776 quod
439 1697 613 1778 praeterito
630 1718 715 1756 anuo
731 1696 863 1756 hiclicri
881 1697 1041 1774 iussimuS,
1059 1697 1198 1760 homines
1219 1700 1251 1760 (16

160 1777 217 1836 illa
234 1789 324 1861 parte
341 1783 508 1861 Sequanae
526 1780 558 1839 in
579 1780 651 1839 istas
671 1789 775 1860 partes
798 1779 1041 1854 venientes,·et
1060 1781 1100 1840 de
1119 1781 1182 1843 istis
1195 1803 1251 1862 par·

163 1861 248 1920 tibus
265 1863 297 1920 in
319 1861 390 1922 illas
403 1872 512 1944 partes
526 1871 639 1922 euntes
651 1862 880 1922 destruxerunt
892 1881 951 1942 per
964 1863 1175 1938 occasionem,
1188 1864 1250 1944 quia

160 1943 194 2005 in
218 1943 559 2005 illocontradebitam
585 1944 801 2005 reverentiam
831 1964 962 2003 manere
1001 1954 1196 2025 coeperunt,
1227 1955 1251 2005 et

161 2047 250 2085 nune
269 2025 353 2086 istud
372 2025 578 2108 heribergum
599 2049 665 2087 non
685 2025 754 2087 sine
784 2025 893 2086 labore
925 2033 957 2084 et
987 2026 1156 2106 dispendio
1186 2027 1250 2086 lide·

159 2107 241 2167 lium
256 2115 440 2168 nostrorum
453 2109 523 2169 fieri
541 2111 700 2186 fecimus,
732 2108 882 2169 volumus
902 2117 934 2168 et
958 2129 1108 2189 expresse
1136 2109 1250 2168 manda-

159 2212 228 2251 mus
245 2200 281 2250 ut
295 2192 377 2250 sicut
400 2191 511 2250 necin
529 2202 640 2258 nostro
660 2191 802 2272 palatio,
826 2192 868 2250 ita
883 2211 943 2250 nee
958 2191 991 2249 in
1017 2192 1076 2250 isto
1100 2191 1248 2270 heribergo

161 2273 278 2353 uliquis
298 2272 379 2333 alius
394 2273 463 2334 sine
483 2283 590 2334 nostra
607 2273 746 2334 iussione
765 2294 895 2334 manere
917 2282 1118 2354 praesumot,
1142 2295 1194 2334 nec
1220 2273 1248 2330 il-

159 2355 217 2414 lud
235 2355 352 2437 aliquis
371 2356 521 2420 destruat.
535 2357 631 2433 Quod
648 2356 673 2415 si
689 2356 806 2436 aliquis
823 2355 1097 2436 praesumpserit,
1118 2356 1177 2414 etl
1194 2377 1249 2413 cus·

159 2436 304 2512 todibus,
331 2460 411 2519 quos
430 2438 470 2498 ad
483 2437 724 2519 hocdeputatos
743 2432 912 2515 habemus,
937 2437 1028 2496 nobis
1055 2447 1166 2496 notum
1193 2439 1247 2495 sac·

158 2529 227 2578 tum
251 2521 369 2595 fuerit,
393 2541 458 2580 non
484 2520 554 2580 sine
588 2521 695 2581 debita
722 2519 864 2580 vindicta
895 2530 1120 2602 praesumptor
1144 2520 1247 2580 evadet.

159 2602 245 2679 Quia
265 2624 391 2684 semper
411 2601 511 2683 parati
530 2604 785 2677 essevolumus,
809 2613 840 2662 et
859 2625 914 2663 vos
933 2611 1060 2683 paratos
1084 2623 1150 2662 esse
1172 2600 1245 2658 iube·

158 2707 248 2763 mus,
271 2693 307 2746 ut
333 2687 366 2745 in
402 2685 469 2746 istis
496 2684 659 2765 partibus,
683 2694 714 2744 et
741 2685 774 2742 iu
798 2684 868 2744 aliis
892 2685 1142 2765 quibuscunque
1172 2681 1248 2742 nobis

159 2787 290 2829 necesse
308 2767 423 2844 fuerit,
448 2777 479 2828 et
498 2777 610 2826 cont-ra
626 2769 771 2848 Paganos
794 2777 827 2826 et
854 2778 964 2834 contra
990 2765 1071 2826 alios
1103 2786 1247 2846 quoscun-

157 2870 239 2929 que,
262 2850 344 2912 sicut
358 2849 559 2912 consuetudo
574 2849 656 2916 fuit.
680 2860 712 2908 et
729 2849 825 2908 vestri
842 2857 1061 2908 antecessores
1079 2848 1189 2908 nostris
1206 2867 1248 2902 an-

159 2933 373 2994 tecessoribus
392 2932 549 2992 auxilium
564 2932 803 3012 praebuerunt,
822 2941 870 2992 .et
886 2951 941 2992 vos
962 2929 1054 2990 nobis
1076 2932 1211 2991 debitum
1225 2937 1247 2986 et

159 3015 375 3074 necessarium
403 3015 598 3073 adiutorium
628 3013 841 3088 exhibuistis,
877 3012 920 3070 itu
960 3033 1049 3072 nuuc
1076 3023 1107 3072 et
1140 3030 1247 3090 semper

158 3097 373 3156 communiter
393 3097 432 3155 ad
456 3097 516 3155 Dei
540 3097 738 3157 voluntatem
762 3105 795 3154 et
820 3103 945 3156 sanctae
974 3095 1140 3156 Ecclesiae
1168 3103 1248 3172 atque

157 3177 250 3237 istius
276 3177 524 3239 Christianitatis
552 3178 791 3250 defensionem,
833 3187 867 3238 et
892 3185 1031 3236 nostram
1063 3195 1247 3237 communem

157 3259 295 3322 salutem
314 3271 345 3320 et
361 3282 472 3341 pacem
490 3261 699 3320 obtinendam
720 3270 751 3320 et
769 3259 1007 3320 defendendam
1032 3259 1067 3338 in
1093 3258 1246 3326 omnihus,

157 3352 315 3422 quantum
337 3344 425 3404 Deus
455 3343 611 3402 auxilium
637 3349 797 3422 praestare
828 3343 976 3424 dignatus
1000 3341 1124 3420 fuer-it,
1161 3337 1246 3423 parati

155 3445 285 3508 semper
305 3433 337 3486 et
355 3425 389 3486 iu
414 3425 563 3486 omuibus
587 3425 693 3486 simus.

462 3555 511 3616 Er
534 3577 609 3616 rosr
632 3575 711 3614 usuc
741 3574 840 3614 curra
862 3574 967 3617 arcus.

239 3672 262 3732 1.
305 3669 677 3744 Mouemusfidelitatem
697 3678 831 3730 vestram
856 3676 892 3727 ut
914 3665 995 3728 haec
1021 3669 1167 3730 similiter
1197 3665 1243 3724 ob·

157 3754 311 3831 servetis,
335 3764 367 3814 et
387 3775 513 3835 semper
527 3752 610 3812 sicut
625 3752 686 3811 Dei
711 3760 742 3811 et
763 3749 864 3813 nostri
886 3749 999 3810 dilecti
1027 3752 1137 3812 fideles
1159 3745 1243 3831 parati

133 3835 225 3897 -sitis
244 3847 298 3913 ut,
332 3837 359 3897 si
392 3837 561 3897 necessitas
593 3834 684 3894 nobis
708 3833 872 3908 evenerit,
903 3841 957 3892 aut
978 3844 1089 3893 contra
1115 3835 1243 3912 Paganos

156 3928 213 3978 aaut
230 3929 339 3986 contra
364 3939 577 4002 quoscunque
602 3917 712 3993 alios„
731 3925 767 3976 ut
797 3915 902 3996 statim
929 3917 1058 3996 quando
1083 3913 1243 3989 unicuique

156 4002 292 4062 nuntius
308 4002 451 4078 venerit,
474 4011 528 4062 aut
544 3999 636 4062 nobis
656 4019 786 4059 necesse
804 3995 960 4072 audierit,
991 3997 1060 4057 sine
1088 3997 1153 4056 ulla
1175 3993 1242 4054 dila-

155 4084 244 4144 tione
263 4084 423 4144 hostiliter
441 4093 646 4166 praeparatus
663 4081 694 4140 in
716 4080 777 4142 Dei
799 4089 831 4141 et
852 4088 995 4138 nostrum
1016 4079 1191 4152 servitium,
1211 4071 1243 4131 ad

152 4189 357 4228 cornmunem
378 4168 548 4228 utilitatem
564 4165 662 4249 possit
682 4185 810 4234 uterere
833 4172 865 4222 et
888 4161 1063 4222 certissime
1086 4161 1173 4221 nobis
1202 4175 1243 4215 oc·

156 4241 296 4311 currere.
338 4251 380 4312 Et
397 4253 544 4314 volumus
572 4260 605 4310 et·
628 4268 775 4334 expresse
798 4245 981 4308 mandamus
1005 4255 1039 4309 ut
1073 4244 1240 4330 quicunque
