2712 4992
495 302 602 390 unsa
631 299 761 354 narnus
1111 285 1183 359 303

56 455 194 535 ponat,
218 446 286 530 ipso
315 443 375 504 illo
399 462 457 524 per
481 440 682 504 fideiussores
707 439 828 526 positos
861 443 939 500 tunc
968 437 1010 504 od
1043 452 1184 508 nostram

53 530 228 597 studeatis
248 527 389 610 dirigere
409 523 631 610 praesentiam.

181 697 184 703 ,
461 655 579 718 Charta
598 655 777 718 audiential
796 699 805 716 .

159 773 311 838 XXVIII.
352 770 413 835 Ille
441 771 511 832 Rex
538 771 589 834 alr
616 772 752 832 inluster
778 769 837 831 illo
870 766 1006 832 Comite.
1063 770 1187 835 Fidelis

58 859 146 921 Deo
180 856 321 941 propitio
351 863 460 916 noster
489 853 546 915 ille
572 853 613 914 ad
637 853 852 936 praesentiam
882 861 1022 913 nostram
1052 855 1187 917 veniens

60 939 270 1004 clementiae
292 939 384 1021 regni
413 937 514 1000 nostri
544 938 698 1019 suggessit
727 957 765 996 eo
788 934 876 1017 quod
902 936 1052 1018 pagensis
1080 949 1188 1000 vester

63 1028 132 1086 ille
157 1025 263 1085 eidem
282 1031 400 1082 terram
419 1042 508 1081 suam
530 1020 563 1080 in
579 1021 650 1081 loeo
674 1026 881 1100 nuncupante
903 1019 961 1080 illo
983 1041 1042 1101 per
1059 1021 1188 1080 fortiam

63 1109 205 1170 tulisset
225 1113 347 1187 etpost
368 1125 401 1167 se
423 1103 562 1164 retineat
586 1103 726 1180 iniuste,
749 1110 781 1160 et
808 1101 933 1160 nullam
961 1101 1115 1163 iustitiam
1147 1127 1188 1166 ex

65 1191 141 1252 boc
167 1189 251 1272 apud
278 1189 383 1271 ipsum
411 1185 566 1267 consequi
587 1185 695 1267 possit.
735 1185 909 1266 Propterea
939 1183 1189 1252 Ordinationem

70 1281 280 1357 praesentem
298 1271 339 1331 ad
365 1290 428 1332 vos
445 1268 639 1340 direximn's3
673 1287 732 1350 per
758 1287 853 1346 quam
879 1266 1012 1327 omnino
1040 1267 1188 1331 iubemus

72 1367 114 1418 ut
139 1357 208 1438 ipso
229 1353 289 1414 illo
303 1351 412 1414 taliter
432 1352 669 1434 constringatur
689 1349 832 1431 qualiter
852 1349 878 1409 si
901 1349 944 1409 ita
967 1349 1082 1432 agitur,
1103 1353 1188 1413 hanc

72 1461 206 1500 causam
235 1446 347 1498 contra
374 1435 438 1494 iam
472 1433 559 1495 dieto
589 1434 647 1493 illo
682 1432 807 1515 legibus
843 1433 972 1493 studeat
1004 1435 1188 1514 emendare.

69 1525 173 1582 Certe
201 1520 227 1580 si
253 1517 407 1596 noluerit,
430 1524 463 1578 et
488 1525 563 1578 ante
584 1538 639 1576 vos
660 1525 747 1577 recte
776 1536 841 1576 non
864 1515 989 1587 finitur,
1013 1527 1189 1578 memorato

66 1604 133 1664 illo
156 1603 248 1665 tultis
270 1599 511 1662 fideiussoribus
531 1597 684 1660 kalendas
714 1599 786 1659 illas
807 1597 848 1658 ad
869 1607 1011 1660 nostram
1031 1620 1105 1661 eum
1123 1621 1189 1660 om-

65 1687 217 1750 nimodis
243 1685 381 1768 dirigere
405 1681 530 1745 faciatis
551 1680 775 1765 praesentiam.

459 1811 624 1876 {radiculas
649 1811 696 1873 ad
714 1811 807 1875 laico.

159 1930 285 1994 XXIX.
323 1929 387 1992 Ille
407 1929 476 1991 Rex
501 1927 552 1991 vir
573 1927 711 1989 inluster
738 1927 800 1994 illi.
841 1928 964 1994 Fidelis
996 1938 1107 1993 noster
1130 1929 1187 1994 ille

69 2016 118 2078 ad
148 2014 362 2099 praesentiam
384 2021 524 2074 nostram
549 2012 684 2074 veniens
711 2011 803 2072 nobis
832 2014 987 2097 suggessit
1004 2015 1102 2097 quasi
1129 2038 1186 2078 ros

74 2123 153 2162 eum
175 2098 265 2156 nulla
293 2105 443 2158 manente
461 2117 556 2156 causa
578 2094 611 2152 in
633 2095 681 2155 ria
709 2095 913 2158 adsallissetis
937 2107 968 2158 et
990 2099 1129 2180 graviter
1149 2099 1187 2159 li-

74 2182 266 2258 vorassetis,
297 2191 329 2242 et
358 2178 457 2240 rauba
483 2199 541 2238 sua
567 2179 601 2237 in
626 2178 743 2238 solidos
766 2186 870 2240 tantos
900 2180 1007 2240 eidem
1034 2182 1194 2254 tulissetis

75 2266 134 2328 vel
162 2273 233 2346 post
250 2284 306 2324 vos
326 2260 491 2323 retineatis
516 2258 670 2334 indebite,
695 2268 726 2320 et
749 2261 873 2321 nullam
889 2261 1043 2323 iustitiam
1068 2285 1108 2324 ex
1125 2264 1189 2326 hoe

76 2349 167 2429 apud
192 2368 246 2406 vos
269 2365 468 2426 consequere
492 2344 598 2426 possit.
647 2345 820 2424 Propterea
840 2354 1042 2426 praesentem
1061 2347 1190 2407 Indicu-

76 2432 150 2491 lum
177 2430 216 2488 ad
238 2450 292 2488 vos
312 2427 500 2504 direximus,
520 2447 579 2508 per
601 2447 698 2506 quem
718 2426 851 2487 omnino
875 2427 1022 2488 iubemus
1042 2438 1077 2487 ut
1098 2429 1124 2488 si
1139 2439 1189 2488 ta·

76 2513 157 2575 liter
190 2510 306 2593 agitur,
330 2511 370 2570 de
393 2518 561 2592 praesente
589 2508 652 2569 hoe
676 2517 786 2568 eontra
808 2508 958 2570 iamdicto
985 2509 1044 2569 illo
1062 2509 1190 2592 legibus

77 2594 233 2657 studeatis
256 2593 436 2658 emendare.
478 2593 573 2652 Certe
595 2591 621 2651 si
650 2589 836 2667 nolueritis,
872 2599 905 2652 et
929 2591 1054 2673 aliquid
1077 2602 1190 2652 contra

76 2679 145 2739 hoc
167 2675 345 2737 habueritis
369 2673 456 2756 quod
481 2694 656 2756 opponere,
680 2694 744 2732 non
769 2673 863 2734 aliter
884 2675 939 2734 fiat
963 2675 1026 2734 nisi
1049 2683 1190 2736 vosmet-

76 2761 142 2843 ipsi
168 2781 226 2842 per
255 2758 345 2817 bunc
372 2757 557 2818 lodiculam
584 2755 770 2824 commoniti
797 2755 951 2818 kalendas
974 2757 1046 2818 illas
1075 2757 1189 2840 proxi-

76 2865 146 2902 mas
169 2843 209 2903 ad
235 2850 376 2902 nostram
409 2840 547 2900 veniatis
573 2839 787 2921 praesentiam
814 2839 918 2902 eidem
945 2838 986 2902 ob
1018 2839 1081 2902 hoc
1109 2840 1190 2904 iute-

77 2947 175 3010 grum
198 2933 229 2986 et
251 2923 356 3006 legale
381 2921 457 2983 dare
477 2943 676 3004 responsum.

180 3113 181 3122 ,
424 3052 637 3114 Commutatio
660 3074 729 3113 cum
750 3054 842 3134 Rege.

165 3169 265 3230 XXX.
310 3169 372 3232 Ille
394 3170 463 3230 Rex
490 3167 548 3229 illo
576 3169 666 3250 Regi.
715 3169 804 3230 Nihil
828 3169 889 3231 sibi
918 3171 1056 3267 quisque
1081 3173 1191 3236 cerni·

82 3265 139 3316 tur
166 3252 342 3314 minuendo
373 3251 529 3336 quicquid
562 3273 578 3313 e
614 3262 725 3312 contra
753 3253 912 3334 recipitur
938 3277 971 3313 1n
1008 3268 1191 3338 augmento.

81 3341 168 3400 Dum
194 3335 356 3396 internos
378 3344 413 3397 et
434 3335 571 3395 inlustre
593 3337 665 3396 viro
683 3336 740 3396 illo
764 3335 962 3397 unanimiter
988 3340 1141 3399 convenit
1156 3350 1193 3400 ut

82 3422 155 3481 loca
174 3417 283 3498 aliqua
312 3418 398 3479 inter
423 3439 480 3478 nos
504 3427 696 3478 commutare
719 3418 927 3496 deberemus,
959 3441 1017 3481 nos
1044 3419 1191 3485 dedimus

84 3503 116 3564 ei
138 3501 255 3562 locello
277 3509 483 3584 nuncupante
506 3500 562 3559 illo
591 3501 623 3557 in
649 3522 729 3582 pago
748 3501 817 3576 illo,
841 3524 915 3560 eum
938 3502 1099 3564 colonicas
1119 3506 1192 3569 illas

85 3586 138 3648 vel
159 3605 268 3644 ornnes
291 3583 484 3646 adiacentias
510 3603 621 3642 eorum
648 3593 679 3641 et
704 3583 818 3659 merito
845 3605 921 3662 suo,
943 3594 1008 3644 tam
1033 3586 1191 3668 domibus,

85 3667 263 3748 mancipIIS,
286 3667 400 3743 vineis,
423 3665 525 3744 silvis,
546 3665 675 3748 campis,
696 3666 805 3747 pratis,
827 3665 964 3745 pascuis,
987 3668 1038 3730 vel
1057 3670 1193 3752 reliquis

86 3749 334 3831 quibuscunque
358 3749 536 3827 beneficiis,
558 3749 777 3829 quodcunque
800 3743 857 3808 ille
880 3747 933 3809 rel
960 3750 1054 3811 fiscus
1083 3765 1194 3816 noster

87 3834 122 3893 iu
151 3832 216 3914 ipsa
239 3833 308 3892 loca
332 3831 472 3894 tenuisse
494 3833 648 3896 noscitur.
689 3833 730 3890 Et
761 3830 829 3912 ipse
857 3831 938 3890 haec
964 3843 1076 3893 eontra
1104 3836 1193 3899 dedit

88 3915 178 3975 nobis
199 3917 285 3975 orani
307 3915 453 3998 portione
471 3936 526 3975 sua
548 3915 636 3994 quod
656 3913 690 3974 in
714 3913 791 3974 villa
817 3914 873 3975 illa
890 3914 925 3972 in
948 3937 1029 3997 pago
1052 3917 1109 3977 illo
1134 3919 1193 3979 lra-

87 3998 192 4059 buisse
214 3998 300 4059 visus
321 4009 378 4074 est,
403 3998 638 4076 comitemque
663 3997 825 4073 domibus,
853 3998 1049 4080 mancipiis,
1077 3999 1192 4078 vineis,

89 4081 187 4157 silvis,
209 4082 261 4142 vel
280 4080 414 4162 reliquis
439 4080 685 4162 quibuscunque
700 4079 889 4156 beneficiis,
903 4101 1116 4164 quaecunque
1136 4085 1195 4147 ibi·

90 4164 161 4224 dem
184 4162 306 4240 habuit,
329 4173 360 4224 et
386 4185 443 4222 nos
464 4185 523 4244 pro
548 4162 671 4221 animae
703 4173 827 4222 nostrae
855 4162 1035 4224 remedium
1062 4166 1106 4225 ibi
1134 4169 1193 4232 de-

90 4245 202 4308 dimus.
234 4249 437 4332 Quapropter
457 4246 544 4308 hunc
570 4245 781 4330 Praeceptum
806 4245 846 4308 ad
870 4245 1002 4309 modum
1024 4264 1194 4316 commuta·
