2786 4980
246 325 383 386 scna.
496 323 634 381 asena
670 323 904 385 suanensem
985 319 1066 384 ‘aas
1118 303 1215 380 ‚21

110 467 239 534 servitia
255 478 359 530 tamen
381 463 508 548 regalia
526 464 611 526 infra
632 465 833 544 comitatum,
855 463 889 524 in
920 483 988 547 quo
1014 467 1216 550 consistunt,

110 553 237 616 faciant.
1214 591 1216 598 ι

188 633 266 700 vll.
307 633 351 695 Et
384 651 497 692 omnes
535 649 645 690 eornm
671 628 906 712 possessiones,
934 629 1002 692 sire
1038 632 1218 715 apriciones

109 722 195 780 inter
214 737 248 778 se
268 714 432 790 rendere,
454 710 685 788 concambiare,
707 733 766 773 seu
783 713 923 788 donare,
944 719 1145 798 posterisque
1162 738 1217 777 re·

110 804 262 882 linquere
294 797 428 858 omnino
457 794 560 857 liceat.
602 794 695 854 Etsi
722 793 805 858 tilios
826 804 882 855 aut
905 805 1040 876 nepotes
1065 819 1131 858 non
1156 798 1217 858 ba-

110 883 262 955 huerint,
285 879 376 940 iuxta
394 881 497 960 legem
518 897 630 936 eornm
651 875 706 935 alii
726 877 868 960 ipsorum
882 877 1059 959 propinqui
1079 881 1144 942 illis
1161 881 1218 943 he·

112 963 285 1028 reditando
313 961 500 1035 succedant,
534 957 575 1018 ita
604 956 759 1020 videlicet
787 968 825 1019 at
852 959 1040 1042 quicunque
1060 985 1222 1026 successe.

114 1051 202 1125 rint,
224 1045 354 1108 servitia
377 1041 520 1123 superius
535 1049 708 1101 memorata
721 1042 907 1123 persolvere
923 1062 988 1102 non
1001 1056 1218 1108 contemnant.

203 1126 297 1189 Vlll.
338 1125 437 1186 Simul
457 1123 552 1185 etiam
566 1123 803 1205 praecipientes
819 1123 1029 1206 iniungimus,
1050 1138 1087 1189 nt
1107 1129 1218 1190 nullus

119 1212 285 1275 hominurn
304 1207 344 1270 de
365 1228 458 1288 saepe
479 1206 660 1266 memoratis
687 1225 800 1266 eorum
818 1205 1043 1291 aprisionibns,
1059 1210 1114 1272 rel
1131 1209 1222 1272 villis

118 1317 192 1358 cum
225 1289 361 1375 propriis
401 1288 565 1365 terminis,
616 1287 823 1370 propriisque
868 1309 980 1350 earum
1028 1293 1145 1354 finibus
1186 1301 1220 1354 et

115 1373 319 1448 adiacentiis,
363 1371 514 1432 iniustam
549 1370 814 1452 inquietudinem
845 1371 912 1434 illis
937 1371 1060 1437 inferre
1087 1395 1221 1458 praesu·

114 1469 198 1534 mat,
220 1464 276 1516 aut
295 1454 439 1534 aliquam
452 1453 704 1514 minorationem
716 1463 827 1514 conns
842 1455 948 1537 legem
966 1456 1073 1520 faeere
1093 1456 1220 1529 audeats

112 1543 169 1604 sed
188 1540 285 1602 liceat
300 1535 347 1598 eis
365 1536 449 1618 ipsas
459 1557 512 1598 res
529 1557 603 1598 cnm
623 1536 858 1618 tranquillitate
875 1538 961 1618 pacis
978 1548 1091 1601 tenere
1105 1547 1222 1623 etpos-

112 1624 242 1699 sidere,
264 1629 298 1681 et
317 1619 497 1680 secundum
518 1618 686 1700 antiquam
701 1620 970 1682 consuetudinem
999 1622 1122 1704 ubique
1145 1642 1221 1706 pas·

114 1729 176 1769 cua
191 1703 337 1778 habere,
359 1711 391 1762 et
405 1701 495 1782 ligna
511 1701 667 1780 caedere,
690 1710 723 1764 et
742 1723 899 1798 aquarum
924 1705 1040 1767 ductus
1071 1725 1130 1788 pro
1155 1704 1221 1768 suis

117 1784 379 1861 necessitatibus,
422 1783 608 1864 ubieunque
643 1805 817 1866 pervenire
861 1787 1051 1868 potuerint,
1090 1787 1222 1850 nemius

120 1867 381 1944 contradicente,
403 1866 491 1928 iuxta
511 1867 654 1949 priscum
678 1887 801 1928 morem
820 1889 948 1952 semper
965 1869 1140 1942 deducere.

204 1981 264 2049 IX.
307 1976 340 2043 Si
356 1989 462 2041 autem
476 1979 527 2040 illi
544 1989 678 2062 propter
696 1979 865 2043 lenitatem
888 1990 922 2043 et
940 1983 1229 2046 mansuetudinem·

120 2065 256 2131 Comitis
274 2064 341 2139 sui,
359 2064 476 2124 *eidem
506 2063 623 2123 Comiti
640 2062 774 2150 lionoris
792 2073 823 2123 et
836 2064 982 2149 obsequii
1003 2067 1104 2149 gratia
1129 2065 1223 2151 qnip-

116 2151 205 2236 piam
221 2150 261 2209 de
281 2147 376 2208 rebus
391 2146 456 2209 suis
472 2143 699 2223 exhibuerint,
721 2167 787 2206 non
810 2146 873 2208 hoc
893 2147 939 2210 eis
955 2171 1014 2231 pro
1032 2150 1153 2210 tributo
1169 2149 1221 2211 vel

116 2255 220 2296 censu
235 2231 344 2312 aliquo
362 2237 584 2310 computetnr3
607 2249 713 2310 neque
731 2229 844 2291 Comes
861 2229 916 2291 ille
938 2241 994 2292 ant
1009 2233 1224 2304 ¹successores

117 2318 190 2378 eius
219 2313 282 2373 hoc
305 2311 340 2375 in
366 2310 635 2380 consuetudinem
660 2310 774 2374 venire
806 2322 1003 2392 praesumat;
1036 2336 1142 2397 neque
1169 2335 1223 2378 eos

116 2397 178 2462 sibi
192 2397 243 2457 rel
264 2393 451 2455 hominibus
470 2392 537 2454 suis
556 2403 611 2453 aut
631 2392 875 2455 mansionaticos
893 2418 1028 2478 parare,
1056 2407 1111 2458 ant
1128 2418 1225 2458 rere.

118 2483 176 2542 dos
194 2479 288 2554 dare,
311 2485 367 2536 aut
393 2476 497 2536 ullum
519 2497 651 2536 censum
689 2475 742 2537 vel
768 2475 925 2536 tributum
954 2488 1008 2538 aut
1036 2480 1224 2558 servitium,

118 2570 248 2647 praeter
271 2557 410 2640 id'quod
425 2557 487 2617 iam
507 2559 653 2640 superius
673 2558 941 2638 comprehensum
970 2568 1032 2636 est,
1063 2570 1225 2643 praestare

121 2651 222 2726 cogat.
263 2642 328 2702 Sed
349 2643 445 2702 liceat
467 2649 530 2700 tam
549 2641 617 2702 istis
632 2641 798 2723 Hispanis,
821 2642 878 2721 qui
895 2643 1055 2722 praesenti
1084 2653 1227 2724 tempore

110 2729 155 2787 'in
173 2723 427 2801 locisresident,
450 2735 545 2806 quam
561 2721 611 2784 his
630 2723 686 2805 qui
714 2722 818 2782 adhuc
840 2724 877 2783 ad
899 2731 1040 2783 nostram
1063 2723 1159 2786 fidem
1187 2726 1227 2786 de

121 2810 310 2890 iniquorum
333 2808 489 2887 potestate
506 2805 661 2888 fugiendo
679 2803 916 2882 confluxerint,
938 2806 1016 2866 etin
1032 2806 1164 2866 desertis
1184 2817 1228 2866 at-

120 2914 185 2974 que
204 2888 338 2951 incultis
356 2887 510 2968 locisper
529 2896 668 2948 nostram
691 2887 744 2950 rel
772 2888 906 2949 Comitis
937 2889 1037 2951 nostri
1065 2890 1228 2950 licentiam

122 2974 339 3036 consedentes
366 2970 512 3034 aedilicia
539 2971 696 3048 fecerint,
719 2979 752 3030 et
778 2991 870 3050 egros
893 2971 1108 3050 incoluerint,
1138 2972 1228 3034 iuxta

121 3055 343 3138 supradictum
360 3047 490 3129 modum
504 3053 565 3114 suh
578 3064 685 3114 nostra
699 3052 888 3115 defensione
900 3065 996 3136 atque
1014 3055 1227 3138 protectione,

123 3141 157 3200 in
180 3138 305 3198 nnitaitc
321 3135 395 3196 fidei
419 3145 451 3195 et
474 3135 560 3217 pacis
579 3135 825 3218 tranquillitate,
846 3137 1006 3216 residere,
1029 3149 1062 3204 et
1079 3139 1171 3200 nobis
1191 3163 1228 3200 ea

123 3242 208 3302 qnae
229 3218 377 3300 superius
401 3218 564 3294 diximus,
585 3227 650 3277 tam
677 3239 751 3279 cnm
774 3219 898 3280 Comite
925 3241 1000 3299 sno,
1031 3243 1128 3301 quam
1155 3245 1229 3284 cnm

123 3303 229 3365 Missis
244 3302 325 3443 epp),
345 3321 405 3382 pro
422 3300 574 3384 temporis
596 3301 833 3384 opportunitate
857 3302 1006 3365 alacriter
1026 3313 1122 3386 atque
1146 3306 1227 3370 fide.

123 3387 202 3450 liter
224 3384 298 3446 exii
323 3404 386 3447 ere.

209 3488 252 3551 X.
294 3488 452 3552 Noverint
470 3493 634 3570 praeterea
651 3487 749 3550 iidem
768 3488 901 3570 Hispani
926 3488 987 3550 sibi
1014 3490 1179 3555 licentiam
1211 3493 1229 3552 d

126 3572 221 3636 nobis
237 3593 303 3634 esse
320 3593 502 3633 concessam
520 3578 556 3630 ut
570 3591 604 3631 se
629 3570 663 3630 in
686 3572 877 3633 vassaticum
898 3573 1031 3633 Comitis
1052 3574 1164 3651 nostri,
1189 3574 1232 3634 si-

126 3651 255 3720 autulii
272 3651 555 3731 franeihomines,
578 3655 812 3715 commendent.
853 3655 895 3712 Et
913 3655 938 3714 si
963 3655 1096 3736 aliquod
1125 3656 1228 3716 hene-

125 3742 237 3804 ficium
256 3738 554 3818 quisquameornm
571 3737 610 3806 ab
637 3758 675 3797 eo
704 3737 759 3798 cni
780 3758 814 3798 se
847 3737 1094 3814 commendavit,
1128 3738 1229 3797 snserit

125 3831 344 3897 consecutus,
365 3818 445 3880 sciat
461 3819 547 3880 sede
566 3819 625 3880 illo
639 3819 703 3882 tale
720 3818 910 3900 obsequium
927 3819 1047 3879 seniori
1062 3840 1120 3879 suo
1141 3818 1231 3878 exhi,

126 3907 205 3969 here
221 3903 360 3979 dehere,
382 3901 476 3982 quale
497 3911 652 3962 nostrates
671 3901 817 3962 homines
838 3901 878 3964 de
894 3900 991 3961 simili
1004 3901 1163 3964 beneficio
1183 3922 1231 3962 se-

128 3985 276 4049 nioribus
292 3984 357 4046 suis
383 3983 536 4066 exhihere
550 3984 665 4058 solent.

212 4093 254 4151 Ut
269 4099 376 4156 antem
399 4089 459 4150 liae
483 4098 609 4150 nostrae
638 4089 754 4170 regalis
786 4085 982 4150 auctoritatis
1003 4085 1129 4147 litterae
1155 4107 1230 4173 erga

127 4171 259 4236 eosdem
276 4176 433 4252 Hispanos
444 4181 558 4233 tenore
572 4173 784 4252 perpetuent
801 4169 949 4232 omnibus
972 4167 1120 4232 fidelibus
1132 4178 1230 4234 'sanc-

128 4266 180 4320 tae
196 4257 259 4318 Dei
274 4255 436 4324 Ecclesiae
456 4263 487 4318 et
503 4255 618 4317 nostris
634 4255 865 4319 iuviolabiliter
878 4259 1121 4333 conserventur,
1134 4279 1237 4320 mann-
