2658 4978
195 313 229 370 e.
248 313 327 373 cnr.
432 312 557 370 ueoou
590 313 807 371 ruauconuu
909 319 971 374 seo
1077 296 1148 372 119

72 469 122 507 nen
135 448 286 518 Ecclesiae,
306 468 387 524 quarn
403 453 561 521 laeserunt,
580 464 643 508 sunt
660 452 803 510 habendae
821 460 906 526 atque
931 454 1041 508 tirmiter
1065 456 1149 510 deno-

74 521 162 577 tandae.
200 523 245 578 VI.
265 528 307 591 97·
327 525 387 577 383.

124 592 157 643 Er
172 592 244 645 item.
283 591 311 642 Si
329 593 389 662 quis
408 591 437 642 in
456 591 577 644 exercitu
595 591 664 643 infra
681 608 792 659 regnum
811 592 868 644 sine
894 591 1011 646 iussione
1035 591 1150 646 domini-

71 676 96 714 ca
110 678 151 730 per
167 662 221 711 vim
239 659 368 712 hostilem
386 661 492 729 aliquid
509 661 631 731 praedari
652 662 790 722 voluerit,
821 670 869 712 aut
896 662 1006 714 foenum
1032 664 1148 724 tollere,

17 733 21 740 '
71 740 108 782 aut
122 747 247 796 granum,
268 731 325 782 sive
343 747 441 800 pecora
460 732 559 782 maiora
576 731 621 782 vel
640 732 753 793 minora,
774 731 923 800 domosque
941 733 1089 798 inlrangere
1107 734 1150 784 vel

67 801 215 859 incendere,
241 797 312 850 haec
332 817 367 851 ue
386 800 454 851 fiant
481 801 590 852 omnino
616 800 797 870 prohibemus.
843 801 924 866 Quod
950 803 971 853 si
998 801 1031 853 ab
1057 803 1150 871 aliquo

67 869 262 940 praesumptiose
282 869 384 920 factum
404 869 502 930 suerit,
522 869 661 933 sexaginta
679 871 798 934 solidos,
817 868 838 919 si
856 869 926 922 liber
943 880 1002 934 est,
1036 872 1071 923 rit
1090 872 1149 924 cul-

67 937 167 1010 pabilis,
195 947 223 989 et
242 938 333 988 omnia
351 939 447 989 similia
474 941 618 1002 restituat,
648 949 696 991 aut
724 956 786 990 cum
814 937 957 990 duodecim
985 939 1099 994 testibus
1121 960 1149 994 se

67 1016 154 1078 purget.
190 1008 217 1058 Si
237 1025 302 1058 vero
320 1025 411 1059 servus
430 1007 483 1059 lroc
502 1009 613 1071 lecerit,
636 1009 747 1079 capitali
767 1007 868 1059 crimini
887 1007 1036 1072 subiaceat,
1057 1020 1084 1062 ct
1102 1010 1150 1061 ‹lo-

67 1079 139 1127 minus
156 1077 246 1126 omnia*
262 1077 361 1128 similia
382 1078 522 1140 restituat,
543 1079 606 1147 quia
624 1095 730 1130 servum
760 1095 837 1128 suum
865 1095 919 1129 non
947 1080 1060 1132 correxit
1093 1097 1144 1133 nec

68 1145 195 1199 custodivit
214 1156 245 1198 ut
263 1148 332 1198 talia
350 1164 405 1197 non
424 1157 607 1217 perpetraret3
635 1147 763 1218 quoniam
781 1145 803 1197 si
820 1163 868 1197 nos
886 1149 955 1216 ipsos
974 1149 1148 1212 comedimus,

67 1215 291 1269 citodesrciemrrs.
329 1217 523 1286 Unusquisque
541 1226 634 1268 tamen
652 1216 788 1269 custodiat
816 1217 968 1268 exercitum
991 1235 1087 1282 suurn,
1115 1238 1149 1272 ne

68 1285 145 1357 aliqua
162 1285 338 1354 depraedatio
356 1286 424 1336 infra
442 1303 553 1350 regnum
573 1287 630 1348 liat,
670 1287 699 1338 V.
720 1285 791 1350 atr,
814 1287 857 1336 Vl.
879 1287 940 1339 382.

123 1355 157 1406 Et
173 1355 246 1408 item.
286 1355 313 1406 Si
329 1354 388 1424 quis
407 1354 515 1408 domurn
535 1356 650 1407 alienam
670 1353 817 1407 cuiuslibet
834 1354 990 1422 infregerit,
1038 1355 1149 1425 rricquid

67 1423 150 1474 exinde
166 1439 214 1492 per
231 1424 288 1474 vim
307 1423 450 1476 abstulerit
468 1434 516 1476 aut
531 1425 669 1494 rapuerit,
689 1425 734 1478 vel
761 1424 907 1484 furaverit,
935 1372 1084 1476 securidunr
1111 1426 1150 1477 le·

68 1509 114 1558 gem
131 1509 184 1545 eam
202 1492 243 1544 illi
263 1494 343 1544 cuius
361 1493 456 1546 domus
475 1495 558 1546 suerit
575 1496 690 1545 infracta
709 1505 736 1547 et
753 1494 884 1563 spoliata,
903 1494 931 1544 in
948 1493 1058 1562 triplum
1078 1512 1150 1546 conr-

66 1571 150 1630 ponet.
169 1570 197 1614 et
214 1563 328 1631 insuper
346 1562 466 1614 bannum
484 1564 648 1616 dominicum
667 1564 761 1616 solvat
799 1563 826 1614 Si
845 1580 934 1614 servus
961 1561 1014 1613 lroc
1032 1563 1148 1626 iecerit,

66 1631 209 1683 sententiam
237 1633 405 1701 superiorem
432 1635 565 1703 accipiat,
603 1644 632 1686 et
657 1633 769 1703 insuper
791 1631 941 1684 seeundum
966 1632 1052 1696 lenem
1076 1651 1151 1684 suam

68 1701 273 1770 compositionem
293 1703 383 1755 iaciat.
420 1703 448 1753 Si
467 1703 596 1772 quislibet
615 1704 694 1755 lronro
719 1702 832 1772 aliquod
851 1702 905 1753 tale
924 1701 1049 1753 damnum
1068 1704 1151 1754 alicui

70 1770 150 1823 lecerit
165 1789 212 1836 pro
231 1788 291 1842 quo
310 1772 416 1840 plenam
436 1773 655 1843 compositionem
674 1773 763 1825 facere
783 1789 837 1823 non
854 1772 960 1833 valeat,
979 1773 1151 1840 semetipsum

68 1838 92 1888 in
122 1841 203 1892 wadio
229 1859 281 1906 pro
307 1858 384 1893 servo
411 1841 474 1895 dare
490 1843 600 1896 studeat
617 1861 703 1914 usque
722 1842 787 1895 dum
804 1841 912 1912 plenam
930 1843 1149 1912 compositionem

68 1906 190 1963 adhibeat.
225 1911 280 1962 ΙΙΙ.
300 1911 344 1967 65.

82 2022 124 2082 De
153 2023 310 2108 Capitalis
337 2035 438 2084 autem
467 2022 487 2082 t
508 2024 596 2085 nobis
615 2045 675 2108 per·
695 2045 819 2105 regnum
839 2038 981 2089 nostrum
1000 2025 1130 2088 directis

439 2108 501 2165 ista
522 2119 671 2190 excerpto
691 2120 771 2174 sunt.

123 2219 157 2272 Ut
172 2217 364 2291 unusquisque
381 2218 479 2270 Missus
496 2219 525 2270 in
542 2237 590 2271 suo
609 2220 743 2273 missatico
768 2222 947 2292 provisionem
974 2222 1092 2284 habeat,
1121 2230 1153 2275 ut

67 2288 85 2338 ti
100 2287 189 2358 aliquis
206 2290 241 2342 de
262 2290 359 2352 nostris
377 2287 503 2339 fidelibus
521 2307 568 2358 per
584 2289 750 2341 missaticum
771 2309 849 2342 suum
866 2292 1022 2354 transierit,
1051 2292 1102 2345 aut'
1112 2291 1152 2344 ibi

71 2359 200 2410 consistens
218 2361 267 2413 vel
286 2375 457 2410 commanens
475 2359 579 2427 rapinas
597 2360 642 2411 vel
661 2359 907 2429 depraedationes,
927 2370 976 2414 aut
999 2361 1064 2413 talia
1088 2362 1152 2412 inli-

71 2425 114 2477 cita
130 2429 219 2480 lecerit
237 2429 275 2480 de
294 2427 392 2498 quibus
411 2429 487 2480 Deus
507 2429 605 2480 ollendi
622 2428 708 2488 solet,
736 2439 763 2482 et
781 2431 896 2500 populus
915 2447 964 2501 pro
983 2432 1151 2500 oppressione
1245 2471 1251 2482 ,

70 2511 174 2560 geurere,
194 2508 331 2568 quatenus
345 2495 397 2546 hoc
416 2497 554 2550 subtiliter
573 2507 601 2550 et
618 2499 749 2550 veraciter
775 2499 936 2564 investiget,
956 2509 984 2552 et
1001 2499 1152 2552 secundum

68 2563 143 2629 legem
160 2568 299 2620 emendari
318 2565 417 2628 iaciat,
437 2565 571 2636 nobisque
589 2568 743 2632 renuntict3
766 2569 885 2636 qualiter
902 2568 966 2621 inde
987 2587 1034 2620 nos
1052 2569 1092 2620 sic
1109 2587 1155 2621 ors

69 2633 185 2695 dinamus,
198 2647 229 2689 ut
249 2653 302 2688 nec
321 2637 407 2704 ipsum
424 2652 475 2687 nec
494 2636 577 2687 alium
594 2635 646 2687 hoc
666 2655 742 2702 agere
761 2639 890 2690 delectet.
920 2637 1060 2691 Tiexrrl.
1073 2655 1096 2689 e.
1110 2655 1149 2692 ra.

124 2707 160 2757 Et
175 2709 248 2760 item.
285 2707 322 2756 Ut
341 2704 416 2756 Missi
435 2705 464 2756 in
481 2706 590 2757 illorum
608 2707 747 2758 missaticis
765 2724 856 2758 curam
875 2706 994 2758 habeant
1011 2723 1049 2758 ne
1063 2705 1151 2758 homi·

69 2788 107 2823 nes
122 2777 200 2829 nostri
218 2785 270 2827 aut
287 2773 468 2844 aliiquilibet
485 2776 587 2827 vicinos
604 2793 665 2826 suos
683 2777 794 2828 maiores
812 2778 855 2828 vel
881 2778 997 2828 minores
1029 2783 1151 2844 ternpore

69 2846 177 2910 aestatis,
198 2845 311 2917 quando
330 2844 364 2895 ad
382 2843 491 2894 herbam
511 2864 571 2896 suos
591 2844 712 2897 caballos
729 2847 857 2907 mittunt,
882 2846 926 2898 vel
946 2855 1066 2914 tempore
1085 2844 1154 2912 bye·

70 2913 123 2975 mis,
141 2916 248 2984 quando
268 2913 445 2965 marascalcos
463 2913 575 2966 illorum
593 2915 627 2965 ad
645 2915 749 2966 fodrum
769 2916 895 2980 dirigunt,
915 2916 1019 2968 vicinos
1037 2916 1152 2968 maiores

69 2983 105 3030 vel
122 2985 230 3038 minores
251 2983 459 3052 depraedentur.
495 2985 530 3035 Et
547 2983 568 3034 si
591 2984 704 3049 egerint,
724 2984 891 3044 boeotiam,
911 2994 942 3036 ut
958 2981 1151 3056 praediximus,

68 3054 181 3106 voraciter
196 3055 274 3107 Missi
292 3052 373 3103 nostri
391 3052 562 3120 investigent,
580 3063 608 3104 et
624 3051 748 3119 leg'aliter
767 3055 941 3108 emendatum
960 3053 1037 3106 nobis
1051 3072 1152 3106 renun-

70 3119 141 3186 tient3
162 3124 239 3176 utin
268 3123 377 3173 Seniore
399 3122 451 3172 hoc
471 3123 510 3174 sic
535 3122 706 3175 emendemus
729 3133 864 3194 quatenus
889 3123 1011 3176 homines
1036 3125 1098 3177 siros
1122 3125 1151 3176 in

70 3199 184 3255 potestate
202 3191 325 3254 habeat,
345 3200 372 3243 et
396 3191 518 3244 contenti
542 3192 597 3244 sint
621 3191 738 3256 debitis,
766 3203 794 3246 et
821 3193 942 3245 indebita
967 3193 1067 3248 iniuste
1095 3211 1151 3248 non

70 3271 192 3327 appetant.
228 3260 301 3313 Ibid.
322 3259 404 3314 c.13.

129 3332 185 3382 Duo
206 3332 337 3400 capitula
353 3329 497 3399 sequentia
514 3331 652 3397 pertinent
670 3329 710 3382 nd
724 3332 832 3384 titulum
848 3343 1034 3401 praesentem,
1051 3345 1078 3386 ec
1094 3351 1151 3385 non

69 3411 122 3448 tnnc
137 3403 250 3467 repetita
271 3419 306 3452 ex
323 3400 519 3468 superioribus.
1149 3402 1153 3410 ’

137 3469 295 3530 Volumus
314 3469 407 3529 etiam
426 3478 462 3527 ut
477 3465 516 3528 de
534 3465 700 3528 beneficiis
720 3468 890 3530 destruetis
910 3478 942 3530 et
961 3466 1059 3550 sylvis
1075 3489 1152 3528 ven·

71 3545 149 3623 ditis,
170 3561 234 3610 tam
254 3573 292 3612 ex
308 3550 494 3630 republica,
516 3571 611 3629 quarn
629 3572 668 3609 ex
686 3549 780 3612 rebus
803 3549 1043 3626 ecelesiasticis,
1064 3549 1152 3610 Missi

72 3631 156 3690 nostri
171 3655 281 3693 omncs
300 3633 501 3704 admoneant,
516 3640 552 3689 ut
565 3631 603 3690 de
623 3640 750 3692 caetero
765 3632 821 3713 qui
835 3633 890 3691 illa
904 3631 1021 3693 liabent
1035 3630 1152 3691 exinde

71 3729 97 3767 se
112 3723 250 3790 caveant,
274 3722 304 3774 et
322 3713 384 3776 hoe
399 3713 487 3794 quod
501 3712 583 3771 male
605 3723 710 3774 aetum
733 3723 790 3788 est,
808 3724 962 3794 quantum
978 3714 1152 3795 potuerint,

71 3795 223 3855 emendare
247 3805 437 3878 procurent,
467 3815 507 3854 ne
533 3794 706 3855 vindictam
733 3797 909 3857 secundum
956 3795 1152 3878 Capitularia

72 3875 336 3951 praedecessorum
352 3885 533 3938 nostrorum
552 3877 708 3938 sustinere
728 3887 891 3958 coguntur.
971 3929 974 3936 ,

139 3959 284 4039 Capitulu
305 3968 412 4020 autem
431 3959 538 4039 legum
563 3957 744 4019 divinarum
781 3970 875 4040 atque
897 3961 1150 4030 mundanarum,

72 4041 97 4093 et
114 4037 354 4120 Imperatorum,
378 4042 416 4102 de
431 4040 531 4118 raptis
552 4040 762 4118 seminarum,
785 4051 816 4102 et
842 4043 880 4104 de
906 4043 1151 4123 conspirationi·

71 4113 134 4192 bus,
155 4123 238 4182 etde
255 4121 549 4198 coniurationibus,
580 4132 613 4184 et
637 4123 676 4182 de
702 4123 918 4186 Ecclesiarum
950 4123 1152 4197 infracturis,

73 4207 153 4280 etque
174 4203 372 4267 Clerieorum
386 4203 709 4283 dehonorationibus,
733 4213 765 4267 et
782 4207 820 4268 de
842 4205 1017 4268 Comitibns
1043 4208 1154 4289 quiin
