2786 4980
169 327 219 402 et
416 344 448 403 e
466 343 545 400 cna.
649 340 893 401 carutium
995 347 1057 406 sas.

168 487 287 571 quibus
306 479 438 566 degitis,
459 482 622 564 refugium
643 483 855 566 tranquillum
872 484 1057 564 inveniant,
1079 492 1113 546 et
1137 501 1202 545 non
1221 486 1273 546 ta-

168 573 234 632 lem
249 565 530 649 depraedationem
548 577 584 626 ut
613 587 674 626 nec
697 567 822 626 incolae
849 566 960 629 vivere
987 589 1047 629 nec
1070 567 1272 650 fugientibus

168 651 320 715 solatium
333 647 456 730 possint
470 649 634 728 praehere.
655 648 739 726 Quia
756 669 844 710 nunc
860 651 1001 730 peccatis·
1014 653 1130 711 nostris
1141 651 1275 733 exigen-

167 735 255 797 tibus
275 731 456 808 completur
472 731 560 811 quod
581 731 659 790 olim
679 731 863 792 dictumest
885 753 944 814 per
963 733 1175 814 Prophetam:
1209 732 1276 810 Qui

160 815 285 899 fugerit
299 816 318 872 a
327 814 416 894 facie
434 813 553 884 leonis,
578 813 682 872 inruet
698 815 731 872 in
752 834 877 880 ursuru,·¹
897 827 1013 876 etcum
1032 818 1195 879 intraverit
1211 815 1275 875 do·

168 919 263 974 mum,
285 909 316 956 et
334 896 454 954 innisus
463 893 568 973 suerit
584 916 678 978 super
688 895 862 977 parietem,
882 895 1036 958 mordebit
1053 921 1121 959 eum
1134 898 1275 972 coluber.

169 980 213 1041 Et
227 1001 296 1039 oum
306 977 475 1057 effugerint
490 977 715 1056 aracaserrea,
737 979 862 1038 inritent
875 977 908 1036 in
928 999 1035 1039 arcum
1055 1003 1190 1048 aereum,
1231 979 1273 1038 In

169 1062 257 1123 omni
271 1061 358 1121 enim
373 1068 462 1141 parte
476 1058 598 1132 miseri,
619 1081 678 1142 pro
697 1059 806 1120 dolor!
828 1059 1033 1123 afflictionem
1048 1064 1232 1129 inveniunt.

169 1194 226 1272 (Ut
251 1193 418 1277 privilegia
440 1205 470 1250 et
491 1192 702 1251 immunitates
727 1191 939 1254 Ecclesiarum
958 1209 1133 1273 conseruet,
1156 1196 1274 1257 Recto-

168 1297 279 1360 resque
295 1277 421 1336 illarum
438 1295 501 1368 non
516 1275 678 1355 inquietet,
692 1296 747 1334 nec
753 1278 966 1358 possessiones
975 1276 1076 1361 diripi
1087 1280 1275 1364 permittat.)

250 1391 327 1452 Vll.
368 1390 410 1450 Et
433 1389 460 1450 si
478 1388 656 1450 Ecclesiam
676 1389 748 1466 Dei,
767 1389 851 1450 sicut
869 1390 961 1453 nobis
980 1392 1161 1475 scripsistis,
1175 1413 1274 1474 quae·

168 1475 238 1539 ritis
254 1483 452 1548 restaurare,
478 1471 584 1532 dehita
604 1472 771 1553 Episcopis
790 1484 823 1541 et
841 1473 902 1533 sihi
924 1474 1098 1536 commissis
1115 1474 1274 1536 Ecclesiis

165 1555 337 1642 privilegia
354 1555 558 1630 intemerata,
581 1553 665 1615 sicut
682 1553 838 1615 divinitus
858 1557 1030 1618 constituta
1046 1566 1141 1636 sunt,
1163 1565 1273 1619 custo-

167 1641 244 1704 dite.
285 1641 460 1716 Praecepta
485 1647 516 1696 et
542 1635 756 1698 immunitates
783 1646 816 1697 et
841 1637 999 1700 honorem
1028 1661 1154 1718 earum,
1186 1636 1273 1701 sicut

167 1743 245 1783 avus
274 1730 307 1780 et
340 1727 430 1800 pater
463 1727 568 1778 vester
603 1727 895 1797 conservaverunt,
932 1743 1120 1784 conservare
1151 1731 1274 1788 curate.

165 1805 208 1867 Et
227 1823 309 1884 qnae
328 1804 427 1862 frater
441 1810 546 1861 vester
564 1801 723 1862 Dominus
739 1811 863 1878 noster,
887 1803 942 1884 qui
961 1813 993 1864 et
1007 1813 1141 1886 paterna
1169 1806 1275 1866 dona-

165 1887 254 1949 tione
271 1893 303 1945 ct
321 1884 505 1960 vobiscum,
528 1904 602 1942 cum
619 1883 733 1946 vestris
756 1894 1001 1968 vestrorumque
1031 1885 1177 1947 fidelium
1204 1907 1275 1946 mn·

166 1969 231 2031 tuis
248 1965 467 2040 firmitatibus,
489 1967 582 2046 regni
601 1975 722 2045 partem
737 1967 874 2048 acecpit,
896 1989 954 2050 pro
977 1969 1067 2028 cultu
1092 1979 1123 2029 et
1146 1965 1274 2030 honore

166 2050 386 2114 Ecclesiarum
402 2047 489 2128 egit,
511 2049 659 2107 similiter
678 2059 878 2120 conservam
900 2058 933 2110 et
954 2052 1107 2111 Rectores
1131 2073 1167 2114 ac
1192 2052 1274 2111 Pas-

167 2145 252 2194 tores
270 2130 487 2190 Ecclesiarum
504 2138 540 2188 ut
554 2131 664 2190 Patres
680 2138 712 2189 et
731 2129 850 2190 Christi
871 2131 1027 2194 Vicariosi
1050 2134 1167 2211 colite,
1189 2132 1274 2193 sicut

168 2219 285 2278 Sancta
300 2213 465 2294 Scriptura
480 2212 647 2294 praecipit,
663 2213 788 2274 dicens:
811 2212 998 2274 Sacerdotes
1016 2215 1077 2274 Dei
1092 2215 1272 2298 sanctifico,

169 2312 200 2359 et
217 2297 368 2372 magnatis
387 2295 517 2353 leuinilia
535 2307 630 2374 caput
644 2307 738 2358 tuum.
778 2295 964 2375 Eorumque
984 2297 1139 2378 spiritalia
1161 2297 1271 2358 consi·

168 2381 212 2443 lia
227 2377 388 2450 obaudite,
409 2376 526 2436 iterum
543 2375 669 2437 dicente
684 2375 865 2458 Scriptura:
887 2384 1051 2456 Interroga
1063 2394 1170 2462 patres
1186 2392 1271 2450 tuos,-

169 2477 200 2525 οι
211 2459 445 2540 κιιιΙηιιηιίιιριιητ
460 2461 518 2519 tibi
527 2483 539 2527 ;
560 2460 694 2518 maiores
714 2472 801 2534 tuos,
824 2472 854 2518 et
884 2460 990 2520 dicent
1005 2462 1073 2526 titi.
1114 2463 1156 2521 Et
1173 2461 1274 2522 item:

169 2551 335 2620 Interroga
352 2541 540 2602 Sacerdotes
566 2561 650 2602 meos
682 2541 780 2618 legem
799 2561 915 2618 meam.
958 2543 999 2602 Et
1032 2545 1190 2604 Dominus
1214 2563 1276 2624 per

168 2625 357 2690 Malachiam
381 2623 594 2706 Prophetam:
617 2623 717 2684 Lalu'a
737 2622 920 2684 Sacerdotis
948 2625 1124 2685 custodient
1143 2626 1273 2684 scienti-

168 2731 240 2781 am,
265 2721 294 2768 et
313 2708 411 2786 legem
430 2708 589 2788 requirent
618 2725 660 2764 ex
688 2726 743 2765 ore
771 2707 853 2780 eius,
875 2707 949 2788 quia
977 2706 1115 2785 Angelus
1142 2707 1277 2767 Domini

170 2793 365 2854 exercituum
389 2799 444 2848 est.
484 2790 613 2867 Eosqne
632 2795 773 2868 tempore
791 2787 969 2869 incongruo
995 2799 1027 2849 et
1054 2789 1274 2872 inopportuno

169 2873 271 2935 nolite
298 2872 501 2952 inquietare;
532 2871 587 2931 sed
612 2869 708 2929 liceat
736 2869 781 2930 eis
811 2869 1025 2931 ministerium
1057 2882 1200 2946 sacrum,
1233 2873 1275 2932 ad

169 2955 259 3040 quod
274 2953 414 3014 ordinati
431 2962 527 3027 sunt,
551 2952 584 3010 in
597 2951 708 3031 populi
724 2952 860 3012 salutem
881 2973 1050 3034 peragere:
1074 2955 1200 3035 sibique
1219 2951 1275 3014 do-

169 3036 301 3097 mestica
322 3057 399 3094 cura
424 3034 584 3094 subiectos
607 3033 705 3093 nolite
724 3041 918 3112 concutere,
941 3044 972 3094 et
994 3057 1058 3095 non
1078 3036 1189 3098 sinatis
1213 3034 1275 3094 de·-

169 3119 342 3180 honestare
368 3116 433 3177 sive
462 3118 652 3198 opprimere.
695 3117 735 3174 Ut
764 3115 961 3197 Presbyteris
983 3117 1089 3178 honor
1110 3136 1274 3198 congruus

168 3209 204 3263 et
222 3200 292 3258 iuro
313 3198 439 3269 dehita,
464 3220 545 3278 quae
568 3201 715 3257 Canones
732 3207 763 3256 et
777 3199 925 3280 Capitnla
946 3198 997 3259 avi
1014 3210 1045 3260 ct
1061 3200 1157 3282 pat'ris
1173 3199 1274 3260 vestri

172 3290 370 3358 statuerunt,
393 3290 626 3341 conserventur
645 3279 784 3360 satagite.
827 3283 868 3340 Ut
893 3280 1043 3362 Episcopi
1064 3282 1206 3362 quietam
1230 3282 1275 3340 li-

171 3368 328 3427 bertatem
349 3385 419 3423 suas
434 3362 599 3443 parochias
614 3361 846 3440 circumeundi,
869 3371 900 3422 et
920 3365 1127 3444 praedicandi
1148 3387 1183 3424 ac
1198 3386 1276 3424 con-

172 3446 333 3522 firmandi,
357 3439 452 3526 atque
475 3444 655 3526 corrigendi
672 3443 810 3503 habeant
831 3444 987 3507 ordinate.
1016 3449 1057 3506 Ut
1071 3448 1183 3506 Missus
1206 3446 1276 3506 rei-

108 3579 110 3583 ,
174 3527 346 3614 publicae,
370 3528 481 3604 idest,
505 3528 650 3586 minister
668 3525 822 3604 Comitis,
846 3549 919 3588 cum
945 3528 1037 3610 ipsis,
1060 3529 1086 3588 si
1103 3529 1274 3604 iusserint,

168 3623 247 3688 cat,
271 3610 328 3692 qui
350 3611 468 3670 liberos
488 3609 635 3669 homines
651 3609 869 3687 incestuosos,
891 3611 917 3670 si
942 3633 1000 3691 per
1022 3610 1275 3671 admonitionem

168 3694 440 3776 *Presbyterornm
458 3691 568 3752 uenire
585 3691 624 3750 ad
637 3692 832 3772 Episcopum
850 3692 1031 3768 noluerint,
1055 3715 1108 3753 eos
1126 3694 1165 3752 ad
1184 3691 1275 3773 Epis·

177 3777 251 3858 copi
271 3776 425 3857 placitum
440 3773 678 3849 venircfaciat,
701 3774 931 3838 commendate.
974 3777 1017 3834 Ut
1045 3775 1070 3834 si
1096 3775 1275 3855 Episcopus

168 3881 235 3942 ,pro
254 3879 448 3940 quacunque
468 3857 655 3916 necessitate
669 3855 885 3916 ecclesiastica
902 3857 942 3917 ad
957 3876 1012 3917 vos
1045 3857 1211 3932 direxerit,
1234 3858 1277 3917 ad

177 3963 274 4022 quem
294 3961 369 4000 suus
381 3939 495 4003 Missus
520 3937 648 4013 veniat,
670 3959 729 4019 per
754 3957 850 4018 quem
865 3955 947 4018 quae
966 3938 1200 3999 rationabiliter
1216 3961 1278 4021 pe-

178 4025 266 4086 tierit
283 4022 442 4096 obtineat,
465 4022 498 4080 in
513 4020 631 4104 palatio
648 4030 770 4097 vestro,
793 4020 877 4081 sicut
892 4021 1005 4081 Comes
1028 4021 1138 4102 palatii
1166 4028 1214 4081 est
1239 4021 1276 4080 in

178 4105 281 4169 causis
300 4104 509 4186 reipublicae,
531 4102 708 4162 ministerio
725 4123 901 4184 congruum
924 4103 1132 4162 constitutum
1149 4103 1278 4164 habete.

177 4192 221 4250 nt
238 4189 433 4270 temporibus
456 4189 473 4246 al
496 4184 591 4246 sacris
630 4186 752 4268 regulis
781 4185 961 4246 constitutis
987 4185 1279 4267 comprovinciales

177 4271 324 4355 Synodos
337 4291 410 4332 cum
424 4268 600 4356 Episcopis,
624 4277 655 4330 et
674 4267 828 4352 speciales
844 4289 916 4330 cum
930 4267 1278 4356 Presbyteris,hahere
