2712 4992
212 251 288 329 370
681 271 862 330 srrrnorx

210 407 357 474 noscitur
381 410 590 494 pervenisse,
627 419 659 472 et
682 410 839 498 quioquid
873 413 891 474 b
922 415 975 480 die
1002 426 1163 500 praesente
1192 431 1272 488 nostra

209 503 259 556 est
284 492 441 588 possessio
468 494 517 555 vel
552 493 745 572 dominatio,
769 517 844 558 cum
868 498 956 558 omni
983 497 1053 562 iure
1082 508 1114 560 ct
1135 504 1233 565 merito
1252 519 1273 566 et

209 595 300 638 omns
329 595 365 636 re
398 573 594 656 inexquisita
622 577 885 660 qnandoquidem
910 582 1052 652 moriens
1085 582 1272 667 dereliquero,

210 656 245 717 in
271 665 376 718 vestra
396 655 540 719 debeatis
560 678 711 720 revocare
732 669 885 740 potestate
909 674 942 724 et
961 663 1183 743 dominatione,
1201 675 1227 728 et
1244 670 1255 728 f
1265 705 1273 718 ·

209 737 301 801 cistis
324 737 443 800 exinde
472 736 542 800 iure
567 739 776 822 proprietario
801 743 891 824 quod
917 746 1102 822 volueritis,
1135 757 1167 808 et
1192 750 1272 810 nullus

209 818 300 882 vobis
330 819 370 883 de
403 821 491 882 omni
517 820 696 884 hereditate
717 843 787 884 mea
819 825 989 910 repudiare
1010 848 1077 890 non
1103 829 1214 904 debeat,
1233 852 1272 895 nes

205 904 314 967 facere
334 902 434 988 possit
454 947 464 983 ,
490 902 697 987 stipulatione
717 904 861 968 subnixa.

666 1035 863 1102 Mandatum.

287 1153 373 1221 Lm,
413 1151 607 1216 Dulcissimo
626 1152 729 1214 amico
745 1175 817 1216 meo
837 1154 906 1232 illo,
931 1179 992 1242 ego
1014 1157 1082 1226 ille.
1111 1159 1191 1242 Rogo
1205 1168 1272 1241 alque

205 1235 343 1381 iniunpo
369 1237 499 1300 caritate
522 1246 578 1296 tun
605 1243 642 1296 ut
660 1234 731 1296 bias
753 1235 793 1300 ad
817 1237 920 1300 vicem
937 1261 1042 1303 meam
1063 1241 1104 1303 ad
1125 1240 1231 1302 civitate
1244 1243 1271 1302 il·

207 1319 249 1398 la,
278 1341 296 1380 a
341 1318 400 1380 illo
423 1317 592 1380 defensore
612 1327 645 1379 et
675 1317 734 1377 illo
760 1320 957 1399 professore,
988 1325 1043 1384 rel
1071 1322 1158 1384 curia
1177 1324 1272 1404 publica

204 1401 305 1485 ipsius
325 1400 475 1480 civitatis,
497 1410 530 1462 et
556 1399 640 1460 banc
670 1399 855 1480 epistolam,
882 1425 946 1486 quo
966 1426 1028 1487 ego
1053 1405 1136 1466 lilios
1164 1425 1232 1466 meos
1247 1405 1271 1464 il·

202 1483 253 1546 los
280 1484 313 1544 in
343 1483 443 1545 totius
473 1480 661 1544 hereditatis
689 1503 777 1544 meae
808 1483 951 1566 legitimo
981 1487 1179 1548 successione
1205 1487 1271 1546 insti·

88 1583 91 1592 ’
203 1575 296 1628 tuere
330 1574 363 1628 et
387 1563 546 1645 legitimos
571 1564 655 1625 lilios
676 1585 775 1641 meos,
798 1565 881 1628 sicut
901 1568 934 1628 in
952 1567 1053 1651 ipsius
1075 1569 1271 1651 epistolueter-

201 1656 238 1709 tu
266 1647 469 1723 continetur,
491 1647 694 1710 conscribere
719 1646 828 1719 volui,
859 1670 896 1710 ea
925 1651 1021 1732 gestis
1047 1650 1269 1731 municipalibus,

202 1737 239 1791 ut
268 1751 335 1792 mos
372 1739 405 1792 et
430 1727 484 1790 lex
512 1738 570 1806 est,
599 1729 687 1789 iuxta
721 1749 842 1790 morem
869 1739 903 1792 et
933 1733 1194 1794 consuetudinem
1219 1731 1270 1790 alli-

201 1833 276 1894 gare
308 1821 341 1872 ut
365 1833 406 1874 ue
436 1809 561 1870 firmare
592 1810 715 1884 facias,
742 1811 784 1872 ad
815 1817 1076 1894 prosecutionem
1107 1815 1269 1876 celebratam.

201 1893 301 2036 Qulod
326 1833 386 1956 tibi
406 1913 484 1976 rogo
510 1891 589 1954 mihi
609 1889 785 1956 rescribere
810 1893 937 1978 pigrum
963 1919 1030 1958 non
1056 1897 1208 1981 graveris,
1230 1895 1268 1955 sti·

199 1999 245 2062 pu
261 1985 379 2046 attone.

511 2104 720 2168 Heredituria
742 2104 782 2168 de
804 2106 987 2171 hereditate.

280 2222 364 2287 LIV.
406 2220 445 2284 lu
478 2219 609 2282 nornine
641 2219 782 2286 Domini.
842 2220 939 2282 Anno
965 2215 1026 2286 illo
1053 2226 1169 2286 Domni
1194 2225 1267 2286 nostri

200 2305 289 2368 illius
310 2302 422 2388 Regis,
452 2324 561 2364 mense
587 2303 663 2379 illo,
697 2312 783 2384 gesta
808 2302 915 2363 habita
937 2307 1022 2388 apud
1043 2307 1196 2368 laudabile
1218 2307 1268 2368 viro

199 2388 259 2449 illo
276 2387 446 2450 defensore
468 2395 501 2448 et
521 2385 577 2446 illo
597 2386 776 2468 professore
795 2384 847 2446 vel
869 2387 958 2447 curia
978 2389 1109 2472 publica
1129 2390 1215 2472 ipsius
1234 2389 1267 2448 ci-

200 2471 319 2549 vitatis,
342 2470 398 2531 ille
418 2469 470 2535 ait.
511 2468 637 2545 Quaeso
650 2467 751 2543 vobis,
773 2467 890 2549 optime
911 2469 1080 2547 defensor,
1102 2483 1136 2532 ut
1155 2471 1267 2531 mihico

200 2553 288 2616 dices
309 2551 455 2636 publicos
476 2558 584 2633 patere
605 2547 760 2627 iubentis,
783 2549 859 2631 quia
884 2549 986 2612 habco
1010 2555 1163 2634 quaedam
1183 2574 1266 2634 prose·

199 2657 300 2718 quere
325 2655 407 2716 quae
426 2643 590 2717 'gestorum
606 2632 798 2712 allegatione
820 2631 915 2714 cupio
936 2634 1092 2696 roborari.
1140 2637 1265 2698 Memora·

199 2717 225 2777 ti
257 2717 408 2778 defensor
439 2724 472 2778 et
500 2715 577 2775 ordo
603 2713 711 2774 curiae
735 2712 908 2776 dixerunt:
950 2717 1068 2778 Patent
1089 2717 1146 2778 tibi
1168 2715 1264 2777 codices

198 2799 333 2882 publici,
355 2818 548 2880 prosequere
575 2817 657 2877 quac
676 2805 773 2878 optas.
828 2796 890 2858 llle
922 2797 1022 2859 dixit:
1047 2798 1172 2861 Amicus
1198 2817 1262 2856 mens
1311 2861 1312 2876 ,

198 2883 256 2943 ille
284 2881 362 2942 mibi
395 2878 535 2940 iniunxit
562 2899 620 2962 per
647 2899 741 2937 suum
772 2878 954 2938 mandatum
983 2881 1167 2942 solemniter
1191 2879 1263 2940 robo·
1311 2899 1312 2930 i

196 2973 300 3025 ratum
324 2964 365 3023 ad
387 2959 637 3022 laudabilitatem
659 2970 796 3021 vestram
822 2962 975 3022 accedere
998 2963 1127 3042 debere,
1154 2973 1182 3024 et
1201 2962 1261 3020 banc
1311 2973 1312 2992 ¹

197 3047 384 3128 epistolam,
404 3065 500 3124 quum
524 3043 609 3124 ipse,
636 3040 719 3103 sicut
739 3050 844 3104 textus
868 3043 1027 3121 declarat,
1054 3047 1087 3106 in
1116 3044 1261 3128 praedictos

198 3129 281 3188 filios
307 3149 380 3188 suos
406 3127 480 3186 illos
505 3123 713 3205 conscripsit,
734 3145 793 3206 pro
814 3146 852 3186 eo
876 3125 964 3207 quod
984 3127 1018 3186 in
1044 3127 1126 3189 benc
1151 3127 1259 3208 ingenua

196 3212 317 3272 l'ersinn
341 3209 395 3268 illa
424 3209 509 3290 ipsos
539 3205 728 3290 generavit,
768 3216 802 3266 et
832 3208 1146 3271 tamen'chartolam
1180 3202 1258 3267 libelli

198 3293 280 3354 dotis
305 3291 334 3352 ei
362 3290 540 3352 secundum
573 3290 675 3370 legem
704 3309 768 3346 non
795 3289 991 3369 adfirmavit,
1032 3301 1191 3374 propterea
1213 3288 1257 3345 iam

197 3375 275 3437 dicti
306 3372 365 3434 filii
391 3369 566 3434 secundum
595 3372 700 3451 legem
727 3372 887 3432 naturales
913 3373 1136 3454 appellantur,
1158 3372 1194 3431 its
1214 3389 1257 3426 an·

194 3458 332 3519 tedictus
370 3463 460 3538 pater
493 3473 604 3514 eorum
637 3452 666 3512 ei
698 3453 890 3534 complacuit
926 3463 961 3515 nt
991 3455 1076 3537 ipsos
1110 3451 1256 3516 secundun

102 3569 106 3575 ·
195 3539 300 3622 legem
328 3539 501 3599 Romanam
534 3535 567 3596 in
602 3534 668 3616 ipsa
703 3533 829 3596 civitate
866 3545 939 3597 ante
976 3538 1099 3598 curiam
1127 3534 1255 3618 publicam

194 3621 310 3684 debeat
340 3621 373 3681 in
411 3617 554 3702 legitima
584 3618 682 3678 totius
708 3616 894 3679 hereditatis
926 3639 1000 3680 suae
1031 3619 1187 3681 instituere
1214 3613 1256 3672 he·

192 3705 346 3782 ruditate,
375 3701 418 3761 ita
449 3712 482 3763 et
500 3700 603 3776 fecit„
624 3700 701 3762 dum
722 3698 883 3780 improlis,
914 3721 975 3762 nec
1000 3700 1153 3786 legitimos
1174 3696 1255 3784 insan-

190 3795 238 3850 tes
260 3808 324 3846 non
344 3783 514 3860 bubucrit,
543 3783 626 3865 ipsos
647 3781 681 3841 in
705 3780 847 3864 legitima
872 3780 1050 3847 hereditate
1071 3806 1126 3867 pro
1139 3778 1254 3862 legitimo

191 3869 265 3930 filiis
286 3869 319 3930 in
346 3887 457 3931 omnes
486 3886 594 3926 causas
620 3863 759 3945 recepit;
789 3873 826 3926 ut
850 3864 1012 3948 praedicta
1043 3864 1166 3948 epistola
1187 3860 1254 3918 iuna

183 3973 312 4012 *morem
329 3960 361 4013 et
385 3947 651 4010 consuetudinem
670 3945 764 4028 gestis
786 3946 1034 4028 municipalibus
1045 3945 1165 4029 'alligari
1181 3950 1251 4019 atque

188 4034 306 4095 firmari
333 4031 455 4096 debeat.
508 4029 748 4112 suprascriptus
779 4028 930 4091 defensor
956 4051 1018 4090 nnn
1041 4051 1110 4094 cum
1135 4024 1190 4088 suis
1213 4040 1251 4079 cu·

187 4116 320 4179 cialibus
342 4116 392 4178 vel
420 4111 706 4198 subscriptionibus
734 4109 944 4175 instituerunt
979 4113 1032 4177 rel
1062 4105 1249 4176 inobodierunt
