2786 4980
154 377 205 452 70
405 390 436 446 s.
456 388 535 444 cas.
641 384 887 442 consumam
990 385 1050 456 ss7.

238 530 296 594 Vl.
339 527 374 592 Si
397 538 504 590 autem
524 524 642 610 aliquis
661 524 866 607 quiscunque
884 524 1077 588 inobediens
1100 521 1266 607 extiterit,

156 637 230 681 cum
250 633 373 676 summa
392 610 600 673 festinatione
616 609 709 670 nobis
728 618 840 669 notum
856 609 962 670 facere
979 618 1106 687 curent,
1120 619 1268 692 utquan-

155 699 260 760 tocius
285 695 325 757 ad
342 705 482 756 nostram
506 691 722 776 praesentiam
750 691 844 751 illum
873 692 985 753 venire
1018 691 1201 771 iubeamus,
1233 703 1268 756 et

153 783 283 864 dignam
310 777 470 839 ultionem
511 775 693 836 secuudum
720 773 878 836 iudicium
912 773 1058 836 fidelium
1080 783 1268 838 nostrornm

153 863 321 929 sustineat
1187 871 1191 878 '

237 945 313 1009 Vll.
355 943 398 1005 Et
415 941 459 1020 si,
481 937 569 1024 quod
597 939 699 1016 absit,
722 939 794 1000 talis
814 938 983 1000 emerserit
1003 940 1061 1023 qui
1075 941 1138 1002 Dei
1166 941 1266 1004 timo-

152 1051 222 1091 rem
237 1034 430 1110 postponat,
452 1034 485 1088 et
504 1022 754 1086 ecclesiasticam
770 1022 992 1084 anctoritatem
1016 1032 1210 1102 contemnat,
1230 1033 1267 1086 ct

150 1112 273 1194 regiam
287 1117 478 1192 potestatem
496 1105 653 1188 refugiat,
673 1107 753 1168 sciat
769 1105 973 1188 quiscunque
991 1105 1048 1167 ille
1073 1107 1174 1167 fuerit
1186 1107 1266 1189 quia

108 1195 114 1204 '
151 1204 186 1256 et
199 1193 379 1256 secundnm
396 1190 585 1252 canonicam
607 1190 832 1251 auctoritatem
847 1189 885 1248 ab
902 1190 1046 1250 omnium
1060 1188 1265 1252 Christiano-

152 1299 227 1338 rum
243 1282 359 1350 coetu·,
381 1283 413 1336 et
432 1272 449 1332 l
465 1280 592 1334 sauctae
609 1271 775 1334 Ecclesiae
794 1272 969 1350 consortio,
990 1281 1022 1335 ct
1042 1272 1077 1333 in
1096 1273 1202 1333 ’coelo
1230 1281 1265 1333 et
1352 1291 1356 1298 ·

142 1361 186 1422 „in
205 1369 290 1420 term
306 1355 432 1418 alienus
450 1353 628 1430 efficietur,
651 1365 683 1418 et
703 1354 805 1436 regali
827 1364 983 1436 potestate
1006 1363 1103 1438 atque
1117 1356 1265 1416 omnium

152 1441 247 1526 regni
264 1438 409 1502 fidelium
425 1435 660 1516 unanimitate,
681 1439 766 1499 sicut
786 1438 847 1498 Dei
869 1445 902 1499 et
924 1439 1089 1500 Ecclesiae
1111 1438 1263 1500 inimicus

152 1523 296 1606 stregai
317 1521 520 1598 devastator,
542 1531 758 1604 persequetur
779 1541 880 1604 usque
904 1519 982 1582 dum
998 1523 1128 1605 arogno
1152 1531 1264 1586 exter-

153 1609 307 1668 minetur.

236 1686 332 1751 Vlll.
373 1686 415 1746 Et
429 1685 456 1747 si
477 1683 595 1768 aliquis
611 1686 726 1746 Comes
738 1685 839 1747 fuerit
853 1684 911 1767 qni
931 1683 995 1746 hoc
1020 1684 1053 1744 iu
1080 1707 1138 1746 suo
1157 1684 1263 1748 comi-

153 1780 222 1834 tatu
246 1767 378 1845 fecerit,
400 1776 456 1828 aut
474 1768 519 1829 ibi
546 1768 609 1827 alia
635 1768 817 1830 increscere
843 1767 1027 1850 permiserit
1051 1777 1087 1829 ut
1112 1778 1167 1829 aut
1189 1770 1262 1851 ipse

151 1857 210 1915 illa
232 1874 299 1914 non
317 1851 469 1913 emendet
487 1859 543 1911 aut
558 1849 650 1912 nobis
672 1858 748 1911 uota
766 1873 831 1912 uon
847 1850 981 1928 fecerit,
1003 1860 1042 1911 ut
1060 1861 1165 1912 nostra
1181 1874 1264 1914 auc·

150 1938 263 2000 toritas
291 1933 367 1994 talia
387 1933 544 2015 corrigat,
566 1933 646 1994 sciat
667 1933 744 2015 quia
764 1934 863 1995 talem
882 1933 1076 1994 seutentiam
1090 1933 1167 1996 iude
1188 1957 1262 1996 sus·

150 2018 271 2083 tinebit
284 2016 369 2080 sieut
378 2023 520 2099 tempore
533 2025 770 2078 antecessorum
779 2025 963 2078 nostrorum
976 2016 1177 2078 consuetudo
1186 2017 1261 2078 luit.

234 2098 295 2165 lx.
336 2099 379 2161 Et
398 2097 424 2158 si
439 2097 542 2179 aliqui
560 2099 711 2161 iterantes
724 2099 989 2182 depraedationes
1006 2109 1039 2160 et
1054 2099 1181 2181 rapinas
1200 2121 1262 2182 per

150 2205 288 2266 reguum
306 2189 452 2243 nostrum
467 2181 626 2257 fecerint,
650 2190 682 2242 et
706 2181 858 2265 Episcopi
882 2205 919 2243 ac
939 2181 1027 2244 Missi
1049 2183 1100 2243 vel
1117 2183 1261 2244 Comites

150 2267 215 2328 hoc
231 2264 405 2328 emendare
428 2285 494 2324 nou
511 2264 689 2348 potuerint,
710 2286 807 2346 quam
829 2265 923 2325 citius
936 2274 1071 2348 possunt
1088 2265 1179 2326 nohis
1196 2287 1259 2325 uo·

150 2359 220 2412 tum
232 2350 339 2410 facere
358 2357 494 2424 curent,
517 2355 553 2406 ut
571 2345 737 2407 iubeamus
757 2346 841 2429 ipsos
861 2347 1087 2428 depredatores
1109 2369 1168 2430 per
1183 2369 1259 2409 ean-

150 2431 225 2493 dem
241 2431 326 2492 viam
345 2452 418 2491 cum
433 2430 530 2491 Misso
552 2438 661 2491 nostro
683 2429 809 2507 redire,
832 2439 864 2491 et
880 2429 939 2490 illa
956 2430 1064 2490 omnia
1084 2451 1167 2511 quae
1186 2453 1258 2490 ma-

150 2513 182 2574 le
202 2522 337 2596 egerant
353 2512 501 2594 legaliter
518 2513 708 2588 emendare,
732 2522 765 2574 et
784 2512 882 2573 talem
897 2513 1141 2594 harmiscaram,
1171 2512 1259 2574 sicut

150 2597 245 2657 nobis
268 2596 373 2658 visum
397 2595 515 2673 sumit,
538 2605 594 2655 aut
614 2594 793 2673 iudicium,
817 2595 901 2657 sicut
921 2617 995 2656 cnm
1016 2595 1167 2660 fidelibus
1185 2617 1259 2657 uos·

146 2679 205 2742 tris
222 2677 521 2750 consideravimus,
544 2677 713 2742 sustinere.
878 2675 883 2685 ’
1077 2753 1085 2760 .

232 2760 274 2826 X.
317 2759 352 2822 Si
373 2769 480 2821 antem
501 2759 613 2822 dilecti
632 2761 739 2822 fratris
756 2763 856 2822 nostri
879 2769 933 2821 aut
954 2768 1107 2842 nepotum
1128 2767 1258 2820 nostro-

145 2843 387 2907 rum'homiues
402 2842 544 2920 suerint,
566 2843 622 2925 qui
639 2843 716 2902 talia
738 2844 880 2925 egerint,
902 2853 935 2904 et
952 2841 1015 2901 hoc
1039 2841 1130 2904 uobis
1158 2841 1259 2901 inno-

146 2937 286 3003 tescant,
309 2934 347 2986 ut
360 2925 430 3000 i'lis
449 2935 561 2986 uotum
575 2925 749 3000 faciamus,
773 2935 805 2985 et
819 2925 869 2986 illi
891 2947 965 2986 suos
989 2923 1151 3002 homines,
1172 2925 1260 2986 sicut

147 3007 215 3071 illis
232 3007 351 3068 melius
368 3007 473 3066 visam
497 3008 612 3085 fuerit,
635 3007 675 3069 de
691 3008 808 3068 talibus
825 3008 978 3088 castigare
994 3017 1188 3090 procurent,
1211 3007 1259 3067 si-

147 3101 203 3152 cut
221 3100 254 3150 et
270 3112 327 3150 nos
345 3099 469 3149 nostros
488 3090 633 3152 homines
650 3091 804 3172 castigare
832 3091 996 3165 volumus,
1019 3089 1045 3150 si
1070 3087 1103 3147 in
1124 3087 1259 3150 illorum

145 3173 254 3254 regnis
272 3171 458 3234 indecentia
481 3182 513 3232 et
531 3173 640 3255 aliqua
663 3174 776 3252 noxia,
799 3173 887 3256 quod
911 3171 1009 3250 absit,
1032 3172 1139 3233 lacere
1160 3192 1258 3256 prae·

144 3255 349 3338 sumpserint.

302 3436 604 3498 COLLECTIO
647 3437 712 3498 DE
755 3435 1093 3499 RAPTORlBUS.

142 3527 271 3630 Sanctus
291 3575 435 3641 Gregorius
454 3576 481 3625 iu
498 3574 580 3627 Libro
599 3575 729 3628 Pastorali
748 3575 829 3630 dicit:
849 3575 1026 3628 Ammouendi
1045 3583 1109 3628 suut
1124 3575 1173 3645 qul
1189 3577 1258 3632 slie-

139 3664 175 3698 na
194 3665 288 3718 rapere
307 3646 488 3706 contendunt,
504 3657 535 3698 ut
550 3646 669 3698 sollicite
688 3647 882 3768 audiantquid
901 3647 1012 3699 veniens
1030 3645 1060 3698 in
1077 3645 1179 3700 iudicio
1197 3651 1257 3700 Do-

136 3719 230 3769 minus
259 3717 351 3768 dicat:
388 3715 504 3767 Esnrivi
526 3719 620 3775 enim,
650 3729 677 3767 et
696 3735 753 3769 uon
779 3716 811 3770 de
833 3719 892 3770 istis
909 3716 977 3768 miti
1002 3714 1182 3775 manducare.
1218 3719 1257 3771 Et

138 3799 253 3841 caetera.
292 3784 400 3856 Quibus
419 3785 503 3838 dicit:
532 3784 670 3839 Discedite
689 3805 706 3838 a
723 3805 781 3848 me,
809 3786 970 3847 maledicti,
999 3789 1138 3855 inignem
1163 3800 1257 3840 aeter·

136 3877 201 3912 num
219 3859 270 3930 qni
284 3868 401 3926 paratus
417 3869 456 3907 est
474 3856 587 3908 diabolo
607 3869 633 3908 et
648 3857 758 3926 angelis
774 3861 843 3911 eins.
899 3857 968 3908 Hinc
987 3874 1049 3922 ergo
1067 3856 1257 3922 colligendum

72 3940 76 3946 '
136 3939 177 3980 est
195 3935 298 3997 quanta
315 3927 489 3979 damnatione
509 3926 649 3995 plectendi
669 3937 733 3978 suut
752 3928 800 3998 qui
816 3927 906 3984 aliena
923 3927 1042 3998 rapiunt,
1063 3927 1085 3978 si
1103 3935 1178 3981 tanta
1196 3929 1258 3980 aui·

135 3998 322 4050 madversioue
340 3996 476 4048 feriuntur
494 3998 543 4067 qui
568 4015 617 4048 sua
638 3996 785 4050 indiscrete
803 4007 963 4053 tenuerunt.
1002 3997 1178 4066 Perpendant
1196 4016 1255 4069 quo
1290 3993 1293 3998 ’

136 4086 181 4120 eos
201 4067 304 4134 obliget
322 4076 398 4118 reatu
417 4084 459 4119 res
477 4077 569 4136 rapta,
599 4069 621 4118 si
644 4067 691 4118 tali
713 4068 825 4121 subiicit
845 4085 951 4138 poenae
969 4085 1024 4118 non
1041 4067 1150 4120 tradita.
1189 4071 1257 4120 Per-

132 4139 257 4208 pendaut
276 4137 344 4207 quid
363 4148 484 4190 meretur
501 4137 639 4188 iniustitia
658 4137 754 4199 inlata,
781 4141 803 4190 si
825 4146 902 4191 tanta
921 4138 1095 4207 percussione
1116 4138 1197 4206 digna
1212 4150 1257 4192 est

132 4210 224 4279 pictas
246 4224 301 4257 nou
325 4208 457 4276 imponam
495 4207 616 4259 Audiaut
643 4217 779 4278 raptores:
818 4211 873 4262 Vae
899 4211 925 4260 ei
944 4212 994 4276 qui
1010 4210 1177 4278 multiplicat
1195 4229 1256 4260 non

134 4297 184 4330 sua
207 4295 349 4346 usquequo
370 4291 395 4327 et
410 4276 553 4344 adgravat
572 4289 671 4328 contra
694 4297 722 4330 se
748 4277 966 4332 dcnsumlntnm.
1009 4280 1132 4330 Densum
1160 4280 1254 4330 lutum

136 4356 235 4402 corrtra
254 4365 282 4398 se
302 4347 466 4414 adgravare,
495 4357 536 4401 cst
557 4358 663 4400 terrena
681 4347 758 4402 lucra
778 4354 839 4402 cu'ur
854 4351 973 4424 pondere
993 4350 1101 4422 peceati
1127 4350 1256 4404 cumula-
