2658 4978
153 348 187 405 t.
219 339 295 398 cun
403 303 527 394 ardun
564 303 780 398 anacam
889 342 951 402 too.
1064 327 1141 405 '117

68 492 124 632 llp),
144 503 244 578 nequo
261 476 409 543 werribo.
451 477 506 542 Sic
526 467 576 541 ino
593 480 681 545 Deus
702 479 844 562 adiuvet,
863 491 895 546 et
915 483 994 551 istae
1014 496 1140 554 sancus

92 592 105 630 θ
117 585 221 650 lqlllile.

69 697 252 784 corfirmoa'o
281 697 447 762 Saniorum
472 709 652 761 nostrorum
677 697 793 779 Regum
819 699 914 765 modo
942 699 1029 788 apud
1057 701 1141 767 Cou-

385 780 525 864 flucntes
537 780 629 861 facta
649 781 711 841 isto
731 793 786 844 cst.
843 791 858 815 ⁶

131 895 221 974 Quod
253 895 294 960 ad
320 895 382 958 Dei
413 896 636 972 voluntatem,
665 905 698 958 et
727 906 854 959 sanctae
877 897 945 959 eins
973 897 1140 962 Ecclesiae

64 989 159 1042 statum
180 988 212 1040 et
232 977 391 1038 honorem
412 987 506 1058 atque
528 976 759 1055 defensionem,
781 978 872 1040 etad
897 981 1028 1042 illorum
1056 1003 1140 1044 com·

64 1062 326 1122 munemsalutem
345 1069 376 1124 et
395 1059 575 1137 honorem,
609 1069 641 1120 et
665 1060 705 1121 ad
731 1061 846 1144 populi
875 1061 1050 1124 Christiani
1073 1064 1141 1125 illis

64 1145 200 1206 commissi
225 1143 456 1204 salvamentum
481 1149 515 1202 et
546 1163 674 1223 pacem,
702 1151 736 1203 et
759 1143 799 1203 ad
825 1142 905 1224 legis
934 1167 971 1206 ae
997 1145 1136 1208 institiae

63 1237 141 1308 atquc
167 1236 270 1286 rectae
296 1224 429 1285 rationis
455 1223 746 1302 conservationem,
778 1235 933 1307 quantum
960 1228 1025 1288 illis
1049 1229 1138 1292 Deus

63 1309 129 1370 scire
147 1317 176 1368 et
196 1328 286 1390 posse
308 1305 491 1380 donaverit,
521 1327 597 1366 vero
621 1306 767 1383 consilio,
796 1316 829 1368 et
850 1310 1027 1370 secundum
1050 1307 1139 1390 qnod

63 1391 115 1450 illis
134 1389 364 1449 rationabiliter
383 1399 415 1448 et
429 1386 600 1448 salubriter
620 1388 770 1469 possibile
802 1391 920 1468 fuerit,
943 1390 1068 1452 sincero
1084 1412 1139 1450 au·

61 1471 126 1531 rilio
145 1471 303 1531 adiutores
322 1470 382 1531 sibi
397 1469 535 1532 invicem
551 1470 591 1529 ad
605 1491 740 1550 regnum
756 1469 885 1531 illorum
905 1473 1139 1534 continendum

61 1563 157 1631 erunt,
188 1562 221 1614 et
241 1574 302 1614 nec
323 1553 357 1612 in
378 1551 455 1630 vita,
483 1551 598 1611 necin
621 1551 792 1629 membris,
822 1574 928 1636 neque
954 1556 987 1616 in
1016 1575 1137 1638 reguo,

60 1636 161 1717 aliquis
182 1645 295 1698 eorum
316 1657 408 1696 suum
428 1655 537 1718 parem
557 1633 800 1700 forconsiliabit.

266 1764 471 1828 Adnuntiatio
493 1777 595 1825 autem
616 1765 742 1826 illorum
762 1765 823 1826 istc
848 1777 904 1827 est.

127 1877 152 1941 I.
192 1878 277 1956 Quia
305 1878 483 1943 secundum
505 1878 592 1959 quod
613 1877 647 1937 in
675 1877 839 1962 praedicte
860 1879 1010 1942 firmitate
1032 1880 1138 1942 conti-

58 1969 148 2037 netur,
170 1961 323 2046 deinceps
344 1960 511 2044 observare
531 1960 659 2040 volunt,
681 1971 713 2024 et
736 1962 876 2024 Domino
893 1963 1065 2038 adiuvante
1083 1964 1138 2025 ob-

57 2044 221 2104 servabunt.
374 2101 376 2110 s

128 2127 168 2188 ll.
207 2126 251 2185 Et
287 2146 352 2185 non
386 2124 501 2186 volunt
528 2133 564 2186 ut
593 2124 709 2207 aliquis
737 2124 822 2186 inter
853 2145 907 2186 eos
939 2125 1001 2188 alia
1028 2123 1137 2208 aliqua

7 2239 10 2248 ’
57 2207 141 2268 verba
157 2215 279 2290 portet,
303 2207 365 2268 nisi
385 2229 466 2290 quae
487 2208 556 2267 Deo
578 2208 642 2268 sint
666 2207 800 2288 placita,
822 2216 854 2267 et
874 2208 914 2267 ad
936 2229 1138 2268 communem

56 2291 176 2350 salntem
203 2298 234 2348 et
255 2289 412 2350 bonorem
438 2289 502 2350 sint
526 2289 730 2372 pertinentia.
790 2289 832 2348 Et
858 2288 884 2349 si
907 2290 1022 2372 aliquis
1043 2291 1137 2350 aliter

55 2371 296 2454 praesumpserit,
318 2373 350 2432 in
370 2372 510 2446 medium
530 2373 715 2446 adducatur,
738 2377 770 2430 et
784 2370 891 2430 taliter
910 2371 985 2434 inde
1006 2371 1138 2455 castige-

55 2464 101 2512 tur
120 2464 151 2514 nt
168 2475 262 2514 nemo
285 2454 367 2514 alius
388 2453 504 2514 similia
524 2453 618 2534 agere
639 2461 750 2518 tentet.

125 2537 177 2600 111.
218 2537 260 2597 Et
276 2537 392 2596 volunt
416 2546 451 2595 ut
470 2535 643 2596 'Ecclesiae
668 2544 699 2593 et
723 2556 811 2595 casae
841 2532 915 2611 Dei,
946 2544 979 2594 et
1001 2534 1138 2618 Episco-

55 2617 82 2698 pi
101 2627 131 2676 et
148 2618 207 2677 Dei
223 2617 381 2694 homines,
404 2616 535 2692 Clerici,
556 2615 706 2677 Monachi
727 2625 760 2676 et
776 2617 921 2690 Nonnae,
936 2617 1033 2676 talem
1047 2637 1139 2674 mun-

56 2699 218 2760 deburdem
238 2708 271 2759 et
297 2699 451 2770 bonorem
470 2698 619 2776 habeant,
639 2698 724 2758 sicut
742 2707 886 2780 temporo
904 2707 1139 2759 antecessorum

55 2803 172 2842 suorum
191 2781 385 2841 habuerunt.

126 2865 180 2928 lv.
221 2865 264 2926 Et
279 2864 395 2925 volunt
414 2870 450 2920 ut
471 2860 581 2922 fideles
604 2861 736 2922 illorum
752 2859 848 2921 talem
868 2861 972 2942 legem
991 2870 1023 2922 et
1044 2859 1140 2920 iusti-

55 2945 122 3004 tiam
142 2956 174 3006 et
196 2945 259 3004 tale
288 2946 519 3005 salvamentum
543 2944 575 3004 in
597 2943 705 3024 regnis
734 2942 864 3002 illorum
889 2943 1037 3019 habeant,
1054 2943 1139 3004 sicut

57 3031 258 3088 antecessores
286 3048 397 3086 eorum
424 3035 566 3106 tempore
596 3035 831 3086 antecessorum
858 3027 989 3084 illorum
1015 3025 1141 3086 babue-

55 3119 137 3181 runt;
168 3119 200 3170 et
229 3108 291 3189 ipsi
313 3109 415 3189 Reges
438 3109 534 3166 tale'm
559 3107 714 3168 bonorem
739 3119 772 3168 et
801 3119 919 3169 rectam
949 3117 1137 3190 potestatem

55 3190 200 3266 habeant,
223 3193 309 3250 sicut
333 3189 474 3270 ipsorum
500 3198 717 3254 antecessores
743 3190 945 3268 babuerunt,
968 3201 1000 3252 et
1019 3192 1141 3252 iustitia

56 3281 82 3332 el
99 3276 161 3332 Lex
187 3271 334 3332 omnibus
358 3281 573 3335 conservetur.
614 3273 656 3332 Et
680 3272 705 3333 si
735 3272 849 3353 aliquis
869 3272 930 3332 hoc
953 3274 1138 3355 perturbare

56 3355 199 3431 voluerit,
231 3376 249 3412 a
280 3354 370 3413 nullo
392 3353 712 3434 eorumrecipiatur,
739 3353 800 3414 nisi
825 3362 862 3412 ut
884 3363 939 3412 aut
960 3356 999 3413 ad
1019 3366 1140 3416 rectam

53 3437 199 3498 rationem
215 3443 272 3496 aut
292 3436 332 3496 ad
352 3434 574 3498 rationabilem
586 3435 807 3518 indulgentiae
822 3435 1061 3497 concessionem
1084 3437 1142 3498 de-

56 3518 189 3578 ducatur.
248 3561 250 3568 ,

127 3599 167 3667 V,
208 3600 251 3660 Et
268 3605 305 3658 ut
327 3597 377 3658 illi
397 3597 542 3660 homines
564 3598 621 3681 qiei
642 3599 674 3660 in
695 3599 755 3660 isto
771 3620 870 3680 regno
893 3607 1004 3660 contra
1029 3597 1140 3660 Senio-

55 3703 114 3744 rem
135 3688 279 3742 nostrum
299 3683 461 3742 Domuum
481 3683 634 3742 Karolum
655 3681 894 3763 mispriserunt,
920 3681 947 3742 si
968 3701 1001 3740 se
1024 3700 1140 3761 recog-

58 3763 207 3839 noverint,
228 3771 360 3845 propter
386 3763 508 3839 Deum,
541 3775 573 3824 et
587 3775 717 3846 propter
735 3764 840 3823 fratris
865 3763 914 3824 sui
938 3760 1140 3842 deprecatio-

59 3865 137 3922 nem,
159 3844 317 3926 quicquid
341 3853 452 3905 contra
466 3867 544 3916 ,eum
572 3847 781 3908 misfecerunt
804 3845 850 3906 eis
868 3846 939 3909 vult
962 3843 1141 3925 indulgere.

57 3925 94 3985 Et
111 3927 188 3988 sicut
213 3927 446 4009 praescriptum
468 3937 525 4005 est,
554 3928 662 3999 alodes
686 3928 815 3988 illorum
838 3928 877 3988 de
907 3925 1086 3988 hereditate
1109 3935 1143 3987 et

57 4006 92 4067 de
116 4007 317 4090 conquisitu,
342 4010 429 4089 quod
458 4018 562 4070 tamen
587 4011 627 4071 de
650 4009 823 4071 donatione
848 4031 903 4069 sua
938 4029 1003 4067 non
1038 4007 1152 4086 venit,‘

57 4089 106 4148 sed
131 4099 163 4151 et
193 4090 267 4150 illos
290 4089 398 4152 alodes
422 4112 502 4172 quos
530 4093 570 4153 de
601 4091 773 4153 donatione
798 4091 917 4151 Domni
939 4090 1141 4172 Imperatoris

56 4170 242 4233 lllndouvioi
263 4169 462 4250 babuerunt,
485 4172 532 4234 eis
556 4173 721 4255 concedit,
741 4174 768 4236 si
795 4173 891 4237 talem
908 4173 1087 4236 firmitatem
1110 4172 1142 4234 ei

58 4249 183 4316 fecerint
202 4254 286 4320 sicut
306 4253 533 4339 praediximus.
