2746 4992
520 310 777 378 rmtmronnn
1121 298 1194 386 '253

104 470 208 523 noetra
220 459 800 522 Constitutioservetur.1tecernimus
813 459 920 543 itaque
928 467 970 522 'nt
977 464 1116 546 primum
1129 487 1197 530 om·

103 565 159 605 nes
179 543 333 604 clamores
357 541 414 624 qui
435 541 637 625 neglegentia
660 545 789 602 Ducum
811 553 865 603 aut
889 545 1034 607 lodicum
1058 550 1195 629 fuerint,

100 626 140 686 ad
158 625 306 686 notitiam
317 624 435 684 Domni
453 623 629 706 Apostolioi
645 623 832 702 deserantur
842 648 849 695 ;
879 635 918 686 ut
939 629 1044 688 atatim
1066 642 1121 692 aut
1140 633 1194 710 is-

99 729 131 769 nc
157 728 218 790 per
236 729 310 770 suos
326 707 457 768 nuntios
480 706 609 768 eosdem
630 707 793 767 emendari
817 707 927 785 faciat,
949 721 1004 772 aut
1023 712 1115 774 nobis
1132 734 1194 774 no-

98 789 209 866 tificet,
230 800 267 851 ut
287 789 446 870 legatione
472 789 599 850 anobis
617 788 752 866 directa,
777 791 999 858 emendentur.

179 873 221 937 V.
262 871 420 935 Volumus
440 870 535 932 etiam
556 881 594 932 ut
624 871 727 932 omnis
748 872 883 933 Senatus
905 882 936 933 et
961 873 1105 958 Populus
1126 875 1195 937 Ro-

98 975 211 1017 manus
230 953 449 1036 interrogetur
472 953 562 1034 quali
584 954 656 1015 vult
683 955 767 1035 Lege
794 953 921 1032 vivere,
944 965 981 1017 nt
1004 957 1064 1019 snb
1086 979 1123 1018 ea
1142 958 1196 1019 vi-

98 1046 162 1108 vat3
196 1035 307 1118 eisque
333 1034 544 1097 denuntietur
571 1036 658 1118 quod
681 1034 918 1118 proculdubio,
948 1039 975 1100 ei
999 1039 1196 1101 offenderint

101 1129 212 1181 contra
233 1116 378 1196 eundem,
396 1116 501 1178 cidem
513 1118 579 1200 legi
600 1139 664 1200 qua
686 1117 925 1201 profitebuntur
944 1141 984 1182 ex
1011 1122 1195 1202 dispositio-

101 1223 140 1264 ne
166 1199 287 1264 Domni
309 1199 475 1262 Pontificis
495 1209 527 1260 et
548 1209 655 1262 nostra
675 1200 863 1262 omnimodis
883 1201 1104 1268 subiacebunt.

179 1284 237 1347 vl.
278 1282 327 1342 De
341 1283 436 1343 rebus
455 1290 562 1342 autem
581 1282 798 1344 Ecclesiarum
821 1283 938 1345 iniuste
963 1285 1112 1362 retentis,
1133 1288 1194 1351 sub

100 1365 268 1428 occasione
292 1365 383 1447 quasi
414 1364 546 1427 licentia
567 1371 696 1447 accepta
724 1387 742 1424 a
773 1366 948 1442 Pontifice,
979 1367 1127 1430 volumus
1157 1379 1196 1430 nt

100 1471 115 1507 a
139 1447 266 1530 Legatis
287 1447 403 1508 nostris
422 1448 457 1506 in
481 1455 669 1528 potestatem
700 1447 818 1507 Domni
838 1448 1004 1512 Pontificie
1028 1457 1062 1522 et
1086 1449 1121 1510 in
1144 1450 1195 1514 ius

97 1532 257 1592 Romanae
283 1529 447 1590 Ecclesiae
474 1528 611 1590 celerius
635 1529 832 1611 redigantur}

180 1611 1194 1696 VH.Pmoefflmmmmnmdmmfflfflmminmffimo

97 1705 209 1758 nostro
225 1715 290 1754 non
310 1693 405 1765 fiunt;
424 1703 456 1754 et
479 1714 560 1775 qnae
581 1695 681 1754 factae
708 1705 783 1755 sunt
803 1705 835 1756 et
854 1706 996 1758 caeterae
1017 1696 1195 1761 iniustitiae

97 1777 277 1842 secundum
296 1776 401 1858 legem
425 1775 463 1835 ab
487 1775 631 1856 utrisque
653 1777 797 1858 partibus
820 1779 1042 1841 emendentur.
1154 1814 1157 1822 ·

182 1859 275 1924 Vlll.
317 1859 443 1923 Placuit
468 1857 562 1920 etiam
583 1858 675 1919 nohis
700 1869 736 1919 nt
755 1861 861 1922 cuncti
874 1864 981 1923 Duces
999 1871 1030 1922 et
1053 1860 1193 1942 Iudices,

98 1940 1193 2027 ffiwffiwnmmmmmmwmmmmmmmm

99 2026 194 2104 tiam,
224 2025 301 2084 dum
324 2025 441 2085 Romae
472 2044 599 2100 sumus,
619 2024 824 2085 conveniant.
864 2025 1022 2088 Volumus
1049 2027 1137 2087 enim
1160 2035 1194 2088 et

97 2129 266 2168 numerum
295 2117 328 2168 et
351 2106 480 2167 nomina
500 2125 611 2176 eorum
627 2105 709 2166 scire
735 2115 768 2168 et
785 2107 920 2191 singuli·
948 2107 988 2170 de
1012 2107 1193 2171 ministerio

63 2194 67 2208 '
94 2191 154 2252 sihi
179 2187 301 2251 credito
327 2187 576 2250 admonitionem
599 2188 716 2249 facere.

176 2271 234 2335 lx.
274 2271 450 2334 Novissime
474 2268 687 2352 praecipimus
710 2280 742 2331 et
761 2291 926 2333 monemus
943 2281 981 2334 ut
1006 2271 1110 2334 omnis
1128 2271 1193 2333 ho-

92 2376 155 2431 mo,
171 2353 254 2414 sicut
274 2353 336 2414 Dei
357 2353 489 2436 gratiam
508 2361 540 2412 et
556 2363 694 2414 nostram
711 2353 828 2414 hahere
842 2354 1014 2432 deciderat,
1034 2355 1078 2416 ita
1096 2376 1191 2437 prae-

92 2446 153 2496 stet
185 2435 219 2576 ἰὲι
253 2436 400 2498 omnihus
429 2434 645 2497 obedientiam
668 2446 770 2520 ‘atque
804 2436 1018 2498 reverentiam
1046 2437 1192 2500 Romano

90 2517 187 2581 Ponfi
212 2517 251 2580 ci

373 2661 926 2760 Tirenusii

247 2850 342 2892 iuri
378 2849 518 2890 nnrrro
555 2849 726 2890 rtosncn
761 2827 1070 2914 cnrrruninteJ'
1157 2852 1160 2857 ¹
1192 2885 1195 2892 .

90 2971 274 3042 Badtzioc
297 2970 395 3038 hanc
421 2970 616 3038 editionem
641 2993 685 3036 ex
711 2967 817 3039 tibris
845 2971 935 3062 legia
960 2969 1195 3062 Longobarf

92 3071 226 3140 dorum
254 3069 375 3155 editis,
405 3070 473 3135 ced
499 3069 721 3139 auctoritate
747 3080 907 3138 veterum
925 3066 1196 3164 exemplarium*

93 3169 295 3242 emendatio
326 3169 537 3258 desumpsit.
569 3169 668 3236 [Noc
691 3181 812 3238 antem
835 3167 1005 3236 lectorem
1027 3171 1081 3240 ad
1104 3194 1192 3242 noe·

240 3279 339 3336 tram
362 3265 461 3335 illim
483 3266 574 3356 legis
595 3264 793 3350 editionem
821 3266 1058 3358 delegamus.-
1084 3259 1088 3265 ⁴

347 3566 771 3630 TITULUS
844 3565 938 3632 lll.

461 3681 583 3742 Arno
625 3681 821 3741 Onontm

94 3800 290 3892 Incipiunt
322 3797 495 3892 Capitale
520 3821 613 3892 qnae
644 3797 816 3867 Domnnc
850 3794 1076 3866 Hlotlzariua
1108 3795 1191 3864 Im-

92 3911 249 3993 perator
268 3901 395 3992 primo
411 3923 522 3967 enno
548 3897 697 3990 imperii
720 3897 780 3965 eni
792 3947 802 3976 ‚
835 3897 982 3989 quando
1009 3895 1191 3965 initalia

96 3999 274 4089 acceaeit,
298 3999 339 4069 in
362 4019 469 4067 auum
489 3996 663 4091 generale
692 3996 874 4086 placitum
905 4008 1006 4066 enrte
1044 3994 1191 4064 Olonna

563 4095 729 4164 institnit.

175 4223 204 4292 Ῑ·
242 4190 292 4308 Si
316 4246 400 4311 liber
422 4244 518 4308 homo
548 4243 686 4327 seipsum
714 4243 754 4304 ad
779 4241 946 4306 servitium
972 4217 1192 4327 implicaverit
1229 4233 1232 4237 ’
