2746 4992
232 274 307 351 294
555 297 741 356 mancusas
768 299 1012 352 roununsuun

232 437 310 500 drae
331 435 422 500 illius
443 455 672 516 successorem,
695 437 729 499 in
756 459 823 522 quo
851 447 899 501 est
921 436 1141 522 praespicuitas
1168 437 1282 519 sublimis,

231 519 415 603 ingenuitas
440 519 590 600 nationis,
612 519 771 602 elegantia
792 521 970 603 refulgens,
991 519 1150 604 diligentia
1164 525 1282 600 castitatis,

232 603 374 664 caritatis
403 603 555 684 locuplex
586 604 744 666 voluntas.
801 603 1081 688 lnrefrngabiliter
1104 625 1190 664 manu
1210 617 1284 666 nostra

231 685 321 747 hunc
342 705 535 746 consensum
564 684 767 750 decrevimus
788 686 950 755 roborare.

300 799 410 868 (Nota.
430 798 574 856 Formulae
591 799 634 867 V,
652 799 692 854 vt
708 808 738 854 et
754 801 809 855 vlt
828 817 844 854 a
864 800 1007 858 sirmondo
1023 801 1169 856 referuntur
1184 817 1234 857 cun
1248 804 1285 874 qui·

230 869 344 926 busdam
362 868 545 940 differentiis).

398 989 515 1052 Charta
535 987 576 1052 de
596 987 724 1070 ducatu,
739 992 919 1076 patritiatus,
948 989 998 1052 vel
1008 995 1162 1061 comitatu,

310 1105 406 1168 Vlll.
448 1103 643 1188 Praespicue
662 1105 780 1189 regalis
803 1108 836 1167 in
867 1106 930 1168 hoc
956 1108 1100 1188 perfecta
1125 1105 1287 1168 conlaudatur

229 1187 403 1254 clementia
431 1196 468 1249 ut
488 1189 574 1250 inter
595 1197 713 1250 cuncto
743 1190 864 1285 populo
884 1189 1012 1250 bonitas
1042 1199 1074 1250 et
1098 1189 1286 1270 vigilantiam

228 1273 377 1358 quiratur
396 1292 629 1354 personarum3
652 1291 712 1332 uec
730 1273 826 1334 facile
848 1271 983 1334 cuilibet
1003 1272 1195 1334 iudiciariam
1207 1293 1286 1333 coure-

229 1356 280 1418 nit
309 1354 511 1417 committere
533 1353 746 1436 (lignitatem,
770 1356 831 1416 nisi
854 1356 943 1437 prius
972 1355 1051 1418 fides
1079 1377 1135 1418 seu
1163 1353 1285 1418 strenuius

227 1439 379 1499 rideatur
394 1457 461 1498 esse
482 1436 625 1518 probata.
667 1439 752 1520 Ergo
768 1438 844 1499 dum
861 1448 893 1499 et
913 1439 1010 1498 fidem
1025 1447 1058 1498 et
1082 1437 1234 1498 utilitatem
1246 1444 1286 1494 tm

226 1521 377 1583 videmur
404 1517 523 1581 hahere
551 1528 762 1602 compertam,
795 1520 870 1582 ideo
897 1520 957 1580 tibi
975 1521 1135 1582 actionem
1159 1520 1286 1594 comitatus,

227 1604 374 1682 ducatus,
397 1623 434 1662 ac
454 1601 651 1683 pratritiatus
672 1603 705 1663 in
729 1625 810 1686 pago
832 1603 911 1680 illo,
937 1625 1034 1685 quem
1064 1612 1229 1666 antecessor
1243 1610 1286 1660 uu

228 1685 286 1746 ille
316 1706 417 1767 usque
443 1705 532 1743 nunc
558 1684 645 1746 visus
670 1694 718 1747 est
742 1686 862 1768 egisse,
893 1686 952 1748 tibi
973 1687 1013 1748 ad
1035 1687 1191 1769 agendum
1211 1704 1285 1766 regen·

229 1769 372 1850 dumque
397 1767 632 1838 commisimus;
661 1767 704 1828 ita
730 1778 767 1829 ut
788 1790 916 1850 semper
940 1791 1014 1852 erga
1043 1769 1194 1851 regimine
1218 1775 1286 1826 nostro

221 1851 327 1911 ntem
349 1850 517 1910 inlibatam
538 1849 710 1928 custodias,
732 1860 766 1912 et
785 1853 887 1912 omnis
904 1853 1044 1934 populus
1064 1852 1180 1912 ibidem
1198 1867 1288 1910 comma·

228 1941 370 2010 nentes,
402 1941 465 1992 tam
483 1931 612 2009 Franci,
633 1933 779 2010 Romani,
801 1934 1059 2016 Burgundiones,
1085 1956 1178 2016 quam
1193 1930 1287 2010 reliquas

226 2016 375 2076 mistiones
396 2014 454 2076 sub
478 2021 534 2074 tuo
556 2013 715 2096 regimine
738 2025 770 2078 et
784 2017 1017 2098 gubernatione
1039 2017 1158 2102 degant
1176 2022 1203 2075 et
1221 2011 1286 2071 mode

225 2109 358 2174 rentur,
387 2107 419 2158 et
438 2118 492 2156 eos
517 2106 607 2158 recto
637 2099 763 2160 tramite
789 2100 968 2160 secundum
985 2099 1093 2180 legem
1113 2109 1144 2160 et
1162 2103 1286 2159 consuetu·

228 2179 339 2239 dinem
363 2201 473 2240 eorum
500 2201 609 2261 regas,
641 2181 748 2244 viduis
774 2188 805 2242 et
837 2181 970 2264 pupillis
996 2184 1153 2242 maximus
1182 2179 1285 2238 defensor

225 2281 389 2343 appareas,
420 2263 581 2321 latronum
606 2271 638 2324 et
659 2265 900 2325 malefactorum
928 2264 1051 2324 scelera
1075 2289 1093 2324 a
1114 2273 1146 2323 te
1174 2255 1285 2322 severissi-

224 2365 276 2403 me
292 2345 529 2426 reprimantur;
562 2352 598 2405 ut
620 2345 732 2427 populi
758 2347 841 2408 bene
861 2347 1007 2408 viventes
1023 2348 1083 2408 sub
1100 2356 1154 2406 tuo
1173 2340 1284 2422 regimine

226 2427 564 2508 gaudentes'debeunt
593 2428 766 2490 consistere
790 2429 911 2512 quieti3
947 2440 980 2491 ct
1009 2426 1167 2510 quicquid
1193 2421 1284 2502 teipsa

225 2509 353 2570 actione
382 2509 415 2568 in
444 2507 512 2569 fisci
534 2509 710 2572 ditionibus
740 2521 897 2594 speratur,
924 2532 985 2596 per
1006 2514 1205 2595 temetipsum
1228 2501 1284 2564 afluit

224 2591 359 2674 singulis
381 2591 497 2653 uostris
521 2592 651 2654 aerariis
673 2593 841 2656 inferatur.

225 2717 390 2781 Indiculus
413 2714 459 2780 ad
476 2716 573 2780 alium
600 2717 730 2798 Regem,
762 2740 831 2782 curn
857 2720 969 2799 legatio
998 2719 1150 2800 dirigitur
1171 2731 1198 2781 et
1216 2714 1282 2777 uestis

534 2803 712 2881 suggeritur
737 2803 1010 2864 commendatitiis.

308 2913 368 2978 IX.
409 2915 549 2977 Domino
566 2917 704 2997 glorioso
722 2925 818 2999 atque
839 2918 1150 2998 praecellentissimo
1165 2913 1240 2976 fratri
1252 2909 1286 3002 illo

224 2997 304 3078 Regi
327 3000 359 3058 in
385 2998 447 3058 Dei
469 2999 600 3068 nomine
627 2998 684 3058 ille
705 3001 784 3060 Rex.
825 3000 1032 3062 Desideratus
1050 3011 1182 3062 eventus
1206 2995 1286 3054 fidelis-

224 3081 335 3142 simam
351 3080 444 3140 nobis
468 3081 584 3140 obtulit
602 3081 802 3159 facultatem,
825 3103 888 3162 qua
910 3093 1034 3143 vestrae
1062 3081 1217 3143 serenitati
1236 3076 1287 3165 salu·

223 3164 355 3224 tationis
376 3163 655 3224 honorificentiam
676 3165 894 3245 praebeamus,
917 3187 955 3226 eo
973 3164 1130 3227 videlicet
1149 3159 1286 3226 dilectius

224 3245 341 3307 affectu
357 3247 600 3328 prosperitatem
613 3257 736 3308 vestrae
758 3247 959 3308 celsitudinis
977 3267 1172 3328 cognoscere
1191 3241 1285 3324 cupien-

224 3336 271 3389 tes
298 3352 362 3411 quo
394 3339 532 3390 vestram
556 3329 688 3410 gloriam
712 3351 786 3412 erga
810 3351 868 3392 nos
899 3329 1109 3392 fraternitatis
1132 3325 1286 3389 individuam

224 3411 423 3474 arbitramur.
466 3411 607 3472 Proinde
633 3422 814 3493 praesentes
843 3409 936 3474 viros'
951 3412 1105 3474 inlustres
1129 3412 1184 3470 illo
1206 3415 1232 3468 et
1251 3399 1285 3463 illo

218 3495 264 3555 ad
287 3492 498 3576 praesentiam
527 3494 736 3555 fraternitatis
762 3504 885 3556 vestrae
911 3494 1109 3567 direximus;
1139 3487 1286 3574 quibust

224 3585 362 3638 vestram
391 3575 525 3657 gloriam
552 3577 726 3653 condecet,
747 3576 976 3660 benignissima
1001 3575 1225 3657 tranquillitate
1242 3585 1285 3629 sut·

223 3659 335 3742 ceptis,
357 3658 495 3741 petimus
522 3667 558 3718 ut
585 3659 661 3720 dum
689 3659 831 3721 officinm
860 3660 1030 3742 legationis
1053 3659 1209 3720 iniunctae
1227 3665 1285 3732 pert-

222 3741 340 3826 gerint,
363 3742 525 3822 responsis
547 3751 669 3804 restrae
692 3739 881 3804 clementiae
903 3742 1108 3823 praemoniti,
1130 3741 1168 3800 ad
1185 3735 1285 3798 referet·

223 3827 301 3890 dum
327 3825 438 3888 salutis
460 3822 619 3885 iudicium
638 3825 735 3887 sacris
755 3825 870 3889 vestris
896 3825 1014 3887 litteris
1034 3824 1232 3886 honorentur.

588 3929 764 4047 Rescriptio
789 3958 833 4022 ad
850 3961 973 4040 Regem.

219 4109 222 4114 ·
307 4071 349 4136 X.
392 4074 532 4136 Domino
557 4074 785 4158 gloriosissimo
813 4083 908 4155 atque
934 4072 1226 4163 praecellentissimo
1240 4057 1285 4125 eti

225 4157 317 4219 nohis
338 4178 410 4217 cum
434 4179 558 4218 summo
578 4158 728 4220 caritatis
760 4157 891 4218 vinculo
916 4156 950 4216 in
977 4179 1084 4218 amore
1114 4155 1221 4220 Christ
1241 4165 1285 4205 sm·

222 4237 395 4322 plectendo
411 4239 470 4300 ille
490 4240 569 4325 Regi
587 4240 643 4303 ille
664 4243 742 4303 Rex.
773 4240 888 4326 Apices
912 4246 1034 4305 vestrae
1056 4233 1237 4306 celsitudinis
1247 4243 1285 4311 per
