2786 4980
156 299 228 378 ‘ss
426 319 556 376 uma
662 321 906 380 mmmm
1007 325 1068 386 m

178 461 358 524 satisfacere
379 469 577 541 procuraret.
619 463 716 542 Quod
732 472 766 527 et
783 464 931 528 omuibus
944 461 1134 550 singillatim
1151 470 1285 555 Episco-

177 545 237 628 pis,
258 543 305 602 illi
319 543 506 615 auctoritate
523 545 699 630 episcopali
713 547 998 631 praecipientibus,
1012 572 1053 613 ex
1070 551 1180 615 divino
1194 577 1285 616 man-

180 627 253 688 dato
277 635 326 686 cst
347 626 564 693 interdictum.

246 735 401 806 (sirmond.
420 734 449 786 iu
468 734 597 788 conciliis
617 735 724 789 Galliae
742 736 819 790 addit
836 737 881 792 hic
899 748 1002 810 septem
1020 739 1073 792 alia
1091 739 1212 812 capita.)

259 827 333 890 Vll.
375 828 514 910 Septima
527 829 652 888 actione
667 829 770 892 eidem
783 852 889 892 sacrae
898 835 1028 915 Synodo
1037 835 1121 894 idem
1129 834 1284 900 Christia-

176 911 322 970 nissimus
335 914 480 972 Domuus
494 912 562 971 Rex
585 912 720 972 Karolus
747 911 826 973 baec
841 935 922 994 quae
937 925 1119 998 sequuntur
1138 918 1283 1000 capitula

174 995 353 1078 proposuit,
377 1004 411 1062 et
426 993 576 1054 consultu
597 994 784 1054 eorumdem
807 996 1041 1079 Episcoporum
1068 1020 1104 1058 ea
1124 1021 1183 1079 per
1202 1024 1281 1084 reg-

175 1097 252 1134 num
274 1097 366 1135 suum
387 1076 631 1148 innotescenda,
656 1078 852 1156 exercenda,
884 1089 915 1141 et
940 1081 1160 1146 conservanda
1187 1105 1281 1146 com-

175 1159 317 1237 monuit,
340 1159 516 1242 praecepit,
539 1168 570 1219 et
591 1159 802 1220 confirmavit.

413 1327 1045 1403 enarrandus

175 1448 299 1518 Missis
323 1449 524 1519 Dominicis
559 1473 626 1542 per
658 1449 823 1542 Regnum
858 1451 1006 1522 directis
1031 1453 1166 1530 datum.
1215 1456 1277 1530 De

246 1561 341 1617 statu
373 1549 619 1618 Ecclesiarum
653 1561 690 1617 et
721 1551 767 1617 da
799 1551 907 1620 rebus
939 1549 1200 1626 Ecclesiasticis

591 1645 843 1719 reformandis.

172 1765 239 1828 Ista
268 1767 413 1846 Capitale
438 1769 614 1830 Constituto
643 1781 714 1827 sunt
736 1793 754 1828 a
784 1771 908 1832 Damno
932 1770 1052 1832 Karoia
1078 1773 1112 1833 in
1142 1775 1274 1852 Synodo

173 1849 260 1933 apttd
284 1850 462 1911 Suessionr's
494 1853 649 1910 civitatem
674 1852 706 1909 in
724 1852 927 1912 Monanerto
968 1857 1071 1914 suncti
1097 1857 1273 1932 Medardi,

276 1954 357 1994 anno
387 1934 619 1997 Incnrnutionis
648 1931 824 1994 dominicae
856 1935 1103 2002 DCCCLIIl
1139 1942 1173 2001 in

600 2036 702 2076 mense
722 2013 838 2099 Aprili.

336 2127 402 2205 (De
422 2130 560 2190 omnium
573 2129 839 2194 Monosteriorum
857 2131 1111 2207 instauratione.)

169 2224 233 2346 Ut
253 2279 341 2340 Missi
372 2273 472 2340 nostri
495 2301 555 2361 per
575 2278 720 2340 civitates
748 2291 782 2342 et
809 2281 935 2365 singula
964 2283 1180 2362 monasteria,
1208 2293 1273 2347 tum

170 2364 409 2430 Canbuicorum
431 2385 527 2445 quam
547 2362 779 2424 blonaohorum
800 2364 865 2425 sire
880 2364 1190 2444 sanctimonialium,
1206 2391 1272 2430 una

170 2473 243 2512 curn
264 2447 425 2528 Episcopo
451 2445 621 2528 parochiae
648 2446 901 2528 uniuscuiusque
930 2447 962 2504 iu
989 2468 1052 2528 qua
1080 2454 1271 2530 consistunt,

168 2555 239 2594 cnm
264 2529 400 2590 corasilio
423 2529 520 2590 etiam
539 2538 571 2588 et
593 2549 751 2588 consensu
778 2529 874 2610 ipsius
894 2528 951 2608 qui
971 2532 1196 2592 monasterium
1217 2556 1272 2594 re-

165 2617 266 2692 tinet,
299 2634 396 2694 quem
418 2609 565 2672 volumus
587 2619 619 2670 et
644 2631 790 2691 expresse
819 2610 1032 2692 praecipimus
1056 2623 1091 2672 ut
1119 2637 1272 2693 praesens

165 2699 223 2775 sit,
258 2697 356 2757 vitam
377 2695 420 2754 ibi
447 2693 634 2774 degentium
658 2702 690 2752 et
718 2692 996 2753 conversationem
1024 2693 1207 2774 inquirant,
1239 2708 1272 2758 et

164 2781 219 2840 ubi
244 2799 372 2840 neccsse
395 2787 442 2838 est
462 2776 633 2856 corrigant,
658 2785 689 2834 et
711 2775 765 2833 ubi
789 2776 922 2850 desunt,
946 2796 1101 2858 congruas
1124 2779 1270 2840 officinas

165 2873 351 2924 construere
375 2859 526 2926 iubeant;
550 2866 582 2917 et
603 2856 656 2915 ubi
678 2867 752 2916 sunt
774 2860 887 2933 factate,
910 2866 942 2916 et
961 2879 1020 2937 per
1041 2859 1282 2940 negligentiam·

164 2956 239 3008 suut
262 2925 456 3014 destructae,¹
476 2939 645 3000 instaurari
668 2939 876 3021 praecipiant,
900 2948 932 2998 et
951 2939 1073 2999 victum
1095 2963 1131 3000 ac
1152 2953 1266 3022 potum

164 3038 196 3088 et
215 3025 441 3088 vestimentum
468 3031 563 3101 atque
594 3030 718 3081 caetera
739 3021 937 3094 necessaria,
971 3043 1029 3102 pro
1058 3025 1211 3101 qualitate
1235 3035 1268 3086 et

161 3107 373 3190 possibilitate
397 3102 461 3163 loci
485 3113 517 3164 et
534 3103 781 3164 inhabitantium
802 3103 1007 3180 necessitate,
1037 3104 1205 3176 ordinent;
1234 3119 1267 3168 et

161 3185 717 3270 hospitalitatemsupervenientium
731 3185 890 3265 hospitum
908 3193 939 3243 et
953 3187 1170 3267 receptionem
1184 3210 1266 3269 pau-

161 3291 276 3354 perum
298 3267 417 3327 ibidem
438 3267 609 3347 disponant
631 3276 662 3327 et
683 3267 843 3331 ordinent.
884 3267 1048 3327 Ecclesiae
1070 3289 1200 3351 quoque
1218 3272 1265 3330 lu·

161 3352 296 3412 minaria
319 3358 350 3410 et
371 3356 519 3409 ornatum
542 3349 683 3408 debitum
702 3349 862 3423 ordinent,
884 3357 917 3408 et
938 3349 1120 3409 thesaurum
1136 3374 1172 3412 ac
1192 3375 1264 3413 res·

160 3434 297 3494 timenta
320 3452 377 3491 seu
393 3431 490 3490 libros
515 3431 687 3512 diligenter
706 3431 897 3506 inbrevient,
921 3441 952 3490 et
972 3431 1086 3494 breves
1105 3427 1196 3496 uobis
1215 3455 1263 3494 re-

160 3524 301 3598 portent.
344 3513 533 3572 Inbrevient
559 3513 655 3573 etiam
684 3513 763 3592 quid
791 3513 1012 3594 unusquisque
1044 3515 1263 3576 Ecclesiarum
1309 3537 1312 3542 ·

160 3596 332 3678 praelatus,
355 3594 484 3674 quando
505 3595 736 3675 praelationem
758 3594 924 3654 Ecclesiae
953 3598 1111 3675 suscepit,
1142 3598 1187 3657 ibi
1209 3599 1260 3657 in-

162 3678 301 3747 venerit,
325 3686 357 3735 et
372 3677 451 3756 quid
465 3677 558 3736 modo
579 3677 695 3738 exinde
718 3675 822 3734 minus
843 3676 894 3751 sit,
916 3677 968 3736 vel
990 3677 1070 3757 quid
1090 3680 1140 3739 vel
1156 3701 1260 3760 quan-

159 3768 229 3818 tum
250 3755 290 3818 sit
311 3758 560 3839 superadditum.
604 3758 692 3835 Quid
709 3757 803 3816 etiam
818 3758 1022 3820 Nortmannis
1043 3781 1101 3840 per
1121 3771 1259 3821 nostram

161 3841 470 3902 commendationem
491 3841 555 3902 sive
577 3841 645 3901 siue
669 3849 774 3900 nostra
791 3841 1064 3902 commendatione
1083 3843 1191 3905 datum
1207 3844 1258 3920 sit,

160 3925 278 4004 quidve
301 3923 461 3998 relictum,
485 3924 536 3983 vel
559 3922 676 4004 quida
698 3942 859 4002 quoquam
877 3922 919 3980 ibi
935 3921 967 3979 in
991 3925 1192 4008 eleemosyna
1208 3927 1260 3986 da·

158 4016 236 4066 tum.
257 4007 432 4064 Numerum
442 4005 537 4064 etiam
548 4004 784 4064 Canonicorum
794 4013 826 4063 et
836 4003 1065 4065 blonachorum
1077 4007 1144 4068 sive
1158 4010 1261 4068 Sauc-

158 4087 374 4148 timonialium
388 4086 640 4168 uniuscuiusque
655 4085 718 4147 loci
742 4085 933 4162 describant,
957 4096 988 4146 et
1004 4087 1095 4148 nobis
1116 4091 1259 4150 referant

159 4179 195 4230 ut
215 4169 393 4228 seeundum
421 4170 608 4248 qualitatem
628 4176 659 4227 et
685 4167 896 4249 quantitatem
916 4167 996 4246 loci,
1025 4192 1098 4230 cum
1122 4173 1258 4234 consilio

158 4251 391 4338 Episcoporum
420 4263 452 4312 et
478 4250 624 4312 fidelium
652 4257 855 4327 nostrorum,
885 4249 939 4309 ubi
968 4252 1075 4340 minor
1103 4276 1257 4316 uumerus
