2658 4978
189 304 262 380 128
364 326 399 382 n.
423 321 511 422 cna.
622 327 876 388 cartrutsnu
1002 330 1064 387 sss.

187 467 214 528 ti
236 463 407 547 discipulo,
427 462 462 524 id
483 473 550 544 est,
579 465 782 548 Christiano,
811 469 888 532 licet
914 479 986 534 ante
1012 469 1267 553 satisfactionem,

187 548 222 610 id
250 558 315 624 cst,
345 545 578 608 correctionem
608 571 644 611 ac
672 553 930 616 emendationem
954 563 987 616 et
1014 552 1142 636 dignam
1165 557 1268 638 poeni*

185 631 327 693 tentiam.
369 629 411 690 Et
434 639 560 692 sanctus
589 631 749 695 lohannes
771 635 941 717 Apostolus
963 638 1059 697 talem
1072 638 1204 698 salutare
1222 649 1268 698 aut

187 715 221 774 in
245 714 375 776 domum
399 719 542 800 recipere
569 723 665 779 vetat.
703 716 747 776 Et
767 715 848 778 sacri
868 719 1015 779 Canones
1035 717 1156 800 Spiritu
1179 717 1267 780 Sanc-

184 806 219 858 to
247 817 305 878 per
322 816 375 857 eos
392 794 500 854 dictati
522 795 578 875 qui
601 794 633 854 in
652 798 743 857 coelo
763 820 834 860 cum
849 800 919 859 Deo
941 808 1089 882 regnant,
1111 812 1143 864 ct
1160 800 1191 858 in
1210 811 1267 862 ter-

184 880 228 940 ris
256 877 418 937 miraculis
446 887 651 954 corruscant,
682 881 916 942 constituerunt
942 883 1109 942 dicentes:
1152 882 1184 942 si
1206 884 1267 962 quis

185 961 225 1024 dc
250 960 434 1042 potentibus
456 960 629 1038 Clericurn,
651 971 704 1020 aut
723 955 902 1042 quemlibet
919 985 1106 1048 pauperem,
1128 973 1180 1024 aut
1199 965 1268 1025 reli-

189 1044 313 1128 giosum
326 1041 567 1122 exspoliaverit,
593 1053 624 1102 ct
643 1045 889 1106 mandaveritud
912 1045 1016 1127 ipsum
1040 1047 1212 1128 Episcopus
1239 1056 1268 1105 ut

186 1148 260 1188 enm
284 1123 402 1198 audiat,
427 1135 458 1184 ct
482 1123 507 1183 is
532 1127 775 1207 contempserit,
797 1127 936 1187 invicem
957 1149 1032 1190 mox
1065 1129 1179 1210 scripta
1204 1149 1266 1210 per·

184 1216 326 1284 currant,
348 1227 405 1287 per
425 1227 535 1266 ornnes
553 1207 736 1287 provinciae
757 1210 943 1289 Episcopus,
966 1231 1176 1292 quoscunque
1193 1209 1267 1268 adire

182 1289 359 1373 potuerint,
381 1295 416 1346 ut
435 1289 725 1350 excommunicatus
739 1289 895 1351 lralreatur
915 1293 1020 1352 donec
1034 1291 1145 1352 audiat
1159 1301 1191 1351 et
1209 1291 1267 1350 red·

184 1375 239 1436 dat
254 1372 367 1431 aliena.
410 1372 452 1430 Et
467 1371 505 1431 de
522 1371 616 1432 rebus
638 1393 673 1432 uc
696 1372 898 1435 facultatibus
912 1373 1136 1448 ecciesiasticis
1154 1374 1264 1433 dicante

184 1455 217 1516 si
243 1454 315 1536 quis
347 1453 523 1514 oblationes
548 1453 709 1514 Ecclesiae
732 1449 819 1514 extra
849 1455 1027 1516 Ecclesiam
1058 1455 1198 1537 accipere
1223 1453 1265 1512 vel

185 1538 260 1600 dare
289 1534 429 1596 voluerit
448 1544 575 1616 praeter
605 1536 833 1598 conscientiam
853 1539 1023 1624 Episcopi,
1046 1533 1109 1622 rel,
1129 1536 1193 1596 eius
1220 1533 1263 1592 eui

181 1617 403 1679 huiuscemodi
430 1617 535 1677 ot'ticia
559 1617 722 1678 commissa
742 1631 834 1694 stant,
866 1642 924 1682 nec
949 1642 1023 1680 cum
1045 1619 1114 1680 eius
1141 1615 1264 1679 voluerit

184 1723 278 1780 agere
305 1698 451 1774 consilio,
474 1699 641 1759 catathema
668 1700 718 1760 sit.
759 1703 801 1762 Et
823 1703 898 1763 item
927 1702 959 1762 in
988 1700 1148 1783 Capitulis
1171 1697 1216 1758 avi
1237 1707 1262 1756 et

181 1782 281 1865 patris
304 1783 403 1841 nostri
429 1782 647 1861 scriptumest
671 1781 710 1842 de
734 1782 784 1843 his
810 1784 866 1866 qui
892 1784 924 1844 in
947 1784 1097 1844 exercitu
1117 1801 1262 1865 quoscun-

182 1886 246 1946 que
269 1885 377 1923 secum
399 1864 530 1939 ducunt,
553 1863 641 1945 quod
664 1873 696 1924 ct
720 1887 775 1926 nos
798 1866 881 1926 infra
902 1867 1037 1947 patriam
1056 1865 1200 1927 volumus
1220 1861 1262 1920 oh·

181 1965 320 2010 servare.
362 1946 516 2027 Deinceps
533 1946 674 2006 omnibus
690 1945 874 2006 dc’nrcntiare
891 1949 1037 2008 volumus
1056 1960 1091 2007 ut
1114 1945 1260 2026 uuusquis-

182 2049 241 2112 que
262 2038 425 2103 eognoscat
442 2029 615 2108 omnesqui
634 2029 667 2086 in
685 2049 740 2087 suo
761 2030 906 2112 obsequio
932 2041 1015 2101 rarat,
1039 2031 1109 2090 siue
1131 2028 1178 2086 sui
1196 2025 1258 2091 sint,

181 2113 245 2169 sive
269 2110 375 2182 alieni,
397 2121 430 2167 ut
455 2107 508 2165 ille
529 2107 567 2166 de
590 2129 695 2169 eorum
716 2109 816 2189 sactis
837 2107 990 2171 ratio‘nem
1008 2133 1041 2171 se
1071 2111 1148 2170 sciat
1164 2103 1257 2166 reddi-

181 2203 304 2258 turum;
327 2202 357 2249 et
385 2188 536 2271 qrticquid
557 2192 590 2249 in
608 2211 686 2272 pace
710 2191 855 2252 uiolanda
880 2191 1092 2272 deliquerint,
1114 2187 1157 2250 ad
1177 2187 1257 2271 ipsius

180 2272 291 2332 debeat
313 2272 682 2353 periculum'pertinere:
703 2295 739 2332 ea
765 2275 881 2334 scilicet
906 2274 1107 2349 conditione,
1137 2283 1167 2330 ut
1184 2269 1256 2350 pacis

178 2355 319 2415 violator
337 2355 474 2436 primum
497 2354 590 2414 iuxta
604 2353 764 2434 facinoris
780 2355 977 2432 qualitatem,
999 2357 1064 2414 sive
1088 2373 1187 2414 coram
1210 2369 1256 2407 no-

180 2435 248 2512 dis,
278 2438 344 2496 sive
375 2455 480 2496 coram
499 2436 598 2494 Misso
621 2449 747 2508 nostro,
770 2438 881 2516 dignas
899 2459 1017 2520 poenas
1038 2435 1206 2520 persoluat,
1230 2443 1253 2486 et

179 2517 305 2595 Senior,
324 2521 379 2599 qui
400 2538 503 2576 secum
521 2518 612 2576 talem
637 2516 778 2588 duxerit,
801 2539 890 2597 qttem
912 2532 966 2578 aut
988 2520 1194 2596 constringere
1208 2531 1255 2570 no-

177 2598 236 2659 luit
252 2613 305 2659 aut
329 2621 393 2660 non
417 2601 521 2682 poterit
542 2611 574 2657 ut
598 2611 735 2658 nostram
755 2602 922 2662 iussionem
944 2613 1102 2676 servaret,
1130 2609 1158 2656 et
1182 2595 1248 2652 inm·

173 2702 233 2766 per
251 2684 283 2742 in
299 2703 392 2760 regno
417 2693 523 2740 nostro
539 2680 676 2762 praedas
691 2681 802 2760 facere
828 2703 890 2742 non
916 2683 1071 2758 timuerit,
1097 2698 1155 2763 pro
1182 2674 1252 2734 illius

175 2764 377 2843 neglegentia,
399 2765 429 2821 si
442 2775 512 2822 ante
538 2784 605 2822 eum
620 2761 659 2822 de
679 2764 728 2821 tis
745 2784 808 2822 non
821 2762 1031 2834 admonuerit,
1056 2774 1087 2822 ct
1106 2771 1251 2844 postquam

174 2845 367 2924 neglegentia
390 2848 612 2928 contemptoris
643 2844 687 2903 ad
711 2846 777 2903 eius
803 2846 948 2904 notitiam
965 2843 1167 2928 pervenerit,
1195 2854 1249 2894 eum

174 2928 343 3005 corrigere,
368 2929 447 2985 sicut
470 2924 568 3001 decet,
588 2928 779 3005 neglexerit,
808 2927 926 2985 honore
958 2946 1013 2985 suo
1039 2927 1196 3007 privetur;
1224 2927 1249 2971 nl

172 3009 292 3068 scilicet
318 3019 427 3067 neuter
447 3007 573 3066 illorum
602 3012 668 3068 sine
695 3010 777 3067 iusta
806 3005 949 3066 uindicta
978 3016 1144 3068 remaneat.
1179 2997 1249 3091 ,Not

174 3099 281 3164 autem
299 3089 465 3170 Episcopi,
487 3089 682 3169 Evangelica
707 3099 738 3148 et
760 3089 943 3170 Apostolica
967 3098 1062 3169 atque
1086 3077 1248 3168 Episcopah

173 3171 358 3230 auctoritate
381 3171 547 3230 Seniorem
566 3181 597 3230 et
613 3169 894 3253 quemlibetregni
921 3180 1103 3251 potentem,
1130 3167 1154 3226 si
1176 3182 1248 3222 com-

171 3253 312 3312 monitus
332 3252 421 3312 iuxta
440 3253 671 3333 EvanchIcum
691 3263 893 3334 pracceptum
910 3273 943 3312 se
964 3251 1101 3332 suosque
1121 3245 1246 3331 homines

172 3334 333 3416 corrigere
357 3332 509 3408 noluerit,
533 3343 564 3393 et
588 3336 664 3395 licet
686 3337 751 3417 ipse
771 3335 847 3394 talia
873 3355 937 3394 non
960 3332 1073 3410 saciat,
1107 3341 1202 3391 tamen
1224 3343 1245 3380 sl

172 3418 226 3478 rel
249 3416 281 3474 in
307 3438 364 3478 suo
380 3414 534 3496 obsequio
547 3427 710 3478 manentes
728 3417 802 3475 talia
823 3415 970 3492 fecerint,
991 3415 1018 3476 si
1038 3436 1092 3476 eos
1113 3431 1173 3471 non
1192 3424 1246 3464 cor·

171 3499 310 3575 rexerit,
341 3509 372 3558 et
400 3499 562 3558 emendari
585 3521 666 3578 (puae
691 3499 814 3558 faciunt
842 3521 906 3558 uon
929 3496 1121 3572 obtinuerit,
1142 3505 1241 3568 eosque

172 3583 212 3643 ad
233 3580 465 3664 poenitentiam
491 3602 554 3638 non
575 3580 778 3657 perduxerit,
810 3580 875 3662 ipse
900 3577 1187 3640 excommunicetur
1206 3587 1245 3628 se·

174 3665 317 3726 cundum
342 3684 445 3722 sacros
469 3664 634 3739 Canones,
657 3665 759 3722 donec
781 3684 854 3722 suos
880 3661 1026 3722 hemines
1049 3660 1088 3719 ad
1116 3649 1244 3746 emefltlfl·

170 3749 292 3806 tionem
311 3755 343 3806 et
368 3744 597 3827 poenitentiam
628 3745 775 3814 reducat5
813 3743 888 3824 quia
912 3744 1027 3804 melius
1056 3739 1243 3828 iudicarunts

173 3829 269 3888 illum
301 3826 570 3889 excommunicari
601 3849 659 3908 per
690 3825 780 3885 cuius
809 3826 935 3885 fortiam
958 3825 1007 3886 sui
1041 3823 1098 3882 tali
1123 3819 1241 3881 sacranti

170 3933 266 3993 quam
291 3932 400 3970 omncs
425 3909 498 3968 illos
513 3909 569 3988 qui
592 3931 650 3970 nec
671 3910 776 3968 Deum
796 3907 920 3984 timent,
942 3928 1002 3968 nec
1019 3905 1185 3989 Episcopus
1202 3911 1243 3952 ne·

173 4015 235 4076 que
260 3993 372 4053 Missos
393 3991 588 4073 reipublicae
612 3999 742 4074 propter
764 3989 833 4051 eius
857 3991 983 4049 fortiam
1004 3993 1193 4053 reverentur,
1220 3979 1243 4030 el

170 4074 436 4136 excommunicati
462 4073 521 4154 ipsi
553 4095 618 4133 non
646 4072 873 4152 corriguntur,
902 4082 933 4132 et
962 4071 1040 4152 alios
1070 4089 1126 4130 suo
1150 4055 1240 4154 mprh⁰

170 4157 338 4217 inficiunt:
369 4156 443 4237 quia
472 4155 598 4216 dicente
622 4154 796 4236 Apostolo,
831 4176 895 4214 non
923 4153 1027 4214 solum
1048 4152 1103 4232 qui
1129 4144 1240 4207 faciunt,

164 4240 226 4302 sed
255 4239 311 4322 qui
337 4239 545 4302 consentiunt
574 4236 785 4315 facientibus,
816 4235 906 4319 digni
928 4245 1003 4298 sunt
1022 4242 1131 4295 morte.
1184 4221 1239 4284 ll⁰¹¹
