2746 4992
190 297 264 378 282
616 319 833 378 ratonnnra

190 462 364 524 dederunt.
406 463 614 560 Quapropter
641 461 792 546 Episcopi
813 463 869 544 qni
902 463 982 524 nihil
1017 483 1057 527 ex
1085 468 1206 549 proprio
1226 490 1270 530 sno

188 545 353 608 Ecclesiae
375 543 496 608 Christi
525 547 831 628 compensaverunt,
852 545 934 608 hanc
951 548 1095 609 divinam
1108 552 1270 611 sententian

188 637 345 706 metuant,
366 637 399 690 et
420 628 539 690 liberos
552 647 592 688 ex
613 627 735 691 familia
752 630 917 692 Ecclesiae
944 631 982 690 ad
1001 633 1272 693 condemnationem

189 731 279 773 satam
289 711 395 772 lacere
410 731 476 772 nou
493 720 707 793 praesumunt.
728 713 865 792 impium
880 721 927 774 est
942 713 1027 774 enim
1047 724 1082 772 ut
1099 715 1154 795 qui
1166 735 1211 774 res
1220 738 1273 777 suas

188 791 354 856 Ecclesiae
376 793 498 854 Christi
533 814 598 853 non
627 795 814 868 contulerit,
845 796 998 855 damnum
1028 797 1163 872 inferat,
1190 807 1218 856 et
1238 801 1274 860 ios

187 875 355 937 Ecclesiae
376 877 518 938 alienare
540 876 724 939 contendat.
766 878 863 940 Tarlcs
886 877 985 960 igitur
1004 881 1126 940 liberos
1140 900 1276 940 successor

188 958 366 1041 Episcopus
393 959 513 1042 absque
530 959 640 1042 alique
659 961 861 1044 oppositione
881 964 922 1022 od
946 962 995 1024 ius
1023 962 1185 1024 Ecclesiae
1206 985 1275 1024 reto

190 1041 285 1120 catis,
307 1041 384 1126 quia
409 1063 464 1104 eos
486 1063 552 1104 nou
574 1043 727 1132 aequitas,
748 1045 804 1106 sed
827 1044 1036 1127 improbitas,
1058 1045 1196 1106 absolvit

334 1169 383 1232 De
397 1191 434 1232 eo
455 1169 511 1252 qni
530 1167 571 1230 de
593 1169 723 1232 obiectis
746 1190 779 1229 se
799 1191 977 1254 expurgare
1000 1172 1148 1234 aeluserit.

272 1283 362 1348 XVI.
403 1284 523 1346 Probat
549 1283 607 1344 illa
634 1304 709 1345 vera
732 1303 799 1346 esse
832 1307 915 1368 qnae
953 1287 1126 1348 adversum
1158 1308 1189 1347 se
1213 1287 1275 1346 dicta

188 1375 265 1430 sunt
288 1369 348 1450 qni
373 1367 413 1429 acl
441 1389 479 1428 ca
504 1364 701 1429 confutanda
728 1367 860 1428 minime
886 1367 958 1430 vult
985 1371 1109 1431 adesse.
1149 1371 1232 1430 Unde
1252 1371 1274 1426 in

188 1449 388 1514 secularibus
410 1449 535 1532 legibus
558 1449 721 1510 iuvenitur
742 1451 919 1530 scriptum':
943 1451 1068 1513 iniuste
1096 1452 1195 1514 victus
1214 1453 1276 1509 inira

189 1539 254 1596 tres
285 1553 409 1596 menses
438 1541 566 1616 reptaret
596 1553 733 1596 causam.
784 1533 881 1610 Quod
906 1534 931 1596 si
963 1535 1074 1596 facere
1103 1534 1275 1617 neglexerit,

188 1616 348 1680 eetrtentia
376 1637 459 1700 quae
480 1615 633 1678 adversus
657 1636 733 1677 eum
762 1617 879 1677 collata
909 1616 1010 1676 fuerit
1033 1627 1221 1698 perseveret.
1248 1618 1276 1675 Et

190 1719 232 1762 tte
252 1699 295 1761 sit
313 1697 406 1762 robis
429 1697 626 1760 eucherium
644 1699 696 1760 rel
719 1697 815 1758 etiam
839 1719 880 1759 ue
903 1700 1068 1762 miremini
1088 1700 1174 1782 quod
1191 1700 1224 1760 de
1240 1719 1275 1758 se·

188 1779 356 1844 caloribus
378 1779 505 1864 legibus
526 1782 655 1842 locutus
681 1802 752 1842 euru
775 1780 807 1840 in
834 1792 944 1842 nostro
971 1782 1120 1862 iudicio,
1147 1783 1217 1864 quia
1238 1801 1276 1841 ec·

188 1862 385 1928 eclesiasticae
408 1865 496 1948 leges
524 1870 558 1926 et
577 1862 706 1925 divinae
732 1885 785 1926 eas
805 1866 979 1949 recipiunt.

194 1991 236 2058 Ut
255 2015 333 2080 qnos
359 1999 602 2084 ngiapotcstos
624 1998 815 2076 ingratiam
837 1998 1010 2082 receperit,
1043 2000 1095 2059 his
1121 1997 1209 2057 etiam
1232 1993 1274 2051 mi·

466 2101 560 2144 nores
587 2093 759 2164 potestates
781 2085 1018 2144 conmunicent.
1115 2104 1119 2115 ·

270 2193 375 2258 xvtl.
416 2195 556 2280 Siquos
588 2193 791 2276 culpatorum
813 2197 901 2278 regia
930 2206 1072 2278 potestas
1097 2204 1154 2255 aut
1175 2193 1204 2252 in
1225 2211 1274 2272 gra·

187 2277 263 2340 tiam
290 2277 497 2364 benignitatis
516 2279 678 2360 receperit
701 2287 756 2339 aot
775 2299 902 2340 mensae
928 2303 1005 2342 sune
1028 2280 1197 2362 participes
1221 2271 1273 2334 effe·

189 2361 281 2430 ecrit.
304 2361 362 2424 hos
389 2363 487 2426 etiam
516 2361 724 2424 sacerdotum
754 2369 787 2420 et
807 2364 1002 2442 populorum
1032 2371 1271 2424 conventossas·

188 2443 297 2526 cipere
337 2445 371 2506 in
406 2443 621 2508 ecelesiastica
664 2446 890 2504 communione
927 2446 1089 2507 debebit:
1139 2451 1174 2501 ut
1208 2435 1271 2520 qnod

189 2527 378 2674 prippeipalis
396 2529 498 2614 pietas
523 2528 648 2612 recipit,
666 2549 727 2588 uec
748 2549 766 2587 a
787 2527 1014 2590 Sacerdotibus
1034 2527 1097 2590 Dei
1113 2534 1271 2588 extraneum

214 2635 229 2672 n
263 2633 290 2672 *tt
307 2631 354 2676 ur.

398 2741 446 2802 De
471 2740 571 2803 lt'bero
600 2739 725 2801 tonna
753 2741 787 2800 in
817 2741 935 2802 hostem
962 2742 1104 2810 bannito.

271 2855 398 2920 XVlll.
442 2855 481 2917 Et
506 2856 584 2940 quia
607 2855 641 2918 in
666 2854 790 2917 hostem
810 2864 866 2917 aut
891 2867 1024 2939 propter
1047 2869 1166 2920 terram
1184 2851 1271 2914 desan·

189 2939 327 3002 clonalatn
354 2950 409 3001 ant
437 2949 571 3022 propter
596 2947 715 3002 terram
743 2938 977 3022 adquirendam
1007 2941 1093 3019 itur,
1123 2941 1165 3000 de
1190 2937 1270 2995 lanto-

189 3023 275 3089 νυνὶ.
300 3023 331 3084 itl
358 3031 422 3095 est,
443 3021 483 3084 de
510 3021 630 3104 patriae
650 3023 861 3098 defensione,
893 3045 958 3082 non
982 3023 1080 3084 aliter
1104 3021 1163 3082 nisi
1181 3035 1270 3080 secun·

189 3107 265 3166 «lam
292 3105 386 3166 istum
409 3105 540 3166 modum
569 3104 603 3166 in
638 3107 723 3186 Lege
751 3104 859 3165 autin
885 3106 1044 3184 Capitulis
1070 3108 1272 3186 imperatorum

189 3187 343 3270 seriptum
372 3187 527 3249 ltahernns
551 3189 612 3252 nisi
639 3187 673 3247 in
695 3187 911 3248 anterioribus
934 3187 1093 3271 Capitulis
1117 3190 1155 3248 de
1182 3197 1273 3266 paupe·

187 3269 277 3334 ribus
305 3271 450 3343 Francis,
470 3269 527 3354 qni
554 3271 580 3333 si
606 3291 670 3332 non
698 3267 819 3330 habent
837 3271 923 3331 uude
944 3270 1159 3332 heribannum
1174 3258 1271 3348 persol-

188 3363 277 3425 vant,
301 3365 337 3415 ut
357 3375 390 3418 se
412 3355 446 3414 in
471 3353 640 3416 servitium
670 3353 765 3434 Regis
789 3353 937 3429 tradant,
970 3364 1003 3415 et
1025 3355 1147 3415 tamdiu
1178 3350 1206 3408 io
1231 3362 1271 3400 θο-

188 3437 262 3500 deta
278 3437 409 3500 servitio
426 3445 576 3499 ntancant
590 3457 693 3520 usque
707 3437 785 3497 dum
801 3435 858 3496 ille
872 3434 1072 3498 heribannus
1086 3439 1139 3496 fiat
1154 3425 1270 3516 persolu-

187 3529 248 3582 tns·
271 3519 314 3582 Et
334 3521 361 3582 si
378 3530 521 3583 mortuus
535 3519 634 3581 luerit
650 3519 682 3578 in
699 3518 813 3581 eodem
824 3517 966 3594 servitio,
980 3519 1103 3583 herede
1119 3520 1270 3581 seiussuam

187 3601 401 3666 laentalitatem
419 3603 596 3686 recipiant,
617 3611 650 3664 et
672 3621 733 3662 nec
755 3601 797 3662 de
818 3601 965 3661 libertate
984 3622 1046 3662 uec
1069 3604 1110 3664 dc
1131 3603 1192 3682 ipso
1209 3592 1270 3650 ben·

190 3709 233 3748 no
263 3687 395 3748 chartarii
429 3686 514 3745 liant.
570 3683 729 3746 Similiter
755 3683 788 3742 iu
819 3685 1051 3765 posterioribus
1083 3675 1218 3765 capitulis
1238 3668 1268 3763 fle

189 3770 384 3854 pntttpcribus
406 3765 537 3830 Fratrels
553 3766 673 3828 ibidem
695 3765 849 3862 scriptum
865 3765 1049 3829 invenimus
1070 3778 1108 3828 ut
1126 3773 1268 3853 unusquis·

189 3873 254 3936 que
278 3854 393 3914 Cernes
415 3850 574 3913 clescrilatt
598 3849 713 3934 quanti
744 3857 811 3912 sant
836 3849 870 3909 in
895 3873 954 3911 suo
982 3850 1133 3912 comitatu
1153 3850 1268 3930 q11¹·Per

188 3957 223 3997 se
246 3933 369 3996 hostem
402 3937 508 3996 [atcere
535 3955 600 3996 non
628 3941 779 4016 possunt,
807 3942 843 3994 ut
872 3934 951 3996 alios
978 3934 1181 4004 adlauuiant,
1204 3921 1268 3982 sicut

191 4017 236 4081 ibi
261 4019 419 4104 seriptum
446 4027 503 4080 est.
