2712 4992
193 287 265 364 388
645 309 835 366 roauusss

190 459 223 512 ct
250 449 294 508 ita
320 447 471 529 deinceps
495 450 527 508 iu
555 448 625 512 iure
646 459 680 512 et
700 449 917 514 dominatione
947 453 1015 513 eius
1042 466 1218 534 permaneat,
1238 467 1264 516 et

189 553 249 614 per
280 533 366 591 branc
393 539 599 612 pracceptum
626 533 752 615 plenius
788 535 820 594 in
852 537 915 597 Dei
942 534 1071 594 nomine
1100 536 1175 596 circa
1202 561 1265 598 eum

190 615 357 674 sull'ultum
379 623 474 692 atque
501 616 721 674 confirmatum
741 615 860 698 ubsque
881 617 979 678 ullius
1002 617 1213 697 inquietudine
1230 630 1266 677 te·

190 706 265 756 neat
286 705 317 755 et
344 695 520 776 possideat,
541 699 670 778 suisque
697 699 830 778 posteris
856 710 912 760 aut
939 698 1120 780 cuicunque
1148 701 1267 762 voluerit

189 780 228 838 ad
249 777 475 862 possidendum
497 779 711 861 derelinquat.
752 785 855 858 Quam
882 804 959 844 vcro
980 782 1193 842 auctoritatem
1210 804 1267 863 pro·

188 861 258 944 pria
278 880 374 920 uranu
395 859 505 920 subter
525 864 676 924 roborare
699 864 908 929 decrevimus.

600 990 681 1050 Item
715 1012 894 1074 appennem.

270 1106 430 1172 XXVIII.
473 1106 679 1167 Consuetudo
700 1105 796 1168 huius
822 1108 885 1168 loci
911 1109 963 1169 vel
992 1108 1090 1170 etiam
1118 1108 1193 1191 legis
1214 1118 1269 1170 ter·

186 1212 283 1251 reuae
307 1191 446 1250 iustitiae
478 1197 602 1248 constat
639 1210 706 1251 esse
734 1199 937 1271 prospectum
965 1201 1002 1251 ut
1034 1192 1215 1274 quicunque
1240 1194 1269 1250 ab

187 1273 347 1332 incendiis
370 1273 423 1332 vel
447 1272 591 1331 hostibus
608 1293 665 1332 seu
689 1274 705 1331 a
725 1272 902 1332 latronibus
921 1273 1022 1334 fuerit
1044 1295 1204 1356 perpessus
1223 1273 1271 1334 dis-

187 1355 361 1436 pendium,
383 1363 507 1436 oportet
531 1353 590 1413 sibi
614 1353 675 1413 lroc
694 1375 769 1413 casu
791 1353 823 1412 iu
844 1355 914 1414 foro
937 1355 1070 1436 publico
1097 1357 1148 1416 vel
1177 1354 1269 1416 civita·

187 1447 218 1495 tc
241 1459 314 1496 cum
338 1438 426 1496 curia
449 1437 577 1517 publica
602 1446 632 1494 et
657 1437 825 1495 defensore
852 1437 905 1495 vel
927 1439 1065 1518 reliquis
1090 1438 1206 1498 civibus
1220 1459 1267 1518 pu-

186 1520 318 1580 blicare.
361 1519 487 1580 Idcirco
509 1521 584 1579 darm
610 1540 674 1577 nou
699 1518 833 1577 babetur
850 1518 1051 1600 incognitum
1073 1520 1207 1600 qualiter
1223 1521 1271 1578 ho-

186 1623 237 1660 mo
268 1601 396 1660 nomine
427 1602 482 1661 ille
507 1625 564 1683 per
593 1602 737 1660 timorem
763 1601 850 1660 illius
876 1603 932 1680 qui
956 1604 1110 1662 Turonas
1132 1601 1272 1661 civitatem

186 1705 271 1742 aiano
293 1692 458 1762 praesente
480 1683 639 1743 hostiliter
659 1683 765 1758 venit,
798 1691 830 1741 et
854 1683 955 1743 multa
975 1685 1058 1742 mala
1081 1683 1197 1744 ibidem
1212 1705 1271 1765 per-

186 1767 322 1845 petravit
347 1776 521 1824 strumenta
542 1790 598 1826 sua
623 1766 662 1826 de
684 1765 753 1825 loca
776 1765 979 1824 denominata
1006 1767 1060 1826 vel
1090 1765 1130 1826 de
1156 1765 1272 1826 disersis

190 1847 394 1907 lacultatibus
421 1849 485 1908 suis
513 1850 624 1908 subtus
649 1857 765 1907 terram
794 1849 827 1906 in
854 1849 931 1907 villa
956 1849 1009 1907 illa
1034 1848 1143 1924 misit,
1176 1857 1204 1908 et
1223 1847 1271 1906 ibi-

186 1932 259 1988 dem
279 1940 546 2010 compntrueruut
571 1940 604 1990 ct
627 1930 803 2010 perierunt,
826 1939 994 2011 propterea
1018 1931 1049 1988 ci
1074 1950 1201 1990 necesse
1223 1930 1272 1988 fuit

186 2025 221 2071 ut
246 2036 309 2072 urm
337 2036 409 2072 cum
432 2014 543 2072 notitia
563 2013 759 2092 pagensium,
782 2014 839 2090 qui
862 2013 921 2071 hoc
942 2011 1111 2094 cognitum
1129 2011 1207 2072 bene
1225 2010 1271 2068 ba-

157 2095 314 2178 'bebaut,
343 2098 493 2156 'l'urnnus
515 2095 643 2154 civitate
667 2115 847 2174 appenuem
875 2094 993 2154 exinde
1015 2093 1173 2154 deberent
1191 2093 1271 2152 adfir-

184 2195 300 2246 mare;
337 2186 371 2234 ut
398 2187 685 2256 quantumcunque
707 2197 765 2256 per
790 2176 856 2256 ipsa
877 2183 1055 2236 strumenta
1076 2185 1141 2234 tam
1165 2176 1196 2233 iu
1217 2185 1270 2234 ter-

185 2256 229 2316 ris
251 2278 346 2336 quam
374 2257 406 2316 in
429 2258 611 2340 mancipiis,
634 2279 690 2317 seu
714 2267 746 2317 et
772 2259 907 2338 reliquis
932 2258 1051 2329 rebus,
1083 2257 1164 2318 sicut
1186 2277 1270 2336 usque

186 2359 272 2398 rrunc
298 2340 408 2420 qrueto
432 2340 545 2400 ordine
569 2340 673 2400 tenuit
694 2347 726 2398 et
746 2341 903 2421 possedit,
936 2342 1034 2399 itaet
1057 2339 1221 2399 admodum
1237 2338 1270 2394 li-

185 2430 256 2481 ceat
288 2423 416 2480 inantea
446 2422 527 2501 ipsas
552 2443 602 2482 res
633 2422 742 2502 quiete
768 2431 877 2481 tenere
909 2433 942 2484 et
966 2421 1149 2506 possidere,
1179 2429 1208 2480 et
1230 2418 1272 2478 cui

184 2503 334 2580 volucrit,
358 2503 484 2564 Christo
507 2504 702 2579 transiliente,
734 2503 972 2585 derelinquere.
1013 2503 1111 2564 Unde
1138 2501 1272 2562 convenit

186 2597 222 2646 ut
245 2586 322 2646 duas
352 2587 499 2667 epistolas
527 2609 591 2645 mm
615 2595 727 2645 tenore
762 2589 956 2669 conscriptas
988 2585 1110 2645 exinde
1141 2584 1205 2643 fieri
1229 2581 1272 2640 vel

185 2668 350 2728 adlirmare
373 2669 545 2744 deberent,
567 2678 602 2726 ut
622 2690 687 2726 una
714 2668 747 2725 in
770 2668 840 2726 foro
861 2670 992 2751 publico
1013 2669 1048 2726 in
1072 2667 1142 2748 ipsa
1162 2665 1272 2725 civitate

184 2751 225 2810 sit
247 2747 384 2828 adlieta,
423 2751 517 2808 alienu
542 2773 619 2813 vero
646 2750 712 2830 ipse
737 2771 848 2809 seeum
879 2774 936 2834 pro
962 2751 1090 2810 cautela
1114 2759 1146 2809 et
1171 2758 1273 2826 tempo-

184 2854 218 2890 ra
246 2834 356 2892 futura
378 2834 460 2914 apud
483 2853 515 2892 se
546 2832 702 2906 retineat,
736 2841 772 2890 ut
796 2831 823 2892 si
849 2833 880 2892 ei
902 2836 1031 2894 inantea
1057 2851 1189 2890 necesse
1213 2830 1272 2886 fue-

150 2973 155 2988 ,
184 2916 250 2988 rit,
279 2916 311 2973 in
335 2916 510 2995 praesentia
537 2915 632 2996 Regis
661 2923 715 2974 aut
737 2914 897 2998 Principis
926 2914 990 2978 loci
1016 2912 1058 2975 sit
1084 2909 1271 3002 proferenda.

185 2998 300 3056 Actum
326 2998 455 3061 ibidem.

484 3123 594 3186 Editio
617 3125 733 3204 legibus
754 3127 982 3209 comprehensa.

265 3241 389 3306 XXIX.
410 3243 476 3300 Lex
488 3242 628 3299 Romana
646 3263 703 3322 pro
726 3241 863 3301 utilitate
879 3241 1012 3302 humani
1030 3246 1161 3328 generis
1173 3265 1269 3327 expos·

183 3325 227 3385 cit
249 3336 284 3387 ut
305 3326 329 3384 si
353 3324 481 3404 quaudo
505 3324 726 3403 cuiuscunque
757 3323 874 3383 iniusta
894 3327 1068 3406 appellatio
1098 3327 1268 3410 comproba-

138 3481 143 3486 *
182 3419 246 3485 tur,
268 3417 410 3490 sumptus
433 3426 513 3484 quos
530 3416 599 3485 post
620 3405 868 3485 appellationem
889 3409 1108 3470 adversariam
1128 3433 1214 3472 suurn
1227 3431 1268 3467 ac·

183 3501 310 3551 cusator
333 3488 489 3568 compulit
510 3488 679 3563 sustinere,
703 3508 767 3546 non
791 3489 825 3546 iu
857 3488 1006 3571 simplum
1025 3491 1056 3550 ei
1077 3494 1135 3554 sed
1156 3493 1187 3552 in
1204 3513 1268 3570 qua·

183 3575 336 3654 druplum
364 3573 403 3630 ab
426 3580 607 3630 accusatore
632 3577 763 3650 cogatur
778 3569 914 3635 restitui.
958 3573 1061 3653 Igitur
1081 3595 1141 3655 ego
1161 3575 1193 3633 in
1217 3571 1267 3644 Dei

183 3657 313 3716 nomine
336 3654 403 3730 ille,
426 3653 502 3714 dum
529 3673 594 3710 noa
621 3661 667 3712 est
686 3651 888 3732 incognitum
905 3655 1046 3733 qualiter
1067 3657 1152 3736 apud
1174 3666 1202 3715 te
1220 3653 1268 3710 ho-

183 3762 233 3798 uto
261 3739 315 3797 ille
340 3735 468 3796 nomine
492 3735 548 3793 illo
570 3733 603 3792 in
625 3733 764 3792 rationes
792 3734 937 3815 publicas
958 3745 1031 3795 ante
1053 3736 1185 3798 inlustre
1205 3736 1266 3798 viro

182 3824 240 3880 illo
263 3818 315 3879 vel
340 3817 474 3896 reliquis
501 3815 579 3875 viris
602 3816 659 3895 qui
687 3815 796 3874 subter
819 3825 972 3876 tenentur
988 3819 1112 3896 inserti,
1129 3823 1265 3878 Turonas

182 3905 310 3964 civitate
333 3900 446 3960 adsteti
471 3900 510 3958 de
531 3898 691 3977 aliquibus
713 3897 838 3958 locellis
857 3900 1116 3981 nuncupantibus
1137 3902 1206 3975 illis,
1226 3898 1265 3957 si·

180 3989 220 4046 tis
243 3986 275 4042 in
302 4005 383 4066 pago
413 3982 494 4057 illo,
524 4001 605 4060 quae
633 3979 711 4037 mihi
736 4001 794 4061 per
818 3981 959 4061 legitima
981 3982 1179 4044 successione
1199 3990 1265 4041 sunt

182 4067 299 4140 debita,
323 4076 354 4125 ct
374 4074 409 4123 tu
433 4063 592 4144 praesenti
620 4070 762 4142 tempore
792 4063 875 4122 malo
901 4062 1013 4124 ordine
1038 4085 1090 4126 eos
1113 4063 1263 4146 possidere

180 4149 316 4216 videris;
351 4146 436 4206 unde
459 4146 544 4225 apud
571 4165 620 4202 mc
643 4144 675 4201 in
698 4145 1042 4224 responsum‘introire
1064 4145 1200 4222 noluisti,
1217 4143 1261 4203 ni·

177 4233 214 4304 si,
238 4231 320 4291 sicut
345 4230 399 4290 lox
428 4228 550 4303 edocet,
566 4227 625 4288 tibi
648 4225 890 4309 inscriptionem
911 4227 950 4290 de
970 4228 1144 4314 sumptibus
1164 4239 1194 4290 et
1214 4247 1259 4288 ea·
