2786 4980
145 325 182 402 t*
340 347 396 406 n.
414 345 524 405 esur>
603 341 873 405 carisomus
944 347 1019 414 ns..

149 486 206 566 (Ut
227 505 316 553 nemo
338 490 506 573 quicquum
519 483 598 568 Regi
615 499 729 552 contra
755 488 894 551 institue
916 493 1256 578 rationem'mggerat.)

143 618 150 630 ·
182 631 184 636 ·
227 596 285 666 lv.
325 596 425 676 Quod
451 604 490 658 ut
518 595 649 658 facilius
677 605 775 678 utque
803 596 956 662 obnixius
978 609 1088 664 nostru
1104 602 1257 674 sartoris

146 693 193 744 tas
210 681 316 746 valeat
333 679 521 758 observare,
538 699 661 742 omnes
686 678 772 741 sicut
790 678 825 741 in
851 693 958 744 vestra
987 682 1072 748 hene
1096 706 1256 752 memora-

76 777 88 790 *
145 764 206 826 hili
222 769 256 834 c)
276 761 508 829 convenientia
529 760 714 846 pepigistis,
736 765 1126 848 conservarestudebitis.
1153 769 1255 832 Immo

146 846 244 908 etium
266 845 376 909 cuncti
400 844 434 906 iu
461 844 667 927 postmodum
696 845 834 924 sollicite
866 848 1104 928 praecavebunt
1128 872 1169 912 ne
1193 851 1256 914 uli-

146 929 235 1012 quis,
263 949 324 1012 pro
346 947 542 1010 quacunque
563 926 689 1010 privato
720 929 965 1006 commoditate,
995 941 1051 993 aut
1077 933 1256 996 reiioienda

147 1010 342 1095 eupiditate,
367 1010 436 1073 sive
463 1009 601 1071 alicuius
633 1011 920 1092 consanguinitatis
949 1013 1003 1078 vel
1029 1015 1255 1080 familiaritatis

147 1115 205 1155 seu
233 1093 391 1156 amicitiae
419 1091 671 1169 coniunctione,
700 1092 794 1154 nobis
821 1093 1062 1160 immoderatius
1081 1107 1254 1184 suggerat,

146 1177 201 1238 rel
225 1174 520 1258 postulationihus,
544 1183 600 1235 aut
620 1175 769 1256 quolibet
801 1178 897 1239 modo
926 1178 1053 1242 inliciat
1079 1191 1118 1243 ut
1142 1190 1255 1244 contra

110 1267 114 1272 ”
146 1256 304 1320 iustitium
323 1268 357 1320 et
377 1257 554 1335 rationem,
577 1267 611 1318 et
626 1258 729 1320 nostri
745 1259 885 1322 nominis
904 1261 1095 1346 dignitatem
1113 1285 1152 1327 ac
1172 1263 1255 1351 regi·

145 1341 242 1401 minis
263 1339 478 1424 aequitatem,
503 1360 641 1422 agamus.

161 1430 166 1450 ¹
195 1445 251 1522 (Ut
272 1449 301 1506 si
320 1443 401 1530 quid
418 1446 495 1525 Regi
515 1446 695 1528 subreptum
716 1459 784 1518 est,
805 1444 959 1530 fideliter
977 1447 1205 1535 admoneatur.)

228 1552 269 1614 V.
309 1547 396 1618 Etsi
409 1553 493 1614 forte
508 1553 697 1634 subreptum
715 1554 806 1616 nobis
816 1556 985 1638 quippiam
1000 1557 1254 1624 uthominifue-

146 1635 207 1717 rit,
228 1645 452 1722 competenter
470 1645 502 1696 et
521 1635 679 1714 fideliter,
701 1647 797 1718 prout
819 1638 1011 1702 sublimitati
1037 1641 1144 1724 regiae
1172 1665 1253 1706 con·

147 1720 257 1798 venit,
278 1729 312 1781 et
327 1718 569 1784 necessitutibus
584 1718 803 1780 subiectorum
816 1721 963 1804 expedit,
985 1731 1022 1785 ut
1033 1723 1097 1785 hoc
1109 1725 1253 1798 rationu

146 1803 258 1869 biliter
275 1801 473 1886 corrigatur,
498 1810 603 1864 vestra
623 1800 728 1863 fidelis
745 1801 875 1864 devotio
892 1804 1064 1868 admonere
1079 1808 1214 1872 curabit.

238 1913 315 1988 (De
339 1911 380 1972 iis
401 1911 456 1994 qui
478 1911 592 1970 initum
612 1908 800 1971 concordiae
818 1907 939 1990 foedus
957 1913 1151 1998 irruperint.)

231 2019 293 2088 Vl.
332 2019 478 2082 Tandem
489 2027 596 2078 autem
610 2016 715 2078 visum
728 2027 776 2078 est
788 2018 879 2078 nobis
892 2017 1127 2100 adnecterent
1140 2021 1167 2084 si
1180 2022 1254 2106 quis

139 2105 210 2182 ¹hoc
230 2104 345 2167 foedus
363 2099 555 2164 concordiae
571 2097 717 2173 salubris,
734 2099 973 2184 quodpropter
988 2103 1075 2184 pacis
1097 2104 1254 2167 caritatis-

147 2208 212 2270 que
228 2185 406 2249 custodiam
424 2181 604 2258 inivimus,
628 2191 661 2242 et
687 2181 902 2264 chyrographi
922 2184 1042 2246 virtute
1062 2187 1254 2272 subscripsi-

63 2289 66 2295 ·
146 2292 240 2343 mus,
253 2267 380 2331 ,rebelli
396 2276 493 2348 atque
517 2265 624 2324 animo
638 2261 795 2346 pertinaci
816 2261 988 2348 inruperit,
1003 2267 1185 2330 Christiana
1203 2267 1256 2331 di·

141 2352 288 2415 lectione
306 2350 535 2423 admoneatur,
558 2352 591 2408 et
621 2347 662 2407 ad
680 2346 910 2408 inconvulsum
930 2349 1069 2412 caritatis
1086 2351 1256 2414 vinculum

147 2433 406 2498 conservandum
427 2427 526 2512 (quod
542 2430 600 2512 qui
621 2429 794 2491 tentaverit
810 2451 1027 2513 corrumpere,
1048 2434 1175 2498 facilius
1197 2457 1254 2518 po-

146 2517 223 2578 terit
236 2538 270 2579 se
286 2518 392 2600 ipsum
411 2512 611 2594 disrumpere
624 2532 726 2594 quam·
740 2511 823 2573 illud
839 2513 938 2596 possit
953 2514 1149 2598 inrumpere)
1163 2517 1253 2578 iuxta

148 2599 271 2662 monitu
285 2598 395 2663 divina
411 2603 448 2658 ut
460 2593 635 2676 resipiscat,
652 2593 819 2655 hortetur·
851 2597 894 2656 Et
911 2595 937 2656 si
968 2598 1118 2677 audierit,
1138 2597 1193 2660 fiat
1212 2599 1252 2660 de

146 2682 299 2744 societate
321 2679 412 2742 fideli
425 2676 572 2741 omnibus
592 2676 752 2760 gaudium.
773 2677 807 2736 Si
829 2700 907 2739 vero
926 2677 1080 2742 obaudire
1094 2680 1253 2761 renuerit,

146 2775 225 2826 tunc
242 2763 439 2848 pontificalis
456 2759 628 2821 auctoritas
647 2768 679 2820 et
696 2756 813 2842 regalis
828 2759 1017 2842 sublimitas,
1032 2761 1127 2844 atque
1143 2764 1177 2823 iu
1198 2783 1252 2824 ca-

144 2847 248 2910 ritatis
273 2846 479 2910 connexione
507 2841 749 2925 persistentium
781 2843 1038 2924 magnanimitas,
1073 2845 1254 2910 seeundum

145 2929 235 3012 quod
252 2951 304 2992 res
321 2938 354 2991 et
368 2924 539 2990 necessitas
558 2923 780 3007 postulaverit,
810 2945 847 2986 ac
873 2925 954 2986 ratio
977 2927 1167 3010 expetierit,
1193 2949 1252 2990 seu

143 3010 292 3095 qualitati
309 3028 465 3093 personae
482 3007 681 3084 convenerit,
696 3007 803 3067 zelum
821 3029 896 3068 suae
913 3007 1092 3072 devotionis
1117 3011 1252 3072 ferven-

145 3093 268 3154 tissime
284 3101 405 3170 exerat,
428 3099 459 3151 et
483 3086 591 3171 quod,
615 3088 1055 3171 inspi·rante'Deo,agendum
1069 3092 1104 3153 in
1122 3115 1253 3154 omnem

145 3174 255 3236 salutis
284 3183 318 3235 et
333 3173 482 3234 utilitatis
508 3180 604 3253 atque
623 3171 799 3234 honestatis
817 3181 942 3257 partem
966 3173 1174 3257 iudicaverit,
1197 3175 1250 3244 iu-

144 3255 386 3340 refragabiliter
405 3263 544 3339 peragat.

484 3452 790 3516 TITULUS
854 3453 916 3516 1‘1.

340 3575 497 3634 Srrour
539 3591 592 3631 su
634 3569 851 3632 Trunorrs
893 3589 1059 3676 grutam

140 3703 169 3766 ⁴.
239 3695 296 3767 (De
318 3707 416 3773 pace,
440 3698 472 3749 et
491 3687 646 3748 derebus
673 3685 892 3748 Ecclesiarum
913 3685 1151 3765 restaurandis.)
1254 3679 1256 3686 ’

141 3811 354 3903 Sequuntur
383 3805 559 3898 Cupitula
585 3828 680 3896 quae
703 3816 792 3874 actu
815 3815 902 3874 sunt
920 3804 960 3875 in
969 3803 1119 3895 Synodo
1143 3827 1251 3886 secus

149 3909 338 3980 Teutonis
364 3907 491 3978 villam
511 3901 882 3995 schismatumque·
901 3903 1248 3994 diciturludicinm,

143 4009 293 4100 quaudo
319 4020 395 4076 tres
410 4007 563 4097 fratres
585 4002 746 4094 gloriosi
769 4003 986 4096 Principes,
1021 4001 1251 4073 Hlotdarius

140 4109 324 4195 videlicet,
339 4103 612 4196 Hludouoicus,
633 4115 668 4172 et
676 4103 844 4174 Karous
858 4101 972 4172 simul
985 4114 1247 4196 convenerunt,

148 4238 356 4252 m-

176 4292 206 4360 c)
225 4289 259 4341 al.
279 4306 326 4340 ms.
346 4289 507 4344 memoriali.
