2786 4980
142 304 204 392 76,
373 321 507 382 nean.
616 320 861 376 carrruman
965 325 1024 393 ⁸57.

138 463 209 524 lum
231 460 402 525 ostendere
420 461 531 525 decuit
545 485 552 532 ;
585 470 617 521 ct
633 460 722 522 illins
750 462 984 528 adhortatione·
998 477 1032 530 et
1046 467 1261 532 interventio·

139 567 181 620 ne
208 545 352 619 devenit,
373 549 444 610 Deo
462 547 588 628 gratias,
611 543 684 604 talis
703 547 899 610 unanimitas
929 549 1081 612 interme
1104 562 1137 614 et
1152 553 1257 616 honae

138 629 312 691 memoriae
334 631 467 691 fratrem
492 650 599 688 mcum
619 625 825 692 Hlotlrarium
844 632 929 693 sicut
948 632 1033 696 inter
1053 637 1168 698 fratres
1188 656 1257 698 esse

138 710 287 779 debebat.
308 713 351 774 Et
365 723 499 795 propter
518 711 597 772 tales
618 729 739 783 causas,
762 733 845 792 (que
867 715 951 776 sicut
976 715 1064 779 inter
1093 740 1151 778 nos
1174 739 1258 779 con-

138 795 316 872 iacucrant,
341 795 523 857 invenimus
541 815 616 856 cnm
633 795 858 858 communibus
878 797 1028 862 fidelibus
1048 801 1164 862 nostris
1179 802 1259 884 quia

139 897 271 939 necesse
296 888 365 939 erut
390 886 427 938 ut
454 878 541 938 inter
567 897 625 937 nos
650 875 782 937 firmitas
808 880 891 941 facta
914 880 1046 962 fuisset,
1075 885 1258 944 secundum

134 958 199 1020 Dei
221 959 440 1038 voluntatem,
465 962 504 1022 de
533 967 642 1020 nostro
667 963 831 1020 communi
851 965 1002 1046 profectu
1027 974 1060 1027 et
1081 967 1256 1046 adiutorio,

138 1051 171 1104 ct
194 1042 234 1104 de
264 1043 406 1105 filiorum
429 1068 464 1106 ac
489 1041 582 1125 regni
605 1051 637 1103 et
664 1042 811 1104 fidelium
837 1040 1022 1108 nostrorum
1045 1049 1256 1128 salvamento,

137 1125 220 1186 sicut
241 1133 319 1188 tunc
343 1127 621 1209 adcognitavimus
639 1124 756 1188 nostris
773 1130 996 1194 communibus
1025 1131 1177 1194 fidelibus
1197 1133 1257 1215 qui

138 1209 322 1282 adfuerunt.
365 1211 408 1271 Et
433 1211 488 1271 ille
517 1209 551 1269 in
578 1208 722 1270 suavita
752 1220 863 1271 contra
888 1234 947 1274 nos
976 1215 1189 1293 conservavit,
1212 1225 1256 1294 et,

137 1292 207 1352 Deo
241 1292 367 1373 gratias,
391 1314 449 1354 nos
471 1301 584 1355 contra
605 1292 699 1353 illum
717 1295 991 1375 conservavimus,
1015 1307 1047 1359 et
1079 1307 1190 1358 contra
1219 1299 1257 1358 il·

136 1373 201 1435 lius
223 1375 306 1437 filios
334 1385 468 1460 nepotes
486 1383 623 1453 nostros,
646 1374 819 1438 adiuvante
843 1379 933 1456 Deo,
959 1388 1117 1460 quantum
1137 1381 1257 1443 scimus

136 1465 170 1520 et
191 1478 373 1541 possumus,
389 1469 420 1519 et
437 1458 488 1520 illi
504 1459 545 1523 ad
567 1480 625 1520 nos
648 1457 856 1539 quaesierint,
877 1482 1071 1524 conservare
1093 1464 1257 1530 volumus.

222 1539 268 1607 ll.
309 1543 386 1603 Post
408 1542 532 1604 obitum
561 1562 638 1604 vero
664 1540 764 1621 illius,
788 1563 828 1606 ex
852 1553 945 1625 parte
967 1567 1027 1627 pro
1051 1567 1139 1626 mea,
1172 1546 1257 1608 sicut

137 1622 281 1700 audistis,
305 1623 501 1704 infirmitate,
525 1633 556 1688 et
574 1633 663 1704 parte
687 1645 745 1706 pro
765 1625 968 1707 Paganornm
989 1629 1256 1710 superventione,

139 1715 172 1766 et
193 1729 250 1788 pro
275 1706 345 1767 aliis
368 1708 635 1790 occupationibus
650 1710 681 1786 n)
703 1727 786 1788 quae
808 1709 840 1768 in
866 1731 967 1792 regno
991 1721 1101 1772 nostro
1126 1712 1256 1774 aecide-

135 1799 238 1868 runt,
272 1811 375 1871 usque
396 1792 491 1854 modo
511 1811 577 1854 non
599 1789 660 1850 fuit
676 1799 878 1872 opportunus
899 1793 991 1856 locus
1016 1803 1052 1854 nt
1072 1815 1132 1876 ego
1146 1803 1179 1858 et
1194 1793 1254 1858 iste

135 1893 227 1934 meus
253 1871 434 1934 carissimus
456 1895 556 1956 nepos
584 1871 718 1934 insimul
739 1874 925 1956 parabolare
956 1877 1191 1960 potuissemus,
1223 1887 1257 1938 et

137 1954 281 2018 invicem
308 1955 401 2019 nobis
427 1965 613 2040 praesentes
643 1965 767 2018 nostras
796 1957 979 2022 voluntates
1015 1959 1256 2023 demonstrare-

136 2060 228 2115 mus,
259 2059 339 2124 qnas
368 2039 402 2100 in
435 2038 532 2102 corde
566 2037 792 2122 unusquisque
816 2050 929 2102 contra
963 2043 1103 2106 alterurn
1129 2043 1258 2106 retine-

137 2122 259 2184 bamus.
678 2179 680 2185 .

221 2203 284 2267 lll.
326 2205 447 2270 Evenit
470 2215 578 2268 autern
601 2206 694 2268 locus
710 2227 886 2289 congruns,
908 2207 985 2290 quia
1007 2207 1065 2270 iste
1089 2229 1178 2270 meus
1201 2231 1257 2270 ca-

135 2286 280 2350 rissimus
304 2310 404 2374 nepos
426 2310 500 2352 cum
518 2287 727 2352 dilectissimo
745 2291 843 2354 fratrc
864 2313 935 2353 meo
968 2290 1177 2354 llludonvico
1203 2313 1259 2373 pa-

102 2419 109 2436 .
137 2371 307 2451 rabolavit,
330 2383 361 2440 et
382 2373 448 2434 tale
465 2381 634 2455 receptum
649 2380 681 2434 et
700 2373 874 2434 consilium
900 2372 933 2434 in
957 2396 995 2435 eo
1022 2374 1150 2436 invenit
1171 2374 1256 2436 sicut

137 2462 171 2515 et
201 2454 253 2515 isti
278 2476 408 2517 necesse
431 2454 495 2515 suit
520 2465 554 2518 et
577 2452 672 2516 illum
696 2455 914 2516 demonstrare
937 2455 1060 2519 decuit:
1089 2455 1178 2536 qnod
1199 2454 1257 2514 mi-

137 2537 173 2600 hi
201 2538 277 2598 satis
305 2537 510 2619 complacuit.
551 2539 592 2599 Et
614 2559 714 2612 nunc,
738 2537 868 2619 quando
896 2558 1023 2598 mecum
1043 2537 1257 2619 parabolavit,

123 2619 223 2682 ,dixit
242 2620 322 2680 mihi
344 2621 434 2702 quod
458 2621 492 2680 in
521 2619 580 2682 illa
608 2619 757 2702 firmitate
779 2642 877 2702 quam
901 2641 961 2702 ego
986 2631 1172 2703 compatre
1195 2641 1255 2682 suo

127 2703 241 2765 ‘bonae
262 2704 434 2766 memoriae
456 2705 554 2766 fratre
575 2725 648 2765 meo
670 2703 748 2783 feci,
776 2713 808 2764 et
829 2703 924 2762 illum
946 2703 1092 2785 suscepi,
1128 2703 1161 2762 in
1187 2703 1256 2785 ipsa

136 2785 341 2869 susceptione
369 2785 469 2849 vellet
501 2807 731 2868 perseverare,
763 2795 797 2848 et
826 2783 918 2844 illam
944 2785 1127 2847 firmitatem
1158 2807 1258 2867 qnam

136 2893 213 2932 suus
234 2878 326 2952 pater
346 2891 437 2930 meus
455 2870 556 2930 frater
575 2878 687 2932 contra
709 2889 758 2928 me
785 2867 919 2945 fecerat,
949 2868 1058 2945 vellet,
1082 2868 1256 2930 adiurante

136 2953 290 3027 Domino,
314 2973 373 3031 per
391 2950 498 3011 omnia
520 2952 701 3013 observare.

220 3035 276 3100 lv.
320 3033 363 3094 Et
389 3033 572 3095 invenimus
602 3055 677 3095 cum
700 3033 924 3094 communibus
955 3033 1103 3096 fidelihus
1136 3032 1255 3094 nostris

138 3129 175 3178 nt
195 3139 254 3199 pro
278 3115 396 3192 talibus
417 3116 669 3193 necessitatibus,
705 3115 790 3176 sicut
812 3115 901 3177 scitis
924 3127 956 3178 et
984 3116 1099 3194 ridetis
1131 3117 1163 3176 in
1194 3115 1258 3175 isto

137 3222 239 3282 regno
260 3199 403 3276 evenire,
428 3221 485 3259 nos
506 3197 645 3260 invicem
668 3198 940 3276 confirmaremus,
961 3198 1045 3261 sicut
1068 3207 1100 3260 et
1118 3198 1256 3260 fecimus

138 3293 176 3345 ut
196 3282 237 3342 ad
257 3281 417 3342 honorem
430 3291 564 3348 ‚sanctae
589 3281 651 3343 Dei
673 3281 838 3344 Ecclesiae
860 3291 893 3342 et
910 3303 1113 3342 communem
1129 3281 1257 3364 prolec-

138 3376 209 3427 tnm
228 3386 264 3424 ac
281 3363 427 3424 fidelium
442 3373 626 3426 nostrornm
645 3365 890 3441 salvamentum,
913 3373 944 3425 et
956 3385 1093 3446 regnum
1111 3375 1260 3424 nostrum

140 3457 253 3511 contra
269 3469 482 3530 quoscunque
502 3447 595 3507 uobis
617 3468 747 3508 necesse
765 3447 866 3508 fuerit
886 3447 1138 3523 continendum,
1168 3445 1257 3508 invi-

139 3551 287 3594 cemrnos
304 3531 462 3592 salvemus
476 3539 508 3592 et
526 3529 727 3606 adiuvemus,
752 3528 836 3590 sicut
855 3529 1037 3592 avunculus
1054 3539 1205 3610 nepotem
1224 3538 1258 3590 et

139 3636 240 3700 nepos
263 3613 461 3675 avunculum
482 3623 684 3697 perrectum
705 3613 830 3673 salvare
853 3623 885 3673 et
902 3611 1052 3673 adiuvare
1068 3612 1174 3673 dehet.

221 3696 262 3757 V.
306 3697 349 3757 Et
375 3697 477 3757 nostri
507 3696 633 3773 fideles,
663 3695 718 3778 qni
747 3705 931 3778 praesentes
954 3696 1107 3771 luerunt,
1137 3705 1169 3755 et
1192 3691 1257 3754 hoc

139 3779 315 3844 consilium
338 3779 429 3839 nobis
453 3779 625 3856 dederunt,
648 3778 805 3838 dixerunt
825 3778 916 3838 nohis
943 3777 1031 3858 quod
1055 3777 1155 3859 parati
1181 3785 1259 3837 sunt

140 3887 210 3942 noe,
233 3860 413 3922 auxiliante
435 3861 589 3938 Domino,
614 3861 647 3919 in
671 3859 820 3922 omnibus
842 3861 993 3921 adiuvare
1020 3869 1057 3918 ut
1082 3859 1174 3920 istam
1200 3859 1257 3916 lir-

139 3947 284 4008 mitatem
303 3944 460 4026 possimus
489 3944 528 4004 ad
550 3943 694 4006 invicem
715 3944 895 4004 observare.
947 3945 989 4004 Et
1020 3952 1259 4025 proptereavo·

140 4033 247 4091 lumus
270 4050 287 4086 a
308 4026 397 4089 vohis
417 4034 561 4089 vestrum
587 4045 782 4088 consensum
808 4035 839 4088 et
861 4028 1060 4088 voluntatem
1080 4025 1204 4099 audire,
1229 4021 1258 4082 si

141 4123 173 4175 et
186 4113 248 4172 hoe
260 4110 439 4172 vobisbene
456 4109 595 4188 videtur,
620 4118 651 4172 et
667 4109 759 4172 nohis
777 4109 854 4173 inde
872 4109 1029 4172 auxilium
1046 4107 1143 4174 vultis
1163 4127 1257 4192 prae·

180 4307 215 4375 n)
235 4304 353 4370 Legend.
373 4303 574 4358 occasionibus.
