2658 4978
216 289 287 362 132
424 307 554 366 acan.
660 305 899 366 clanculam
944 271 947 280 ’
1001 318 1063 372 aas.

295 445 342 511 II.
385 447 499 510 Sedet
521 445 605 507 sient
625 446 716 506 nobis
733 456 812 509 tunc
837 448 882 509 ihi
908 452 1083 529 convenit,
1109 461 1143 512 ut
1161 463 1279 536 tempore

212 540 331 594 statuto
350 530 390 590 ad
415 531 522 590 locum
538 528 722 590 condictum
739 551 813 590 cum
827 533 1019 613 primoribus
1043 554 1206 616 regnorum
1223 559 1281 599 nos⁴

213 627 336 675 trorum
349 611 605 688 conveniremus,
618 621 653 670 ut
667 610 712 670 ibi
733 633 880 694 quaeque
902 615 935 674 iu
950 615 1058 696 regnis
1073 617 1181 678 nostris
1197 639 1282 679 emen-

217 697 348 760 datione,
365 694 461 776 digna
484 702 516 754 et
531 693 710 754 necessaria
729 705 842 773 erant,
863 706 896 757 et
909 697 942 755 in
958 707 1065 758 sancta
1085 699 1144 760 Dei
1162 699 1282 761 Ecclesia

217 788 249 838 et
265 778 299 836 in
319 786 427 837 nostro
443 798 479 837 ac
497 775 609 857 populi
627 775 840 854 salvamento,
861 787 1084 854 tractaremus,
1106 790 1137 840 et
1162 803 1282 863 noserga

216 860 327 920 fideles
343 868 492 934 nostros,
517 868 549 918 et
566 857 676 918 fideles
695 859 795 918 nostri
815 880 890 944 erga
916 883 974 922 nos
1000 861 1242 939 emendaremus,
1259 874 1282 924 et

217 941 412 1003 observanda
427 941 466 1000 de
484 947 612 1000 caetero
628 947 856 1019 statueremus,
879 953 912 1003 et
926 938 1026 1004 semel
1053 952 1086 1004 et
1112 945 1237 1006 secundo
1252 947 1281 1005 ad

215 1024 295 1084 haec
307 1022 498 1102 exequenda
511 1031 639 1103 paratus
661 1020 708 1080 fui
718 1065 728 1098 ,
750 1032 782 1082 et
798 1023 839 1083 ad
854 1024 916 1085 hoc
936 1026 1031 1086 etiam
1048 1047 1134 1087 nunc
1152 1028 1279 1102 conveni,

214 1106 299 1168 sicut
317 1127 410 1186 saepe
437 1103 516 1163 mihi
531 1125 590 1182 per
608 1124 791 1164 communes
807 1104 919 1168 fideles
936 1119 1063 1170 nostros
1079 1108 1243 1173 mandastis.

213 1227 217 1234 v
297 1186 360 1249 ΙΙΙ.
401 1189 464 1248 Pro
483 1185 599 1266 quibus
616 1195 721 1246 nutem
735 1187 837 1248 causis
854 1209 927 1248 cnm
944 1193 1088 1272 praefato
1106 1201 1213 1271 nepote
1229 1212 1281 1250 nos·

214 1282 266 1336 tro
283 1279 376 1330 antea
393 1267 485 1349 loqui
505 1291 569 1327 non
592 1268 701 1342 volni,
723 1289 819 1349 quam
843 1270 1009 1333 vobiscum
1031 1273 1108 1334 inde
1133 1271 1280 1353 acciperem

213 1353 406 1430 consilium,
428 1349 584 1431 quaedam
600 1350 674 1409 volo
693 1349 747 1410 hic
769 1349 956 1432 designare,
979 1354 1136 1436 quaedum
1149 1374 1218 1414 vero
1229 1376 1281 1438 pos·

215 1447 266 1500 tea
285 1456 428 1518 congruo
448 1432 521 1493 loco
547 1441 580 1494 et
594 1432 804 1518 convenienti
821 1435 916 1495 modo
933 1436 1023 1498 vobis
1048 1436 1242 1500 innotescere.

296 1515 354 1578 lv.
396 1515 534 1594 Quando
551 1514 650 1574 altera
669 1513 740 1575 vice
764 1535 823 1596 pro
852 1515 903 1577 his
928 1539 1011 1598 qnae
1040 1517 1107 1578 dixi
1136 1517 1278 1580 tractandis

215 1599 255 1661 ad
271 1597 444 1660 Tusiacnm
457 1597 551 1674 veni,
574 1595 753 1678 adportavit
772 1597 851 1657 mihi
870 1597 1080 1684 etEpiscopis
1100 1599 1187 1680 regni
1203 1599 1279 1658 nostn'

212 1683 293 1743 Boso
310 1702 349 1741 ex
366 1691 454 1762 parte
475 1679 595 1738 Domui
623 1677 799 1760 Apostolici
828 1679 996 1761 epistolas,
1024 1681 1174 1763 quasdam
1195 1679 1278 1760 nepoti

213 1774 323 1826 nostro
343 1770 374 1823 et
388 1760 556 1842 Episcopis
571 1760 665 1842 regni
683 1760 733 1821 sui
751 1760 933 1841 mittendas,
955 1785 1036 1844 quas
1053 1764 1117 1824 illis
1132 1763 1278 1823 secundum

210 1846 395 1906 mandatum
415 1842 534 1904 Domni
551 1843 654 1924 Papae
677 1845 922 1921 transmisimus,
953 1847 1108 1927 quasdam
1124 1855 1219 1906 antem
1235 1866 1279 1904 no-

210 1917 261 1988 bis
283 1927 434 2008 legendas
455 1937 487 1986 et
504 1923 740 2003 observandas,
763 1949 899 2008 quarum
922 1938 956 1987 et
979 1923 1034 1988 hic
1061 1936 1181 1988 textum
1202 1926 1277 1985 hahe-

210 2031 303 2070 mus:
326 2007 497 2089 inquibus
525 2007 708 2068 invenimus
738 2030 795 2068 nos
825 2009 1005 2090 increpatos
1037 2031 1096 2070 cur
1120 2007 1276 2068 fornicarios

211 2093 245 2152 in
262 2112 363 2171 regno
385 2098 493 2150 nostro
510 2089 669 2148 immorari
687 2091 962 2171 permitteremus,
985 2101 1018 2152 et
1042 2113 1107 2151 non
1133 2092 1223 2151 solum
1240 2089 1275 2168 ip-

210 2195 277 2236 sam
290 2172 464 2249 feminam,
486 2170 542 2232 sed
561 2181 593 2230 et
610 2193 720 2232 omnes
737 2173 880 2234 faventes
900 2174 1038 2234 fac'inori
1055 2175 1138 2248 eius,
1159 2175 1175 2232 al
1191 2190 1275 2250 corpo·

166 2287 168 2292 ,
209 2277 244 2318 re
262 2264 295 2315 et
308 2254 462 2336 sanguine
478 2253 609 2313 Domini
631 2255 1044 2336 excommunicatos,usque
1062 2255 1136 2316 dum
1157 2254 1213 2336 ipsa
1227 2273 1274 2309 mu-

209 2339 272 2398 lier
290 2336 329 2396 ad
346 2337 452 2398 virum
467 2343 560 2402 su'um
574 2335 705 2396 rediret
745 2339 787 2396 Et
807 2338 946 2414 scimus,
968 2339 1053 2398 sicut
1074 2347 1194 2398 sanctus
1217 2335 1274 2394 dicit

209 2418 403 2500 Gregorius,
427 2417 578 2500 quoniam
593 2418 649 2496 qui
667 2420 861 2494 resecanda,
880 2420 906 2480 si
923 2429 1049 2500 potest,
1073 2441 1136 2481 non
1156 2416 1272 2496 corrigit,

207 2503 275 2584 ipse
298 2501 354 2560 illa
377 2499 554 2560 committit.
594 2500 658 2560 Nos
679 2509 784 2558 antem
804 2501 985 2562 audivimus
1004 2501 1192 2582 praedictam
1206 2497 1273 2557 femi·

208 2582 329 2644 namin
345 2583 437 2664 regni
455 2581 580 2663 nepotis
612 2582 711 2642 nostri
731 2583 935 2660 commorari,
957 2593 990 2642 et
1009 2583 1096 2643 hanc
1117 2579 1273 2644 sententiam

205 2676 315 2748 postea
328 2687 396 2725 vuon
417 2663 597 2725 audivimus
612 2663 815 2724 immutatam.
856 2668 898 2727 Et
922 2665 977 2744 qui
997 2686 1162 2746 gravamur
1174 2661 1270 2734 nostris,

206 2749 354 2810 timemus
374 2747 487 2808 alienis
511 2745 605 2806 etiam
629 2745 863 2828 communicare
882 2748 1043 2830 peccatis,
1065 2746 1271 2808 communican-

207 2831 248 2893 do
271 2828 563 2892 excommunicatis.

245 2975 252 2988 ,
286 2911 328 2976 V.
368 2911 484 2970 Filiam
514 2920 653 2970 nostram
689 2909 799 2971 Iudith
832 2910 977 2989 viduam,
1014 2913 1185 2974 secundum
1208 2908 1270 2988 leges

205 2994 330 3056 divinas
350 3001 382 3052 et
399 2992 574 3053 mundanas
589 2991 647 3050 sub
665 2991 803 3052 tuitione
824 2994 1040 3056 ecclesiastica
1057 3006 1090 3056 et
1103 2994 1189 3075 regio
1204 3011 1271 3048 mun·

205 3076 349 3138 dehurde
374 3073 602 3146 constitutam,
625 3073 801 3134 Balduinus
818 3075 877 3134 sibi
895 3077 1018 3137 furatus
1032 3087 1081 3137 est
1101 3077 1133 3136 in
1151 3091 1269 3133 uxorem:

205 3179 302 3238 quem
319 3166 391 3239 post
407 3155 510 3236 legale
532 3154 688 3215 iudicium
708 3155 859 3238 Episcopi
880 3158 973 3238 regni
999 3158 1099 3218 nostri
1119 3173 1269 3240 excommuj

204 3239 399 3300 nicaverunt
414 3237 590 3297 secundum
608 3257 712 3296 sacros
726 3239 871 3300 Canones
896 3249 928 3300 et
951 3240 1170 3300 diffinitionem
1194 3241 1269 3296 sancti

204 3320 352 3402 Gregorii
372 3319 497 3399 Papae,
520 3318 577 3399 qui
598 3318 693 3379 dicit:
716 3317 754 3376 Si
771 3323 840 3402 quis
857 3321 988 3381 viduum
999 3321 1129 3402 furatus
1144 3318 1234 3402 suerit
1247 3315 1269 3370 iv

203 3424 359 3472 uxorem,
383 3402 449 3480 ipse
479 3413 508 3460 et
539 3401 766 3460 consentientes
795 3403 825 3460 ei
849 3405 1013 3464 anathema
1041 3406 1112 3468 sint.
1152 3404 1229 3478 Quae
1247 3401 1268 3452 et

201 3485 308 3546 verbis
329 3491 361 3544 et
379 3481 496 3542 litteris
518 3499 575 3542 nos
597 3492 630 3543 et
643 3482 793 3564 Episcopi
809 3483 901 3566 regni
934 3486 1033 3546 nostri
1063 3484 1170 3566 nepoti
1186 3487 1267 3538 nostro

199 3566 369 3630 Hlothario
398 3563 606 3644 innotuimus.
647 3565 711 3624 Nos
733 3566 843 3640 etiam,
866 3566 948 3627 sicut
973 3567 1078 3642 scitis,
1105 3562 1227 3626 consilio
1245 3564 1268 3616 et

201 3668 360 3711 consensu
386 3646 530 3706 fidelium
548 3655 728 3705 nostrorum
754 3649 967 3708 communiter
987 3648 1227 3708 confirmavimus
1242 3645 1267 3697 nt

197 3752 296 3806 ⁴nemo
316 3740 466 3790 nostrum
478 3727 662 3787 huiusmodi
676 3727 840 3788 hominem
858 3728 891 3788 iu
904 3751 1004 3810 regno
1019 3753 1077 3790 suo
1093 3727 1268 3809 recipiatur

200 3835 263 3895 que
281 3812 444 3872 immorari
456 3809 638 3892 permittat,
661 3809 717 3870 sed
741 3812 782 3871 ad
799 3819 919 3870 rectam
932 3812 1091 3872 rationem
1102 3804 1266 3872 ¹reddendam
1310 3836 1311 3871 l

199 3905 233 3956 et
253 3895 294 3958 nd
313 3893 548 3976 poenitentiam
564 3891 742 3972 agendam,
766 3892 849 3953 sicut
870 3902 1024 3954 statutum
1047 3903 1111 3970 est,
1132 3893 1213 3953 illum
1228 3904 1265 3944 re·

199 3978 269 4040 dire
284 3984 384 4058 cogat.
427 3974 578 4054 Qualiter
596 3982 702 4034 autem
716 3996 816 4056 nepos
838 3986 949 4037 noster
965 3975 1146 4037 Hlotharins
1161 3985 1266 4032 nonse·
1310 4024 1311 4041 ,

197 4061 267 4122 lum
279 4080 367 4140 ¹erga
389 4080 447 4118 nos
467 4065 500 4117 et
513 4055 823 4136 consanguinitatem
850 4067 1000 4134 nostram,
1016 4081 1128 4120 verum
1141 4065 1168 4116 et
1182 4057 1265 4130 contra
1310 4064 1311 4097 ³

195 4144 304 4218 Deum
323 4149 355 4202 et
374 4161 494 4203 sacram
514 4137 737 4198 auctoritatem
761 4148 794 4198 et
814 4160 1016 4201 communem
1031 4134 1264 4201 Christianitaten
1310 4138 1311 4177 1

196 4225 274 4290 inde
292 4222 416 4307 egerit,
440 4243 536 4308 spero
549 4217 636 4305 ¹,quia
649 4240 707 4286 vos
727 4241 793 4286 non
813 4221 891 4285 latet
912 4222 1001 4306 quod
1015 4231 1062 4286 est
1077 4215 1209 4308 plurimis
1229 4228 1263 4271 so
