2746 4992
191 300 265 376 alc
421 317 549 374 acas.
652 317 888 372 caarrusaam
990 323 1047 387 ⁸77·

191 461 378 524 honoretur.
421 457 456 520 Si
480 477 558 518 vero
578 455 680 518 lilium
709 478 773 518 non
800 454 959 534 hahuerit,
981 457 1065 520 filius
1085 471 1186 522 noster
1202 485 1261 526 cun

192 543 326 606 caeteris
346 541 494 602 fidelibus
510 540 627 602 uostris
647 539 776 600 ordinet
795 539 852 620 qui
871 560 944 600 cum
962 540 1210 607 ministerialibus
1222 549 1263 630 ip-

191 627 258 690 sius
286 625 454 685 comitatus
481 628 514 682 et
538 642 612 684 cum
640 621 799 704 Episcopo
818 621 950 703 proprio
974 622 1078 704 ipsum
1104 627 1264 690 comitatum

191 705 388 805 praevideat,
410 705 513 765 donec
530 703 627 766 iussio
655 711 759 763 nostra
780 701 921 770 indefiat.
941 705 983 764 Et
997 725 1058 788 pro
1077 705 1135 768 hoc
1150 708 1200 770 ille
1213 732 1265 772 noa

191 797 347 852 irascatur
357 787 413 870 qui
428 786 521 846 illum
535 786 719 846 comitatum
731 785 937 866 praeviderit,
958 788 984 847 si
1009 787 1148 848 eundum
1160 793 1267 852 comita·

191 881 260 933 tum
280 869 386 946 alteri,
410 868 462 931 cui
478 867 570 928 uobis
587 866 757 950 placuerit,
774 866 955 928 dederimus
973 890 1069 951 quam
1084 869 1131 930 illi
1144 874 1195 968 qui
1207 895 1267 934 eum

192 962 324 1016 catenus
338 949 504 1035 praevidit.
531 948 688 1011 Similiter
707 949 792 1010 etde
812 948 954 1010 vassallis
976 950 1091 1013 nostris
1108 953 1268 1016 laciendum

192 1045 251 1096 est.
292 1035 333 1095 Et
359 1034 508 1096 volumus
531 1041 627 1114 atque
648 1030 859 1114 praecipimus
883 1041 919 1091 ut
938 1039 1004 1093 tam
1025 1033 1171 1118 Episcopi
1189 1059 1268 1120 quam

192 1116 329 1178 Abbatcs
350 1125 383 1177 et
403 1113 543 1177 Comites
555 1135 622 1175 seu
641 1112 735 1175 etiam
753 1114 869 1174 caeteri
890 1112 1023 1177 Fideles
1041 1117 1138 1178 nostri
1155 1118 1209 1180 laoc
1227 1141 1268 1181 er·

193 1221 232 1282 ga
251 1198 399 1259 homines
417 1218 492 1258 suos
512 1197 663 1260 studeant
682 1215 883 1261 conservare.

273 1281 329 1347 lV.
370 1280 529 1342 Volumus
554 1277 648 1340 etiam
676 1287 708 1338 st
736 1297 884 1358 expresse
909 1277 1123 1362 praecipimus
1143 1283 1223 1364 quod
1249 1286 1270 1346 si

192 1362 309 1446 aliquis
329 1360 519 1445 Episcopus,
539 1360 592 1422 vel
612 1360 727 1438 Abbas,
748 1367 802 1418 aut
822 1358 998 1438 Abbatissa,
1020 1362 1072 1424 vel
1096 1363 1211 1442 Comes,
1227 1375 1271 1426 aut

191 1445 343 1508 vassallus
364 1453 473 1508 noster
493 1442 736 1518 obierit,nullus
757 1455 808 1502 res
829 1441 1062 1506 ecclesiasticas
1083 1453 1137 1504 aut
1156 1448 1272 1508 faculta-

192 1539 239 1590 tes
259 1525 399 1608 diripiat,
421 1526 474 1586 vel
499 1525 632 1587 Comitis
652 1534 706 1584 aut
725 1523 850 1584 vassalli
872 1525 973 1585 nostri
1001 1537 1059 1589 aut
1077 1527 1207 1590 alicuius
1227 1531 1273 1592 de-

192 1609 297 1684 functi
323 1628 374 1670 res
401 1617 455 1670 aut
482 1607 648 1671 facultates
672 1606 824 1668 invadere
845 1606 896 1667 vel
924 1627 1082 1690 usurpare
1108 1623 1273 1692 praesumat,

186 1679 248 1755 ‘vel
276 1687 431 1754 uxoribus
461 1689 688 1750 defunctorum
718 1687 875 1748 laicorum
903 1709 940 1749 ac
969 1689 1047 1752 filiis
1069 1711 1274 1776 quamcunque

191 1773 382 1837 violentiam
405 1771 535 1850 inierat,
558 1781 589 1834 et
616 1771 728 1832 nullus
756 1770 797 1831 ad
828 1769 960 1831 illorum
990 1771 1219 1857 eleemosynam
1240 1778 1274 1836 la·

192 1855 340 1919 ciendam
366 1852 632 1938 eleemosynarios
655 1873 767 1916 eorum
798 1851 961 1933 impediat.
1003 1855 1103 1932 Quod
1129 1857 1155 1917 si
1177 1859 1273 1940 aliquis

191 1934 450 2024 praesumpserit,
472 1943 506 1997 ut
525 1935 703 1998 secundum
726 1935 814 2016 leges
835 1933 1013 1996 mundanas
1034 1937 1098 1997 hoc
1122 1960 1191 2000 cum
1208 1941 1273 2000 ban·

194 2043 237 2082 no
258 2030 367 2080 nostro
386 2027 570 2100 componat,
592 2027 625 2079 et
650 2019 829 2079 secundum
854 2016 942 2098 leges
962 2019 1191 2084 ecclesiasticas
1213 2022 1274 2082 inde

191 2101 367 2177 Ecclesiae,
387 2097 485 2178 quani
505 2097 608 2177 laesit,
629 2099 808 2161 satisfaciat.
850 2099 987 2181 lusuper
1009 2111 1149 2163 nostram
1161 2103 1274 2164 harmis-

193 2205 316 2260 caram,
344 2183 525 2246 secuudum
550 2184 680 2246 modum
709 2182 841 2264 culpae,
873 2189 905 2240 et
938 2191 973 2242 ut
1004 2183 1098 2246 nobis
1127 2187 1274 2272 placuerit,

192 2266 355 2328 sustineat.
467 2310 474 2323 .

188 2423 220 2470 r
272 2413 445 2476 vastasse
468 2413 552 2478 lecta
577 2413 715 2498 capitula
727 2437 737 2490 ·‚
758 2410 847 2472 dedit
865 2410 1008 2474 omnibus
1041 2411 1194 2475 licentiam
1218 2435 1273 2474 ciam

191 2494 255 2554 Dei
273 2496 375 2574 gratia
397 2510 427 2556 et
453 2513 518 2574 sua¹
532 2495 688 2575 redeundi
716 2495 761 2556 ad
785 2494 943 2578 propria,
974 2497 1117 2577 exceptis
1142 2499 1187 2555 lais
1211 2517 1272 2576 quos

191 2577 371 2658 specialiter
390 2599 450 2660 pro
474 2577 660 2662 specialibus
682 2577 782 2638 causis
804 2573 1045 2635 considerandis
1065 2579 1114 2637 acl
1130 2600 1187 2659 pro
1206 2578 1273 2640 dona

192 2657 358 2724 liberanda
383 2681 485 2724 secum
505 2660 673 2742 aliquantis
699 2659 807 2720 dicbus
829 2677 953 2718 manere
973 2663 1143 2743 praecepit.
