2746 4992
231 317 301 385 226
458 329 586 383 neira.
690 324 922 380 cluiuilius
1022 333 1080 384 aaa.

232 482 355 534 rectum
383 468 535 529 exhibere
568 463 680 542 dehet,
715 476 747 528 ot
777 467 1039 547 quemadmodum
1068 471 1228 532 continetur
1252 477 1277 535 in

234 557 351 637 scripto
375 553 461 631 quod
481 551 513 608 in
534 547 753 611 Ferrariorum
770 549 962 610 monasterio
979 571 1078 610 coram
1098 551 1186 614 altare
1200 561 1278 618 sancti

232 638 320 700 Petri
337 633 524 718 perdonavi.
566 631 602 690 ln
632 629 693 691 lroe
714 641 750 690 ut
776 652 832 690 vos
856 631 935 690 milri
957 633 1124 693 secundum
1147 637 1235 696 Deum
1255 647 1278 696 et

233 719 409 781 secundum
425 715 567 777 seculum
581 712 627 772 sic
648 712 757 774 fideles
775 712 936 774 adiutores
957 723 988 774 et
1004 715 1132 776 consilio
1146 719 1279 778 etauxilio

233 804 301 863 sitis
320 803 403 862 sieut
421 798 515 860 vestri
529 805 745 857 antecessores
763 794 840 854 boni
869 797 947 858 meis
974 797 1151 860 melioribus
1172 802 1280 880 praede-

233 883 408 946 cessoribus
427 881 622 954 extiterunt,
644 876 820 938 secundum
840 878 922 939 scire
940 886 972 940 et
989 897 1087 963 posse.

569 1056 867 1120 TITULUS
931 1060 981 1121 11.

458 1175 507 1236 ln
550 1175 741 1236 Bnoruo
783 1175 1093 1246 Courunnrr.

231 1299 342 1366 Haec
372 1297 563 1390 Capitale,
593 1315 687 1385 qrtoc
710 1304 931 1384 sequuntur,
965 1305 1054 1363 sunt
1075 1299 1283 1388 promulgata

231 1397 256 1465 ci
281 1397 430 1464 Domno
452 1395 616 1481 glorioso
642 1392 744 1474 Rege
769 1391 1027 1460 Karlomanno
1053 1420 1149 1464 anno
1172 1399 1283 1466 locor-

228 1496 393 1566 rroiionis
432 1492 657 1560 Dominicoe
694 1489 1050 1565 DCCCLXXXIII.
1094 1493 1190 1568 VIII.
1229 1493 1284 1564 iol.

229 1594 419 1670 Murtias,
454 1591 561 1682 seria
603 1588 668 1662 Vl.
702 1612 802 1657 anno
836 1589 942 1679 regni
979 1591 1040 1660 sui
1073 1591 1113 1662 in
1147 1595 1285 1664 Francia

223 1693 374 1786 primo,
402 1692 443 1760 in
467 1689 599 1757 Broilo
636 1686 853 1781 Compendii
877 1688 1021 1782 palatii
1031 1739 1042 1779 ,
1080 1691 1124 1760 de
1155 1693 1285 1786 rupinis.

309 1855 334 1917 Ῑ·
378 1839 566 1947 Communi
591 1885 734 1947 fidelium
748 1893 926 1947 nostrorum
943 1888 1078 1951 consilio
1096 1896 1232 1950 statutum
1247 1890 1286 1949 ha·

228 1974 338 2033 bemus
357 1977 392 2028 ut
405 1969 546 2052 rapinam
568 1971 675 2032 nullus
693 1968 843 2052 deinceps
866 1971 983 2050 faciat,
1006 1982 1062 2033 aut
1078 1971 1210 2032 facienti
1226 1995 1285 2033 eon·

227 2055 351 2115 Senmet

309 2135 354 2196 ll.
396 2136 438 2194 Ut
456 2134 567 2215 rapina
586 2153 667 2213 quae
689 2140 776 2193 retro
792 2142 839 2194 est
858 2141 943 2210 aeta,
966 2155 1041 2194 eum
1068 2135 1150 2196 omni
1178 2137 1285 2219 diligen·

227 2224 270 2276 tia
291 2217 494 2291 emendetur,
526 2226 558 2276 et
582 2214 773 2297 condignam
793 2236 853 2299 pro
873 2215 935 2277 hoc
959 2213 1178 2281 harmiscaram
1203 2219 1285 2303 isqui

228 2321 297 2361 cam
318 2299 397 2358 fecit
419 2298 581 2358 sustineat.
976 2305 979 2312 ’

309 2379 370 2442 lll.
411 2383 454 2440 Ut
473 2380 497 2439 si
517 2379 587 2459 quis
601 2388 671 2461 post
687 2376 774 2438 hunc
794 2388 986 2441 conventum
1015 2389 1048 2442 et
1074 2379 1284 2444 bannum-nos·

225 2473 309 2522 trum
324 2462 467 2544 rapinam
485 2462 605 2520 faciens
632 2459 779 2521 inventus
795 2462 910 2538 fuerit,
944 2462 971 2522 is
997 2464 1089 2526 cuius
1118 2466 1208 2526 homo
1235 2485 1284 2524 eam

224 2546 362 2620 fecerit,
385 2565 457 2604 eum
474 2544 512 2602 ad
526 2543 659 2624 legalem
674 2543 930 2604 emendationem
950 2545 983 2602 in
1006 2549 1210 2627 praesentiam
1230 2567 1283 2604 nos·

229 2637 308 2686 tram
331 2627 476 2690 adducat.
518 2625 613 2701 Quod
627 2624 652 2684 si
673 2646 745 2684 eum
767 2625 924 2686 adducere
940 2647 1004 2686 non
1021 2629 1178 2710 potuerit,
1197 2649 1245 2710 pro
1258 2647 1283 2684 oo

225 2710 402 2770 secundum
423 2715 537 2767 statuta
558 2709 662 2788 legum
682 2707 839 2772 emendet.
868 2709 951 2767 Eum
967 2718 1075 2771 autem
1092 2713 1148 2794 qui
1165 2710 1285 2770 iustitiam

224 2793 343 2871 fugerit
360 2790 461 2850 sciant
486 2811 594 2849 omnes
621 2810 687 2848 esse
713 2788 953 2868 forbannitum,
975 2789 1020 2851 ita
1047 2803 1084 2855 ut
1112 2793 1213 2856 nullus
1234 2809 1285 2852 enm

227 2873 288 2934 nisi
306 2873 345 2933 ad
360 2872 627 2954 praesentandum
640 2871 783 2953 recipiat.

542 3032 861 3094 T1TULUS'
911 3034 994 3101 111.

446 3144 564 3209 Arno
607 3147 757 3209 Vrania
797 3145 1029 3242 Prsarrutr.
1068 3159 1102 3234 p)

227 3269 313 3353 [De
340 3267 440 3336 cultu
463 3265 540 3334 Dei
564 3277 599 3332 et
622 3263 831 3352 Religionis
867 3265 907 3336 in
938 3268 1042 3359 regio
1069 3272 1230 3362 palatim
1256 3271 1286 3334 dr

225 3367 489 3461 compositione
511 3364 637 3456 surti3
671 3365 716 3430 de
749 3364 981 3434 adiutoribus
1010 3368 1288 3467 Episcoporurr.l

588 3493 955 3576 [casanaula]

230 3608 277 3722 In
302 3659 431 3722 nomine
448 3665 572 3718 sanctae
589 3665 621 3716 et
640 3654 824 3716 individuae
849 3655 1033 3737 Trinitatis,
1063 3661 1287 3730 Kentourinon,

229 3743 328 3826 gratia
342 3741 402 3801 Dei
417 3741 502 3816 Rex,
526 3737 671 3797 omnibus
689 3738 925 3800 venerabilibus
942 3739 1118 3825 Episcopis,
1133 3740 1289 3811 Abbatihus,

229 3824 423 3899 Comitilrus‚
445 3819 625 3896 Iudicibus,
647 3819 858 3900 omnibusque
882 3833 1007 3884 sanetae
1027 3827 1090 3892 Dei
1106 3824 1254 3887 Ecclesiae
1266 3826 1288 3879 et

228 3907 345 3969 nostris
360 3903 517 3965 fidelibus.
560 3903 641 3963 Cum
661 3902 699 3962 ad
715 3902 870 3984 palatium
893 3901 1009 3968 Vernis
1030 3929 1116 3968 anno
1130 3903 1287 3970 Dominicae

229 4034 542 4051 *ιι-..-

264 4093 299 4164 p)
316 4090 351 4145 Iu
367 4083 500 4156 Capitulis
517 4084 599 4137 huius
617 4083 703 4136 Tituli
725 4085 857 4156 quaedam
876 4101 909 4139 ex
927 4089 1012 4140 veteri
1026 4089 1120 4142 codice
1138 4087 1288 4146 Palatinum

324 4159 479 4226 Reginum,
500 4164 531 4208 ct
542 4154 696 4206 Burchardo
712 4155 782 4208 inter
802 4171 885 4211 uncos
899 4158 1023 4227 ponenda
1038 4159 1219 4222 indicarimus,
1236 4171 1289 4228 quac

327 4237 390 4282 suut
403 4237 478 4280 extra
491 4226 640 4280 lectionem
656 4223 766 4278 Baluzii.
795 4289 798 4292 Ι
876 4277 880 4284 ,
