2658 4978
186 342 258 419 168
406 360 436 412 a.
462 360 542 418 cm.
645 362 881 418 enarremus
999 368 1056 427 aas,
1137 321 1138 328 l

265 502 310 568 II.
352 505 395 565 Ut
416 501 455 562 ab
475 500 786 586 Arcbiepiseopis‘et
800 503 1035 587 Episcopis,'et
1055 506 1092 566 ab
1112 506 1176 570 aliis
1195 509 1248 569 lide

181 585 423 663 sinuaminis,
445 583 676 728 bouorrepius
699 593 731 645 et
750 595 905 668 potestas,
928 609 964 647 ac
988 588 1092 649 debita
1122 591 1256 652 obedien·

181 671 227 731 tia
247 677 342 752 atque
364 667 596 728 adiutoriuma
650 687 786 750 regnum
815 676 958 729 nostrum
988 670 1209 732 continendum
1233 681 1259 732 et

182 751 438 825 defensandum,
461 747 555 810 nobis
576 748 610 808 in
634 748 781 811 omnibns
803 758 835 812 et
862 750 900 810 ab
931 752 1077 813 omnibus
1103 753 1259 814 secundun

182 833 440 915 uniuscuiusque
461 829 609 892 ordinem
629 840 663 892 et
683 831 872 914 dignitatem
899 839 995 914 atque
1023 834 1258 918 possibilitatem,

182 915 270 978 sicut
289 926 432 997 ternpore
454 922 691 975 antecessorum
712 925 894 976 nostrorum
915 913 999 978 iuste
1020 924 1053 979 et
1084 915 1260 978 rationabili-

180 1007 231 1060 ter
252 990 480 1073 consr'reveratl,
502 993 701 1057 exhibeatur.
1100 1027 1102 1036 ·

167 1140 170 1147 ,
265 1080 327 1146 lll.
368 1080 411 1138 Ut
431 1097 541 1138 omnes
567 1077 669 1138 nostri
703 1075 815 1138 fideles
841 1078 1003 1141 veraciter
1030 1079 1095 1140 sint
1120 1080 1158 1142 de
1183 1081 1259 1144 nobis

182 1162 289 1226 securi
310 1161 408 1244 quia,
430 1167 587 1242 quantum
607 1159 732 1236 sciero,
755 1167 787 1219 et
809 1158 891 1222 iuste
914 1183 950 1223 ac
970 1162 1199 1223 rationabiliter
1215 1185 1260 1246 po

181 1257 301 1323 tuero,
331 1240 472 1304 Domino
501 1239 692 1320 adiurante,
724 1262 991 1326 unumquemque
1022 1244 1193 1305 secundum
1220 1245 1260 1306 sui

180 1327 305 1392 ordinis
326 1324 514 1408 dignitatem
536 1330 569 1384 et
587 1345 756 1406 personam
776 1320 935 1387 honorare
955 1336 988 1387 et
1007 1325 1159 1400 salvare,¹
1171 1336 1199 1388 et
1213 1327 1259 1387 bo·

183 1418 333 1471 noratum
353 1428 389 1467 ac
410 1407 565 1468 salvatum
585 1426 787 1484 conservare,
809 1406 896 1484 volo,
918 1417 950 1470 et
971 1409 1148 1490 unicuique
1167 1429 1259 1470 eorum

183 1492 217 1552 in
240 1513 298 1554 suo
320 1489 434 1551 ordine
456 1486 633 1550 secundum
653 1488 713 1550 sibi
735 1497 952 1571 competentes
974 1491 1082 1573 leges,
1103 1501 1166 1553 tam
1184 1511 1258 1550 mun·

184 1574 281 1635 denas
309 1591 406 1654 quam
428 1569 678 1648 ecclesiasticas,
715 1580 835 1633 rectam
860 1572 1021 1634 rationem
1062 1582 1095 1635 et
1130 1572 1260 1633 iustitiam

183 1655 396 1718 conservabo:
420 1660 453 1714 et
480 1652 609 1712 nullum
638 1651 782 1714 fidelium
819 1663 1000 1716 nostrorum
1029 1665 1140 1717 contra
1173 1652 1259 1736 legem

184 1747 217 1799 et
236 1735 408 1812 iustitiam,
428 1733 481 1797 vel
500 1734 718 1796 auctoritatem
731 1756 767 1797 ac
792 1733 906 1796 iustam
920 1738 1102 1814 rationem,
1124 1743 1176 1796 ant
1188 1736 1260 1796 dam·

182 1817 267 1879 nabo
286 1825 341 1878 aut
364 1816 590 1895 dehonorabo,
612 1825 667 1879 aut
694 1817 886 1900 opprimam,
908 1828 964 1880 ant
986 1819 1141 1880 indebitis
1162 1816 1260 1876 machi·

183 1899 368 1962 nationibus
389 1899 544 1980 affligam3
567 1906 599 1960 et
627 1899 750 1984 legem,
772 1909 809 1961 ut
834 1900 1075 1996 praediximus,
1103 1899 1259 1980 unicnique

183 1989 440 2064 competentem,
463 1979 545 2041 sicut
560 1991 775 2043 antecessores
797 1983 849 2043 'sur
869 1991 1014 2066 tempore
1045 1992 1261 2044 antecessorum

153 2135 157 2144 ι
182 2085 329 2124 meorum
349 2061 551 2139 babuerunt,
573 2061 607 2121 in
624 2063 712 2125 omni
735 2062 888 2146 dignitate
909 2075 941 2124 et
960 2065 1088 2143 ordine,
1109 2063 1260 2126 adiurante

185 2145 346 2220 Domino,
368 2154 632 2214 conservaturum
651 2146 815 2228 perdono,
833 2146 966 2207 cuilibet
991 2147 1148 2208 duntaxat
1164 2167 1200 2207 er
1225 2144 1259 2204 eis

185 2227 244 2310 qui
259 2225 340 2286 mibi
359 2225 468 2286 fideles
487 2235 519 2286 ct
540 2225 746 2300 obedientes,
770 2249 805 2289 ac
824 2229 893 2290 veri
915 2229 1080 2300 adiutores
1099 2237 1188 2310 atque
1201 2247 1260 2288 eoo·

181 2318 344 2392 peratores
359 2306 448 2368 iuxta
468 2329 562 2368 suum
580 2308 794 2370 ministerium
816 2320 849 2372 et
868 2331 1058 2394 personam,
1089 2310 1214 2372 consilio
1237 2316 1261 2367 et

184 2389 305 2452 auxilio
325 2390 504 2451 secundum
519 2411 612 2451 suum
636 2391 718 2452 scire
735 2401 767 2453 et
787 2414 899 2474 posse,
920 2403 952 2452 et
972 2393 1153 2454 secuudum
1174 2393 1260 2452 Deum

184 2496 219 2535 ac
240 2473 418 2534 secundum
436 2473 580 2534 seculum
603 2473 744 2550 fuerint,
765 2473 849 2536 sicut
869 2496 929 2556 per
950 2484 1079 2536 rectum
1106 2472 1261 2553 unusquis-

184 2577 249 2637 que
268 2554 302 2614 in
321 2576 378 2615 suo
403 2554 516 2615 ordine
536 2564 569 2616 et
592 2563 677 2616 statu
690 2557 770 2638 Regi
789 2579 847 2618 suo
868 2566 900 2619 et
917 2579 975 2618 suo
990 2558 1121 2618 Seniori
1145 2577 1204 2617 esse
1219 2554 1261 2612 dc·

182 2637 247 2705 bet.
288 2637 330 2697 Et
358 2636 504 2718 Capitula
528 2658 611 2718 quae
641 2659 716 2698 arus
748 2649 782 2700 et
807 2649 898 2722 pater
926 2649 1034 2700 noster
1061 2662 1119 2722 pro
1144 2644 1218 2700 statu
1237 2643 1261 2696 et

183 2716 506 2780 munimine'sanctae
533 2719 595 2780 Dei
623 2719 789 2781 Ecclesiae
818 2744 854 2782 ac
881 2721 1101 2782 ministrorum
1128 2721 1210 2792 eius,
1237 2726 1260 2775 et

183 2824 243 2886 pro
267 2821 396 2883 paceac
413 2800 532 2860 iustitia
555 2802 668 2882 populi
691 2810 724 2862 et
751 2802 858 2882 quiete
883 2803 993 2882 regni,
1022 2803 1259 2870 constituerunt,

183 2893 215 2947 et
233 2905 315 2966 quae
343 2903 400 2944 nos
426 2903 501 2942 eum
530 2881 681 2944 fratribus
709 2885 824 2943 nostris
847 2875 1003 2966 Regibus,
1034 2894 1067 2945 et
1099 2883 1207 2944 nostris
1233 2901 1260 2938 ac

185 2987 296 3028 eorum
317 2962 480 3040 fidelibus,
503 2965 716 3026 communiter
729 2966 971 3042 constituimus,
994 2967 1052 3027 scd
1071 2976 1102 3026 et
1117 2983 1193 3046 qnae
1217 2979 1260 3020 nos

185 3046 320 3109 consilio
345 3055 377 3105 et
399 3067 557 3106 consensu
584 3046 832 3128 Episcoporum,
870 3071 906 3108 ac
934 3059 1136 3109 caeterorum
1161 3043 1216 3105 Dei
1238 3049 1262 3101 et

184 3139 366 3190 nostrorum
382 3127 543 3204 fidelium,¹
565 3149 624 3210 pro
642 3129 863 3210 suprascriptis
881 3129 982 3191 causis
1002 3131 1034 3190 in
1055 3127 1187 3190 diversis
1205 3124 1261 3206 pla-

185 3209 387 3286 citisnostris
408 3210 627 3276 conservanda
651 3210 837 3289 statuimus,
865 3233 1053 3295 permanere
1091 3205 1262 3272 inconvulsa

183 3292 398 3358 decernimus.

269 3373 327 3436 Ν,
369 3377 411 3435 Ut
422 3375 498 3456 quia
516 3372 602 3456 regia
616 3381 723 3434 nostra
742 3381 880 3456 potestas
909 3373 989 3450 boc,
1018 3372 1187 3435 adiurante
1207 3373 1260 3430 Do-

185 3456 293 3530 mino,
311 3457 430 3538 exequi
461 3477 520 3539 per
540 3455 647 3516 omnia
673 3457 780 3538 cupit,
807 3456 899 3538 regni
927 3455 1102 3532 blinistris‚
1126 3463 1261 3536 quantum

184 3542 273 3602 Deus
296 3539 377 3600 seire
409 3548 442 3599 et
467 3558 558 3622 posse
589 3537 654 3598 illis
678 3538 869 3615 donaverit,
899 3536 1065 3620 Episcopis
1088 3547 1123 3596 et
1148 3530 1259 3596 caeteris

186 3619 411 3694 Sacerdotibus
432 3643 468 3680 ac
484 3619 582 3680 serris
597 3628 630 3678 et
647 3620 773 3680 ancillis
789 3621 867 3696 Dei,
892 3629 926 3680 ut
949 3621 1043 3680 suum
1067 3615 1260 3678 ministerium

183 3690 318 3782 implc're
333 3702 470 3785 possint,
482 3701 567 3763 sicut
585 3700 624 3759 ab
636 3701 888 3763 antecessoribus
901 3702 1017 3763 nostris
1034 3697 1258 3782 Imperatoribas

185 3795 218 3846 et
229 3785 368 3867 Regibus
389 3787 454 3845 eta
478 3784 569 3844 nobis
588 3784 798 3844 constitutum
821 3795 879 3861 est,
896 3785 1090 3845 adiutorium
1108 3783 1259 3867 praestent,

185 3878 216 3929 et
236 3866 353 3928 sanctis
377 3866 531 3927 Ecclesiis
547 3874 578 3925 et
599 3865 823 3927 Sacerdotibus
841 3888 877 3927 ac
899 3867 1000 3928 servis
1016 3864 1188 3926 et·ancillis
1201 3862 1259 3931 De,

183 3951 362 4010 secundum
376 3970 479 4010 sacras
496 3948 584 4028 leges
605 3956 668 4006 tam
686 3949 861 4008 mundanas
877 3970 972 4029 quam
993 3945 1260 4016 ecclesiastieae

182 4033 362 4092 secundum
380 4030 526 4112 Capitula
547 4029 645 4088 aviet
666 4031 763 4110 patris
792 4030 890 4090 nostri
915 4053 951 4092 ac
981 4041 1106 4100 nostra,
1135 4024 1260 4116 debitum

181 4113 339 4174 honorem
360 4123 391 4176 et
407 4111 639 4186 immunitatem
655 4121 893 4173 conservantes
911 4113 1100 4187 exhibeant,
1122 4117 1157 4170 ut
1167 4110 1259 4187 qulele

183 4215 242 4274 pro
266 4195 435 4257 stabilitate
456 4193 564 4277 regni,
588 4213 623 4253 ac
641 4203 749 4254 nostra
770 4205 804 4255 et
818 4195 949 4256 illorum
969 4196 1082 4269 salute,
1104 4189 1267 4252 Dominum

183 4295 314 4336 exorare
340 4278 469 4359 possint.
