2712 4992
444 336 544 396 ursas
564 333 750 394 sacunnus
1096 313 1171 392 ast

47 498 188 565 tatem,
211 505 285 547 cum
306 483 448 565 eulogias
467 477 641 562 peculiaris
657 470 785 559 patruni
811 475 908 538 vestri
932 474 1171 555 illium-‘thonos

45 572 165 633 rabile
192 591 229 630 ac
260 570 376 630 devoto
406 563 500 625 cultu
523 570 693 646 poscentes
719 567 755 617 ut
780 577 845 638 qna
871 559 1036 621 alacritate
1055 559 1172 634 tasum

46 653 247 716 Natiuitatis
266 647 445 711 dominicae
472 643 643 728 peregistis
670 639 830 722 insignia,
858 658 916 702 nos
934 641 1071 714 doceant
1097 661 1171 704 resa

47 747 130 798 trae
158 731 334 797 sanctitatis
361 731 518 812 exempla.
582 727 688 786 Erunt
714 723 803 785 enim
838 722 930 785 nobis
959 733 1172 808 proreetuum

49 827 190 882 vestrae
210 817 411 878 incrementa
436 811 566 888 salutis,
589 806 741 890 locuplex
763 805 905 866 thesauri
921 805 1091 870 facultatis.
1165 805 1173 857 ί

226 925 503 994 Commendatitias
529 923 651 984 litteras
675 919 720 981 ad
742 919 901 1003 Episcopo
925 935 1009 988 noto.

145 1039 265 1106 XLVI.
305 1035 447 1100 Domino
462 1027 723 1094 reverentissimo
739 1027 909 1109 illopapae
924 1028 992 1092 ille.
1007 1021 1175 1098 heminis,

60 1137 177 1192 centes
199 1131 339 1187 vestram
359 1117 561 1178 affectuosam
580 1103 789 1174 beatitudinis
810 1109 992 1189 caritatem,
1014 1137 1083 1196 qua·
1095 1099 1173 1187 trino

64 1215 109 1274 ab
133 1209 266 1272 obtentu
289 1197 513 1264 retributionis
527 1206 686 1272 aeternae
714 1201 840 1254 nostrae
864 1195 1175 1280 extremitatis-,ppp-

68 1291 214 1357 sonolam
235 1287 271 1346 in
296 1282 419 1345 intimis
441 1278 618 1341 visceribus
642 1299 679 1338 ac
704 1276 731 1337 si
756 1274 871 1334 unicae
891 1275 1075 1339 dilectionis
1101 1269 1174 1340 vin'.

70 1377 183 1442 culum
201 1362 482 1449 amplectebamini
508 1359 637 1430 sedule;
671 1379 734 1439 qua
761 1355 878 1417 fiducia
898 1371 1090 1440 provocatus
1116 1361 1175 1423 hos

69 1459 178 1542 apices
205 1449 338 1515 vilitatis
358 1457 483 1508 nostrae
512 1444 650 1505 tidenter
668 1441 707 1502 ad
728 1437 948 1522 dignationem
966 1450 1103 1505 vestram
1117 1465 1177 1526 per

65 1544 184 1610 fratres
215 1543 341 1598 nostros
372 1529 455 1589 lilios
484 1534 606 1588 vestros
634 1522 769 1606 gerulos
797 1533 982 1602 praesentes
1014 1525 1175 1604 destinam

59 1617 277 1707 praesumpsi,
296 1635 356 1697 per
377 1633 457 1694 quos
472 1619 608 1684 vestram
629 1605 814 1684 almitatem,
830 1602 855 1664 si
874 1601 1175 1690 praesumptiosam

61 1702 223 1778 offendit,
253 1695 481 1762 salutationum
506 1691 627 1768 munia,
650 1699 685 1749 ut
703 1688 806 1764 decet,
822 1705 887 1745 non
903 1699 1100 1772 arroganter,
1120 1689 1178 1752 sed

59 1785 239 1850 humiliter
259 1779 420 1842 destinare
446 1794 625 1858 praesumo,
647 1792 728 1852 quos
749 1779 784 1829 ut
800 1770 1037 1834 commendatos
1051 1771 1087 1832 in
1113 1795 1179 1834 om.

62 1871 166 1932 nibus
188 1864 334 1950 recipere
355 1857 506 1941 dignetis,
528 1875 720 1938 quaesumus
746 1862 938 1935 opportune.
986 1854 1116 1918 Etenim
1141 1854 1176 1918 in

65 1965 135 2015 tam
158 1944 349 2031 longinquis
374 1939 560 2024 regionibus
573 1947 705 2017 propter
720 1935 925 1998 necessitates
941 1937 1078 1997 fratrum
1094 1959 1178 1998 com-

68 2033 248 2119 parandum
271 2036 397 2102 euntes,
420 2022 546 2098 vestris,
569 2019 697 2081 Christo
716 2018 879 2098 praesule,
907 2017 1055 2102 indigent
1081 2019 1186 2083 admi.'

70 2116 207 2184 niculis;
238 2133 298 2194 pro
323 2108 443 2191 quibus
466 2102 632 2166 beneficiis
659 2099 876 2182 centuplicato
905 2101 1039 2163 foenore
1066 2101 1084 2162 a
1109 2103 1179 2166 DQ.

65 2201 159 2261 mino
183 2195 378 2258 retributore
401 2190 561 2260 bonorum
592 2185 735 2245 omnium
753 2183 908 2245 refertum
936 2183 1093 2246 mercedis
1118 2204 1179 2246 cn·

63 2283 196 2344 mulum
232 2271 270 2337 in¹
302 2295 415 2336 aevum
445 2268 606 2352 recipiatis
634 2265 863 2349 dignissimum.
904 2267 1063 2328 Dominus
1090 2268 1178 2332 Dens

65 2373 181 2426 noster
199 2361 286 2444 piam
312 2375 464 2418 coronam
491 2361 627 2412 vestram
650 2369 823 2409 memorem
851 2347 915 2407 mei
940 2357 972 2408 et
1000 2349 1172 2430 praesenti,

63 2449 129 2508 bns
152 2446 278 2527 repleat
299 2438 394 2502 bonis
410 2446 444 2498 et
465 2435 595 2518 dignam
614 2431 728 2493 reddat
754 2431 904 2510 aeternis,
933 2429 1070 2515 Domine
1098 2452 1180 2494 sem·

90 2547 252 2593 armeus.

63 2554 87 2614 P
187 2632 296 2692 ·Itsm
316 2621 585 2692 commendatitias
605 2621 730 2682 litteras
751 2617 925 2681 adAdbate
946 2631 1032 2686 noto.
1105 2577 1146 2622 'ii

152 2733 283 2800 XLVll.
324 2730 464 2793 Domino
484 2725 666 2787 beatissimo
688 2733 721 2786 et
744 2721 866 2795 meritis
890 2723 1181 2786 venerando-sanc·

64 2836 102 2886 to
121 2811 208 2904 patri
227 2818 284 2878 illo
306 2811 421 2876 Abbati
439 2811 495 2870 ille
514 2809 546 2869 in
561 2807 699 2869 Domino
716 2815 904 2889 perpetuam
919 2805 1016 2866 mittit
1034 2807 1180 2886 salutern.

63 2901 262 2969 Multimoda
287 2896 378 2958 nobis
409 2893 563 2954 benivolo
585 2899 692 2951 vestro
720 2909 873 2971 generare
899 2889 1074 2970 comperite
1100 2881 1180 2974 gau>-

65 2990 124 3050 dia
151 2983 302 3066 quotiens
326 2978 430 3039 aditus
455 2973 582 3036 dederit
609 2980 810 3054 opportunus
840 2979 876 3030 ut
899 2971 939 3031 ad
965 2963 1180 3053 indagandam

66 3069 257 3153 sospitatem
275 3073 414 3125 vestram
437 3067 558 3119 nostras
580 3055 718 3136 dirigere
737 3053 908 3114 debeamus
937 3053 1105 3120 litterulas.
1124 3053 1182 3119 ld-

68 3154 160 3214 circo
187 3143 261 3208 cum
281 3142 504 3207 salutationem
526 3137 639 3199 officiis
660 3135 774 3196 humili
789 3153 885 3217 prece
901 3135 1035 3196 almitati
1058 3146 1183 3198 vestrae

68 3252 266 3318 quaesumus
297 3236 333 3287 ut
364 3246 424 3308 pro
454 3222 546 3283 nobis
577 3218 868 3281 misericordiarum
900 3218 1087 3297 dominum,
1125 3220 1183 3282 ubi

69 3319 186 3399 dignas
213 3311 402 3392 sedulasque
424 3304 560 3365 funditis
580 3323 709 3384 preces,
733 3319 864 3360 exorare
886 3322 953 3361 non
980 3301 1183 3382 dedignemi-

70 3401 109 3460 ni
133 3406 294 3480 quatenus
315 3389 429 3452 vestris
457 3386 532 3446 fulti
565 3383 713 3467 precibus
738 3381 816 3442 olim
840 3390 978 3466 optatam
1002 3382 1090 3444 adire
1113 3406 1183 3447 me·

69 3501 204 3543 reamur
216 3475 362 3559 patriam.
402 3469 592 3547 Pariterque
611 3467 728 3525 latores
752 3475 936 3546 praesentes
959 3467 1093 3528 famulos
1108 3483 1184 3536 res.

71 3575 152 3638 tros,
172 3563 287 3622 fratres
312 3557 346 3615 in
369 3553 496 3624 Christo
524 3557 669 3618 nostros,
693 3567 773 3626 quos
795 3547 835 3607 ob
860 3547 1037 3610 necessaria
1060 3569 1185 3618 monas-

72 3647 149 3708 terii
178 3641 279 3704 nostri
305 3639 386 3699 illuc
409 3653 515 3716 nsque.
545 3629 794 3707 destinavimus,
832 3638 954 3691 vestrae
987 3628 1185 3692 beatitudini

69 3728 252 3813 plurimum
273 3718 496 3783 commendare
517 3711 759 3796 praesumimus,
783 3721 818 3771 ut
836 3711 882 3772 eis
899 3712 932 3770 iu
956 3733 1021 3793 quo
1038 3734 1186 3782 necessa-

71 3813 162 3872 rium
189 3802 342 3870 duxerint
367 3800 516 3862 solatium
546 3795 698 3876 praebere
726 3793 784 3876 pro
821 3793 934 3856 divino
968 3792 1090 3858 intuitu
1119 3817 1185 3856 non-

72 3890 268 3975 dedignetis.
309 3885 392 3948 Vale
415 3902 474 3966 pro
504 3882 596 3942 nobis
616 3899 732 3955 orans,
761 3877 898 3939 Domine
920 3887 1029 3939 sancte
1049 3899 1085 3940 ac
1108 3875 1187 3939 bea·

72 3977 196 4037 tissime
220 3979 319 4055 pater.
588 4044 596 4060 Ι

74 4079 311 4170 Supplicaturio
329 4095 390 4158 pro
415 4095 451 4134 eo
472 4072 527 4153 qrai
542 4072 575 4130 in
596 4071 785 4140 monasterio
810 4087 997 4130 conversare
1015 4065 1189 4128 desiderat.

160 4185 330 4249 vasst
358 4181 498 4244 Domino
519 4189 640 4256 sancto,
662 4178 789 4258 Deique
812 4165 957 4252 cultore,
986 4184 1019 4236 et
1043 4173 1122 4234 mibi
1144 4154 1188 4234 'in

78 4271 208 4334 Christo
231 4267 420 4332 honorabile
450 4263 554 4341 tratri,
582 4260 794 4338 illi'Abbati,
829 4257 885 4321 ille
913 4259 1048 4321 salutem
1076 4259 1191 4341 optans
