2712 4992
476 355 661 414 unncnnn
1083 339 1155 412 355

445 495 567 558 Notitiae
587 493 627 558 de
648 515 751 561 servo.

130 625 222 691 XXI.
266 625 387 687 Notitia
407 625 547 710 qualiter
569 635 600 688 et
624 624 743 707 quihus
771 623 991 708 praesentibus
1019 627 1154 690 veniens

59 711 144 772 homo
170 707 292 789 aliquis
321 705 450 770 nomine
475 708 533 770 ille
554 708 587 768 in
605 729 687 790 pago
710 708 779 786 illo,
802 707 835 767 in
860 708 932 770 loco
955 707 1012 790 qui
1038 708 1158 772 dicitur

59 796 119 868 ille,
140 814 198 854 seu
224 793 260 850 in
294 801 460 869 mercato,
490 792 542 853 vel
573 790 606 850 in
635 811 807 871 quocunqe
833 789 932 869 loco,
960 799 1034 852 ante
1062 791 1157 854 bonis

57 873 232 936 hominibus
264 873 325 955 qui
350 874 459 935 subter
479 871 702 949 firmaverunt,
732 872 804 934 dato
824 894 882 933 sno
908 871 1011 955 pretio
1031 874 1072 935 ad
1094 872 1156 934 ho·

59 958 167 1017 minem
186 956 412 1038 negotiantem
431 955 548 1016 solidos
570 963 684 1030 tantos,
712 975 838 1016 servum
856 976 949 1016 snum
969 955 1098 1016 nomine
1117 954 1161 1014 il·

60 1042 118 1099 lum
142 1039 229 1102 visus
261 1046 313 1098 est
338 1059 543 1119 comparasse.
592 1037 635 1097 Et
661 1037 926 1118 ipseknegotians
955 1038 1059 1119 ipsum
1089 1057 1159 1099 ser·

61 1144 126 1182 rum
151 1119 305 1204 superius
326 1121 524 1181 nominatum
546 1140 606 1202 per
629 1140 739 1180 manus
761 1119 902 1202 partibus
926 1120 1023 1204 ipsius
1043 1121 1091 1180 lui
1112 1118 1160 1181 vi·

62 1226 106 1264 sns
128 1212 172 1264 est
203 1201 399 1278 tradidisse,
429 1224 492 1262 nou
517 1201 647 1277 fraude,
672 1202 728 1262 sed
754 1201 787 1260 in
815 1199 965 1282 publico,
1001 1210 1037 1262 ut
1060 1201 1157 1283 quic·

65 1284 131 1364 qnid
160 1284 283 1346 exinde
307 1285 326 1344 al
354 1285 406 1346 die
437 1292 604 1366 praesente
631 1285 736 1344 l'acere
762 1283 921 1361 voluerit,
960 1283 1096 1345 liberam
1126 1290 1159 1342 et

66 1367 261 1430 firmissimam
279 1365 315 1428 in
336 1364 482 1428 omnibus
505 1365 620 1426 habeat
634 1373 821 1448 potestatem
835 1365 985 1430 faciendi.
1017 1366 1057 1428 ld
1074 1374 1159 1431 sunt.

436 1503 557 1568 Notitia
580 1503 619 1564 de
640 1503 771 1564 iactivis.

132 1628 245 1692 XXll.
289 1629 412 1692 Notitia
435 1632 575 1712 qualiter
597 1639 630 1690 et
649 1629 766 1711 quibus
787 1631 1004 1713 praesentibus
1025 1633 1159 1700 veniens

65 1711 147 1772 homo
168 1712 289 1795 aliquis
317 1713 448 1775 nomine
476 1713 533 1774 ille
562 1714 595 1774 in
620 1734 701 1795 pago
728 1713 805 1789 illo,
834 1713 866 1771 in
894 1715 966 1776 loco
995 1717 1052 1797 qui
1078 1717 1157 1777 dici-

65 1803 110 1854 tnr
131 1793 196 1872 ille,
219 1797 255 1854 in
284 1796 384 1856 mallo
412 1796 563 1880 publico,
587 1803 658 1855 ante
681 1795 752 1857 viro
776 1794 833 1855 illo
855 1796 979 1858 Comite
1004 1799 1054 1861 vel
1078 1799 1158 1859 reli·

66 1877 126 1956 quis
156 1879 361 1960 quampluris
386 1879 479 1940 bouis
511 1877 694 1939 hominibus
725 1875 780 1958 qni
806 1878 916 1939 subter
941 1881 1158 1958 firmaverunt,

65 1959 216 2038 repetebat
238 1962 286 2038 ei,
317 1961 394 2020 dum
420 1961 542 2021 diceret
569 1982 606 2023 eo
629 1960 717 2040 quod
739 1961 868 2022 homine
892 1963 1002 2045 aliquo
1026 1963 1156 2024 nomine

66 2037 112 2097 illo
137 2051 208 2102 ante
231 2042 343 2124 ipsum
365 2042 520 2104 Comitem
547 2043 727 2102 aframitum
747 2042 917 2104 habuisset.
957 2046 985 2106 A
1009 2067 1073 2127 quo
1093 2045 1159 2126 pla·

67 2121 151 2180 eitum
169 2126 261 2185 venit
287 2126 371 2207 ipse,
394 2125 450 2186 ille
479 2127 598 2208 placito
629 2146 687 2185 suo
713 2125 930 2205 custodiebat,
958 2136 990 2188 et
1006 2148 1066 2188 nec
1088 2127 1157 2209 ipse

68 2204 171 2265 illaad
192 2229 272 2268 eum
293 2207 446 2290 placitum
473 2209 581 2286 venit,
612 2228 672 2267 nec
699 2207 793 2268 misso
816 2207 849 2267 in
876 2207 983 2270 vicem
1002 2231 1092 2270 suam
1109 2209 1161 2270 di-

68 2285 140 2376 rexit
165 2290 223 2369 qui
248 2290 319 2349 nlla
347 2289 436 2350 sonia
462 2291 649 2366 nuntiasset,
672 2297 704 2350 et
724 2288 842 2370 placito
867 2311 925 2351 suo
950 2290 1104 2374 neglexit,
1127 2299 1160 2352 et

70 2368 187 2432 tactivas
202 2371 325 2434 exinde
340 2372 499 2434 remansit.
521 2373 559 2434 ld
572 2379 647 2434 sunt
659 2371 774 2454 quibus
783 2373 1003 2456 praesentibus
1016 2375 1158 2436 fuerunt.

522 2510 691 2573 Securitas.

138 2623 254 2686 XXlll.
297 2624 368 2684 Non
387 2623 519 2686 minima
539 2625 596 2686 sed
611 2624 746 2694 maxima
769 2624 907 2688 vertitur
927 2623 1085 2686 discordia
1102 2623 1156 2684 in-

71 2707 112 2760 ter
130 2702 198 2767 illos
222 2717 257 2768 et
284 2705 367 2772 illos.
412 2707 590 2770 Venientes
611 2717 684 2768 ante
706 2707 817 2769 illo'et
839 2709 909 2787 illo,
930 2707 1079 2790 repetivit
1100 2706 1151 2788 ip·
1217 2706 1223 2718 ⁴

71 2805 97 2842 se
118 2785 171 2846 ille
192 2789 344 2850 adversus
365 2789 463 2870 ipsius
490 2791 556 2870 lui,
586 2791 732 2872 eoquod
756 2790 900 2872 genitore
925 2811 984 2851 suo
1009 2797 1064 2849 aut
1083 2809 1156 2869 ger·

73 2886 153 2927 mano
175 2892 232 2931 suo
256 2871 314 2931 illo
334 2875 417 2932 malo
439 2872 551 2934 ordine
573 2872 792 2938 interfecisset.
835 2873 1071 2954 luterrogatum
1092 2869 1157 2929 fuit

73 2961 110 3041 an¹
125 2949 196 3030 ipsis
218 2952 296 3014 viris
323 2953 383 3035 ipsi
412 2954 460 3014 lui
482 2956 508 3015 si
532 2953 611 3015 baec
634 2976 727 3015 eausa
751 2955 794 3014 ita
815 2964 884 3015 acta
903 2954 957 3016 rel
976 2961 1157 3036 perpetrata

73 3028 172 3092 fuisset
200 3055 241 3094 an
265 3057 341 3112 non,
364 3037 397 3096 id
425 3035 545 3117 ipsein
570 3046 737 3119 praesente
767 3035 873 3097 dicere
904 3036 1043 3097 deberet.
1091 3034 1157 3098 Sed

74 3129 136 3201 ¹cum
154 3113 218 3196 ipse
242 3117 300 3180 ille
323 3119 405 3179 hanc
429 3140 552 3178 cansam
576 3119 704 3178 minime
725 3119 829 3199 potuit
849 3119 1024 3200 denegare,
1046 3116 1091 3178 sio
1116 3116 1155 3177 ab

75 3193 138 3271 lpsis
158 3197 232 3260 viris
254 3199 318 3260 fnit
338 3201 532 3277 indicatum,
562 3210 597 3260 ut
620 3200 693 3262 illos
720 3200 831 3278 leode,
859 3210 896 3260 ut
917 3200 970 3260 lex
992 3209 1075 3276 erat,
1098 3199 1156 3260 de·

75 3275 183 3338 solvere
212 3281 352 3347 deberet.
393 3284 489 3360 Quod
517 3283 559 3342 ita
583 3283 616 3341 in
648 3291 815 3365 praesente
843 3292 876 3342 et
897 3282 984 3342 fecit.
1032 3282 1075 3341 Et
1096 3303 1155 3362 ego

74 3351 146 3416 hanc
169 3362 371 3426 securitatem
397 3365 430 3423 in
458 3365 526 3446 ipso
558 3365 616 3425 illo
646 3367 714 3425 lieri
742 3372 775 3423 et
797 3363 962 3424 adfirmare
987 3363 1157 3444 rogarint

77 3437 155 3498 nullo
184 3465 326 3526 unquam
350 3457 491 3528 tempore
519 3447 557 3506 de
595 3447 657 3506 iam
687 3447 769 3506 dicta
800 3456 900 3506 morte
931 3466 991 3505 nec
1019 3450 1058 3506 de
1088 3445 1156 3526 ipsa

77 3515 155 3609 leode
182 3546 242 3588 nec
260 3550 318 3610 ego
340 3530 418 3611 ipse,
442 3550 500 3590 nec
523 3529 609 3589 ullus
629 3532 668 3592 de
690 3527 861 3588 heredibus
881 3527 971 3604 meis,
994 3547 1054 3588 nec
1071 3526 1156 3607 quis-

76 3597 147 3662 hbet
165 3607 246 3670 ullus
277 3611 451 3671 calumnias
476 3633 535 3673 nec
562 3612 768 3692 repetitiones
799 3631 892 3691 agere
921 3630 985 3672 uec
1010 3619 1156 3690 repetere

77 3698 132 3741 non
153 3687 329 3756 debeamus.
370 3693 466 3770 Quod
490 3695 546 3776 qui
574 3692 843 3770 attentaverimus,
864 3691 989 3751 nullum
1016 3691 1158 3752 obtineat

78 3763 229 3859 effeptum,
261 3783 293 3838 et
320 3776 450 3857 insuper
475 3779 648 3837 inferamus
667 3774 744 3852 tibi,
776 3796 839 3832 nna
865 3795 937 3834 cum
959 3773 1046 3834 socio
1068 3772 1154 3849 fiseo,

78 3862 137 3937 ψ]
157 3856 263 3916 uncias
282 3865 384 3919 tantas
405 3879 471 3919 esse
493 3859 669 3936 multando,
691 3865 723 3919 et
742 3877 891 3940 praesens
917 3856 1067 3918 securitas
1090 3874 1155 3916 om·
1174 3927 1176 3934 Α

79 3943 105 3984 m
122 3938 258 4019 tempore
278 3937 368 4006 firma
392 3950 584 4024 permaneat.

339 4074 454 4138 Charta
473 4073 644 4134 denarialis
664 4085 734 4133 ante
755 4073 875 4152 Regem.

149 4159 278 4259 XXIV:
303 4191 365 4258 Ille
385 4193 454 4252 Rex
473 4189 669 4251 Francorum
687 4186 736 4248 vir
760 4184 903 4246 inluster.
943 4185 986 4245 Et
1005 4184 1081 4266 quia
1101 4181 1157 4244 ille

83 4267 201 4338 veniens
229 4284 301 4339 unte
332 4295 389 4338 not
412 4271 464 4338 vel
488 4291 659 4356 procerum
679 4277 859 4332 nostrorum
887 4268 1066 4352 praesentia
1090 4265 1157 4328 iac·
