2658 4978
179 367 251 440 152
390 385 519 440 nean.
626 373 871 442 camruiann'
969 388 1028 446 set.
1103 417 1106 422 Α

177 523 378 608 reipublicae
397 525 504 588 taliter
523 527 564 589 de
583 529 649 591 illis
672 531 812 612 partibus
833 531 865 590 in
886 533 959 592 istas
976 540 1079 612 partes
1098 527 1201 588 venire
1217 527 1258 584 sa-

177 610 282 683 ciant,
304 617 341 666 ut
364 629 428 668 non
448 610 680 690 opprimantur,
696 635 755 674 nec
772 613 887 692 aliquis
907 637 1021 675 census
1035 615 1087 673 vel
1109 631 1259 692 quaecun-

178 713 242 774 que
260 690 384 752 exactio
402 691 441 750 ab
461 692 526 752 illis
545 694 730 772 exiguumne
755 707 787 755 et
809 696 948 756 babeant
963 696 1126 756 licentiam
1140 713 1214 772 quae
1231 691 1258 748 in

177 775 243 834 illis
260 774 401 853 partibus
413 796 471 834 suo
492 777 625 836 servitio
642 790 907 858 promeruerunt,
929 782 979 838 rel
998 797 1189 860 utrocunque
1208 773 1260 832 ius·

177 868 211 917 to
236 856 367 936 ingenio
385 857 491 937 adepti
518 867 612 934 sunt,
635 861 890 920 commendandi.
932 865 972 921 Et
992 862 1043 920 illi
1068 862 1124 942 qui
1149 856 1261 918 nullum

177 940 305 999 lucrum
334 939 373 998 de
399 960 496 1024 opere
526 941 560 998 in
587 942 692 1002 vineis
721 954 867 1024 sperant,
901 943 1058 1004 Kalendis
1086 938 1260 1025 Septembris

177 1019 400 1101 unusquisque
417 1021 456 1081 ad
478 1021 584 1082 locum
599 1045 692 1084 suum
713 1025 773 1084 iam
789 1035 965 1106 perventus
988 1028 1040 1087 sit.
1080 1025 1122 1086 Et
1149 1021 1201 1103 qui
1222 1023 1261 1079 lu·

178 1125 268 1165 erum
287 1103 325 1162 de
345 1104 448 1164 vineis
465 1104 578 1166 inillis
602 1108 745 1188 partibus
765 1111 996 1190 promeruerit,
1025 1118 1100 1169 octo
1120 1107 1184 1168 die's
1202 1111 1260 1186 post

137 1249 141 1256 ,
165 1187 303 1248 'Missam
322 1186 423 1246 sancti
449 1187 586 1270 Remigii
610 1189 642 1247 in
662 1189 735 1250 istas
755 1201 861 1270 partes
880 1193 943 1252 iam
961 1193 1002 1252 sit
1031 1198 1217 1273 perventus,
1237 1195 1261 1244 et

175 1269 237 1330 sibi
264 1269 298 1326 in
328 1267 550 1349 istispartihus
572 1271 765 1332 infuturum
785 1274 972 1354 provideat,
1008 1285 1041 1334 et
1065 1295 1122 1332 suo
1151 1267 1261 1331 Seniori

175 1351 300 1414 serviat.
342 1351 385 1410 Et
403 1351 427 1410 si
449 1371 579 1412 necesse
601 1351 650 1411 illi
677 1355 790 1430 fuerit,
814 1356 853 1416 ad
873 1358 1001 1416 Missam
1028 1355 1130 1416 saneti
1145 1349 1261 1412 Martini

177 1435 217 1493 ad
237 1455 328 1494 suum
351 1433 547 1492 conductum
571 1435 602 1493 in
625 1435 696 1495 illas
722 1447 828 1517 partes
845 1439 977 1513 redeat,
1001 1447 1035 1498 et
1052 1457 1152 1517 usque
1171 1433 1261 1492 adlla-

165 1517 286 1576 'lendas
308 1515 426 1596 Aprilis
448 1514 567 1576 ibidem
591 1518 780 1577 immorandi
800 1519 962 1592 licentiam
977 1521 1116 1590 'habeam
1140 1517 1260 1592 indeque

174 1599 214 1658 ad
241 1609 357 1658 terram
379 1618 454 1657 suae
478 1599 652 1660 nativitatis
668 1612 700 1660 et
722 1601 760 1659 ad
772 1603 976 1662 senioratum
994 1625 1091 1664 suum
1112 1595 1262 1678 unusquis·

104 1748 108 1754 .
174 1704 237 1763 qne
264 1681 395 1755 redeat,
419 1687 450 1739 et
469 1684 626 1761 usquead
646 1684 787 1742 medium
805 1685 924 1743 Maium
948 1696 1083 1767 propter
1100 1677 1262 1744 seminatio·

175 1785 249 1822 nem
267 1762 384 1820 ibidem
404 1774 547 1834 maneat;
572 1764 735 1844 indeque,
757 1765 783 1824 si
810 1767 858 1824 illi
890 1770 1063 1827 necessitas
1088 1765 1204 1838 fuerit,
1231 1758 1261 1815 ad

174 1867 268 1908 suum
290 1843 486 1904 conductum
506 1845 633 1916 redeat;
659 1857 689 1906 et
723 1847 799 1906 inde
829 1849 867 1908 ad
894 1853 1071 1910 messiones
1098 1849 1130 1906 iu
1162 1856 1262 1905 terrain

173 1950 259 1989 suam
274 1926 496 2006 unusquisque
507 1927 636 2002 redeat,
653 1938 684 1988 et
705 1929 743 1988 de.
759 1938 885 1990 caetero
906 1931 1221 2013 ibidempermaneat.
1235 1923 1261 1984 Si

174 2020 279 2069 autem
297 2009 336 2069 de
359 2007 427 2067 istis
448 2010 588 2090 partibus
603 2011 634 2068 in
659 2011 722 2071 illis
742 2013 883 2092 panibus
905 2016 1023 2073 semina
1056 2013 1198 2072 maritum
1219 2015 1262 2066 ant

173 2093 305 2152 maritus
321 2089 471 2148 feminam
488 2093 634 2174 accepit,
657 2093 740 2154 illud
760 2095 966 2177 coniugium,
990 2097 1146 2177 quianon
1168 2100 1210 2152 est
1223 2091 1260 2148 le·

173 2175 242 2256 gale
265 2192 372 2252 neque
391 2172 589 2253 legitimum,
609 2174 691 2235 sicut
706 2178 772 2235 Leo
797 2177 829 2234 in
852 2179 917 2238 suis
937 2179 1076 2239 decretis
1103 2187 1134 2236 et
1154 2184 1260 2236 sanctus

174 2255 348 2337 Gregorius
370 2254 403 2311 in
428 2256 492 2316 suis
514 2256 657 2335 epistolis
677 2267 871 2334 monstrant,
895 2261 1109 2330 ‹lissolvatur5
1132 2269 1163 2318 et
1186 2256 1260 2316 cuius

171 2338 369 2418 mancipium
387 2336 439 2395 vir
460 2339 512 2398 rel
533 2340 651 2398 femina
681 2340 799 2414 fuerit,
832 2345 933 2414 (suum
962 2365 1113 2424 quaeque
1140 2348 1258 2423 potestas

171 2421 328 2500 recipiat,
353 2429 384 2480 et
406 2441 480 2479 suae
498 2422 661 2501 potestatis
675 2421 796 2496 bomini
813 2425 1011 2506 coniungere
1038 2425 1135 2484 faciat
1159 2429 1191 2500 e).
1226 2421 1259 2478 Et

171 2503 196 2564 si
214 2503 352 2564 infantes
373 2501 448 2562 iude
468 2503 532 2562 nati
547 2506 820 2580 sunt,secundum
839 2507 942 2587 legem
961 2517 994 2567 et
1009 2509 1174 2588 antiquam
1193 2523 1244 2562 con

172 2585 378 2648 suetudinem
403 2595 539 2644 nostram
561 2587 700 2646 infantes
715 2597 847 2650 matrem
866 2600 1054 2669 sequantur.
1077 2592 1114 2650 lu
1134 2587 1195 2647 illis
1213 2606 1258 2642 au·

170 2679 235 2728 tem
252 2666 438 2749 regionibus
454 2689 535 2748 quae
554 2668 658 2748 legem
674 2671 846 2728 Romanam
868 2682 1070 2754 sequuntur,
1100 2667 1258 2731 secundun

173 2751 308 2816 eandem
332 2751 435 2830 legem
462 2750 533 2810 lieri
561 2753 679 2810 exinde
702 2752 910 2812 decrevimus
1121 2802 1124 2809 .

254 2833 397 2893 xxxtl.
440 2835 481 2892 Ut
501 2833 721 2892 conlimitanei
741 2843 772 2892 et
791 2835 890 2892 vicini
918 2834 1061 2896 Comites
1080 2835 1114 2892 in
1131 2829 1257 2902 uuadie,

170 2917 194 2978 si
220 2915 288 2973 fieri
315 2924 439 2998 potest,
462 2917 594 2974 mallum
620 2937 683 2974 non
712 2925 860 2992 teneant,
891 2918 1027 2976 maxime
1055 2927 1126 2998 pest
1153 2925 1259 2974 octavas

169 2998 309 3060 Paschae
323 3015 345 3076 ,·
367 3007 496 3078 propter
519 3001 658 3057 Francos
688 2997 833 3058 homines
858 3009 889 3059 et
924 2999 1125 3075 Advocatos,
1149 2997 1206 3076 qui
1229 2994 1258 3052 ad

172 3090 307 3157 utraque
330 3080 424 3138 malla
443 3101 506 3137 non
525 3090 658 3160 pessunt
681 3101 873 3151 occurrere;-
891 3082 1091 3142 sed-mittant
1119 3080 1174 3140 ‘sihi
1192 3077 1259 3136 invi·

173 3183 242 3220 cem
259 3162 380 3224 Missos.
422 3162 462 3219 Et
487 3162 511 3220 si
539 3185 624 3222 unus
646 3161 697 3222 die
724 3163 825 3222 lunis
851 3165 983 3222 mallum
1008 3160 1259 3237 l1abuerit,alter

174 3244 226 3302 ‹lie
249 3244 334 3302 lovis
353 3253 408 3302 aut
425 3243 476 3303 die
501 3244 600 3304 Lunis
626 3245 791 3324 sequentis
819 3245 1035 3306 hebdomadae
1066 3246 1193 3305 mallum
1212 3241 1258 3299 lia·

173 3325 256 3384 beat.
298 3327 339 3386 Et
358 3345 398 3386 ue
421 3347 513 3404 grave
538 3326 631 3387 ei'sit
652 3328 707 3406 qui
730 3350 821 3386 suum
846 3330 978 3388 niallam
1005 3328 1187 3401 interiecit,
1213 3321 1258 3401 qui

175 3429 240 3467 uiro
261 3430 346 3468 anno
365 3409 487 3489 primus
511 3408 654 3467 tenuerit
667 3409 807 3485 mallum,
831 3412 978 3492 sequenti
998 3433 1084 3468 ianne
1102 3405 1259 3469 consentiat

175 3491 266 3549 alteri
281 3493 420 3572 primum
438 3499 557 3550 tenere.
594 3491 636 3550 Et
653 3493 678 3550 si
698 3505 892 3552 sacramenta
914 3493 1029 3572 legalia
1050 3494 1083 3550 in
1104 3487 1257 3572 primodie

174 3575 276 3633 lunis
293 3584 365 3654 post
380 3573 499 3636 Pascha
515 3573 650 3631 iuranda
677 3573 890 3650 devenerint,
926 3570 980 3634 aut
1008 3576 1142 3648 alii-sin
1169 3568 1257 3640 feriis,

174 3650 305 3735 (planule
323 3655 456 3715 mallum
474 3666 584 3715 tenere
603 3654 775 3731 debuerat,
797 3657 901 3716 mittat
918 3659 1140 3738 unusquisque
1164 3656 1256 3714 Comes

175 3738 307 3798 Missum
326 3760 436 3812 suarm,
460 3737 516 3818 qui
533 3738 599 3817 ipsa
617 3747 811 3798 sacramenta
834 3741 1013 3804 auscultet,
1037 3761 1077 3800 ne
1092 3737 1148 3818 ipsi
1171 3731 1257 3794 homi·

176 3841 233 3880 nes
257 3820 424 3899 [ieetivifl
440 3820 657 3880 inveniantur.
685 3820 726 3878 Et
745 3818 811 3900 ipse
830 3822 875 3882 sic
893 3823 1027 3890 mallum
1047 3843 1141 3881 suum
1158 3821 1256 3888 teneat,

176 3911 211 3961 ut
229 3903 383 3986 barigildi
403 3903 471 3962 eius
493 3911 525 3963 et
541 3900 698 3962 Advocati
715 3905 772 3982 qui
792 3903 824 3963 iu
840 3906 910 3966 aliis
922 3904 1128 3965 ‘comitatibus
1140 3901 1257 3961 rationes

176 3983 316 4062 liabent,
340 3987 379 4045 ad
399 4005 491 4045 suum
511 3985 644 4042 mallum
660 4005 830 4048 occurrere
851 3989 985 4068 possint.

259 4067 420 4130 XXXlll.
463 4068 505 4126 Et
522 4064 599 4146 quia
621 4078 816 4129 sacramenta
833 4077 906 4152 post
930 4068 1140 4152 quadraginta
1167 4068 1257 4124 noctes

211 4202 241 4270 a)
277 4197 311 4254 al.
336 4219 381 4252 mi.
417 4215 574 4268 potestatem
598 4201 697 4252 babeat
791 4201 830 4272 s)
865 4203 898 4253 al.
917 4220 964 4257 ms.
974 4201 1101 4274 fugitivi.

281 4269 437 4339 recipiendi
455 4285 481 4324 et
506 4273 558 4324 sibi
580 4274 696 4324 coniun-
1045 4300 1050 4310 ·

282 4341 375 4411 gandi.
