2712 4992
213 241 287 316 sot
533 261 719 318 usucuurr
746 259 989 322 sonuntmuu

212 400 311 464 tionis
332 400 433 486 ipsius
456 401 526 464 viro
547 401 617 464 lieri
637 400 863 483 decrevimus,
884 406 958 466 uta
983 413 1151 489 praesente
1162 405 1206 468 die
1224 407 1271 488 ipsa

213 485 331 548 locella
352 504 426 545 cum
447 485 554 546 omnia
574 486 721 567 superius
751 489 867 568 scripta
888 487 940 548 rcl
970 489 1146 552 cumomni
1169 487 1273 569 iutegri-

212 578 277 632 tste
297 589 366 642 sna,
388 567 560 710 quicquid,
584 579 621 628 ut
640 569 786 648 diximus,
806 571 862 631 ille
883 570 936 632 rel
953 569 1046 632 fiscus
1063 581 1165 633 noster
1183 571 1273 632 ibidem

212 650 336 728 tenuit,
369 649 436 734 ipse
466 650 523 712 ile
547 651 608 712 boc
632 651 764 730 babeat,
800 661 929 730 teneat,
951 664 1045 736 atqne
1067 654 1228 735 possideat,
1254 665 1274 714 et

211 733 278 798 onis
308 731 443 815 posteris
467 731 508 794 ad
533 735 763 816 possidendum
780 735 953 816 relinquat,
973 737 1027 799 rel
1046 735 1194 818 quicquid
1212 733 1275 795 exiu-

211 815 379 880 defecere
400 814 558 894 voluerit,
580 838 621 879 ex
649 825 756 879 nostra
778 818 1025 880 commutatione
1047 819 1175 879 liberam
1191 817 1276 878 habeat

210 907 415 984 potestatem
445 908 477 959 et
506 919 720 982 unaquaeque
741 923 811 998 pars
832 901 920 983 quod
941 900 975 960 in
997 901 1180 964 concambio
1201 901 1275 962 bonae

233 982 298 1044 acis
335 980 459 1065 placuit
489 984 667 1064 accepisse,
698 985 889 1066 exsudeper
911 988 1008 1066 longa
1034 993 1175 1066 tempora
1194 983 1277 1044 debeat

208 1005 280 1128 lieo
313 1066 519 1147 permittente
556 1066 725 1150 gratulare.
780 1065 824 1128 Et
842 1075 880 1130 ut
906 1068 989 1130 baec
1019 1065 1207 1152 praeceptio.
1251 1066 1276 1128 Et

208 1155 344 1214 caetera.
966 1185 968 1190 ·

336 1281 543 1366 Confirmatio
564 1277 657 1362 Regis
681 1279 722 1342 de
748 1281 835 1343 omni
861 1301 994 1368 corpore
1007 1269 1187 1366 facultatis,

249 1393 408 1459 ll‘XXXL
451 1395 704 1480 Meritolregalis
724 1396 895 1459 clementia
918 1399 1035 1461 inillis
1059 1397 1275 1459 conlacruma-

207 1503 244 1543 ra
265 1480 319 1542 vel
330 1478 540 1562 proprietates
561 1487 732 1561 parentum
753 1489 933 1541 nostrorum
947 1483 1141 1542 confirmare
1159 1479 1275 1541 deliberat

208 1584 291 1648 quos
328 1561 493 1646 cognoscit
527 1561 724 1622 anteriorum
761 1563 885 1644 Regum
919 1576 1096 1646 pareutum
1134 1571 1276 1624 nostrorum

208 1645 264 1708 rel
301 1645 393 1706 nobis
426 1645 523 1706 fidem
555 1645 710 1725 integram
733 1667 940 1708 conservasse
968 1639 1141 1724 inlaesam.-
1184 1645 1276 1706 Idcirco

209 1725 349 1789 inluster
371 1727 423 1790 vir
443 1727 501 1788 ille
531 1726 663 1788 Clsartas
690 1729 952 1810 praecedentium
977 1730 1106 1812 Regum
1131 1729 1214 1808 nobis
1230 1750 1276 1808 pre

207 1811 285 1873 tulit
304 1811 528 1887 recensendas,
551 1809 690 1890 qualiter
714 1811 900 1893 parentibus
923 1812 988 1874 suis
1014 1813 1090 1874 loca
1109 1810 1208 1892 aliqua
1222 1809 1277 1870 fuis-

207 1897 281 1957 sent
303 1915 476 1966 cencessa5
510 1892 604 1975 petiit
635 1901 672 1951 ut
694 1913 768 1953 cnm
796 1893 954 1955 de'onsni
985 1897 1124 1976 corpore
1152 1893 1276 1955 facultatis

208 1998 296 2056 snae,
316 1986 381 2038 tam
402 1976 491 2058 qnod
508 1975 599 2058 regio
622 1995 756 2036 munere
778 1975 845 2058 ipse
869 1977 922 2039 vel
943 1978 1166 2060 parentes-'sui
1182 1995 1276 2059 prome-

207 2069 356 2138 ruerunt,
381 2080 477 2140 qnam
497 2057 584 2138 quod
608 2078 668 2138 per
692 2058 900 2136 venditionis,
922 2059 1097 2137 cessionis,
1119 2050 1274 2146 donationis,

207 2141 571 2222 communicationisque
597 2141 730 2201 titulum
750 2142 791 2204 ad
813 2163 963 2224 praesens
981 2143 1067 2203 iuste
1092 2151 1123 2203 et
1143 2138 1275 2203 rationabi-

206 2224 284 2285 liter
307 2233 354 2286 est
378 2224 614 2306 conquisitum,
637 2224 722 2285 etad
742 2246 890 2308 praesens
910 2225 1077 2306 possidere
1107 2225 1222 2288 videtur
1236 2241 1274 2306 per

207 2314 353 2368 nostrum
374 2306 407 2366 in
431 2307 500 2388 ipso
526 2306 714 2368 deberemus
734 2306 927 2389 generaliter
951 2307 1144 2370 confirmare
1156 2311 1274 2383 Praecep-

207 2400 285 2456 tum.
328 2389 425 2466 Quod
451 2410 509 2451 nos
527 2411 584 2472 pro
608 2390 719 2450 divine
743 2389 876 2466 intuitu,
898 2390 950 2450 vel
976 2391 1047 2451 eins
1074 2390 1191 2452 meritis
1213 2409 1273 2448 cem-

204 2472 421 2557 pellentibns,
443 2469 567 2553 integra
590 2471 760 2534 devotione
779 2473 967 2553 magnitudo
986 2482 1096 2534 vestra
1117 2470 1272 2554 praestitisse

205 2564 387 2639 cognoseat.
436 2552 674 2636 Praecipieutes
702 2555 789 2616 enim
819 2563 857 2614 ut
886 2553 1047 2638 quicquid
1072 2577 1114 2616 ex
1139 2552 1272 2615 successio

206 2659 248 2700 ne
269 2647 452 2720 parentum,
473 2637 527 2697 rel
543 2636 612 2697 eius
626 2635 803 2713 voluntate,
825 2646 888 2697 tam
904 2660 1039 2699 munere
1054 2637 1156 2720 regio,
1171 2637 1214 2698 rel
1226 2653 1272 2716 ptr·

202 2718 592 2806 quaelilsetinstrumenta
615 2719 792 2780 chartarum
817 2720 857 2779 ad
882 2719 997 2781 eodem
1024 2721 1110 2781 iuste
1137 2716 1271 2804 pervenit,

204 2811 270 2865 tam
297 2804 331 2862 in
359 2802 513 2878 villabus,
547 2802 734 2885 mancipiis,
760 2801 934 2878 aedificiis,
965 2804 1152 2877 accolabus,
1179 2819 1271 2870 aurum,

89 2892 94 2902 '
204 2896 383 2968 argentum,
405 2885 584 2968 speciebus,
607 2885 812 2962 ornamentis,
833 2884 953 2945 mobile
982 2895 1014 2946 et
1041 2885 1215 2960 immobile,
1236 2887 1273 2938 aui

203 2969 423 3051 quodcunque
449 2968 482 3026 in
507 2967 705 3048 quibuslibet
731 2966 827 3028 rebus
854 2988 913 3050 per
939 2967 1152 3034 instrumenta
1178 2965 1272 3026 charta-

202 3072 276 3112 rum
298 3059 440 3130 tempore
457 3047 617 3132 praesenti
642 3073 715 3110 cum
739 3050 873 3111 rationis
899 3050 1013 3113 ordine
1036 3045 1272 3125 dominareride-

202 3141 266 3211 tur,
288 3155 346 3216 per
372 3130 455 3193 hanc
477 3133 695 3194 auctoritatem
721 3133 860 3194 firmatus
880 3155 954 3194 cum
974 3132 1035 3194 Dei
1060 3143 1093 3196 et
1110 3131 1207 3192 nostri
1225 3147 1272 3209 gra·

202 3215 247 3278 tia
268 3213 301 3275 in
328 3215 510 3296 integritate
535 3216 599 3276 hoc
620 3217 727 3276 valeat
748 3217 909 3299 possidere
936 3223 969 3276 et
985 3215 1051 3276 suis
1069 3214 1196 3300 posteris
1217 3228 1270 3268 aus-

204 3308 273 3360 tore
297 3301 367 3358 Deo
397 3299 634 3380 derelinquere.
676 3299 719 3361 Et
740 3309 774 3359 ut
799 3300 879 3360 haec
908 3296 1091 3364 auctoritas.

224 3428 262 3490 Si
285 3431 398 3513 uliquis
430 3439 540 3488 contra
568 3429 659 3506 Regis
690 3428 886 3489 volantatem
914 3428 1028 3508 egerit,
1058 3427 1200 3489 securitas
1220 3419 1256 3481 sti

554 3532 623 3570 eune
640 3513 788 3596 persequi
809 3511 945 3576 iusserit,

285 3627 421 3694 XXXII.
463 3625 530 3705 Qui
550 3625 671 3708 regiam
695 3625 916 3707 obtemperant
935 3626 1127 3704 iussionem,
1154 3615 1268 3704 experire

201 3711 321 3774 melum
351 3711 383 3770 in
410 3721 572 3794 posterum
598 3711 615 3769 b
639 3709 816 3789 quemlihet
839 3731 904 3771 non
931 3710 1058 3770 debent.
1100 3707 1194 3791 Igitur
1217 3719 1270 3761 eum

202 3807 234 3857 et
260 3795 317 3854 ille
346 3815 421 3855 cnm
446 3792 589 3872 reliquos
612 3813 704 3872 pares
732 3813 817 3869 snos,
848 3791 905 3874 qni
930 3812 1004 3850 eum
1033 3792 1133 3853 secuti
1154 3787 1267 3853 fuerunt,

200 3878 341 3940 faciente
364 3874 509 3954 (rebelle
532 3879 566 3952 c)
589 3873 647 3934 illo
670 3873 852 3951 interfecit,
867 3883 929 3933 ant
949 3874 1107 3954 quaslibet
1127 3869 1196 3932 alias
1213 3884 1268 3926 cau·

201 3984 249 4023 sas
280 3970 392 4023 contra
417 3960 538 4038 Regem
558 3957 696 4034 admisit,
719 3957 770 4017 vel
793 3957 833 4016 de
854 3976 956 4038 regno
984 3966 1090 4018 nostro
1107 3976 1139 4018 se
1157 3955 1267 4040 transtu·

201 4044 262 4123 lit,
293 4043 382 4127 qnod
406 4041 498 4102 nobis
522 4040 678 4102 satisfuit
698 4039 888 4118 molestum,
916 4047 948 4102 et
971 4060 1036 4100 una
1066 4059 1136 4100 cum
1161 4028 1266 4095 consilio

235 4163 521 4178 *nunt—⁴0⁸·-

238 4216 269 4284 e)
287 4215 389 4274 al,n1s.
408 4215 518 4270 revello.
