2712 4992
523 277 703 332 mentri
723 280 743 331 F
746 281 967 336 OlibeLdltUM

356 415 437 496 Quid
461 439 538 501 ergo
561 419 669 481 verius
693 428 799 503 potest
823 419 932 498 credi,
959 420 1037 501 qnid
1058 421 1267 500 confidentius,

348 501 527 582 repressius,
558 501 635 583 quia
665 501 750 564 sicut
782 523 865 582 aqua
891 501 1050 584 extinguit
1080 503 1199 584 ignem,
1233 509 1268 567 sic

337 605 397 666 pua
417 583 575 665 extinguit
592 587 779 666 peccatum?
800 585 887 645 fuste
912 606 987 666 ergo
1016 585 1208 666 extinguitur
1224 592 1270 668 qui

192 675 397 751 peccatorum
428 665 578 726 incendia
599 666 810 748 eleemosynis
842 666 932 726 iuxta
955 667 1212 748 pollicitationem
1230 671 1269 729 di-

191 750 300 811 vinam
330 748 521 830 extinguere
555 769 620 806 non
651 749 790 809 festinat.
852 748 985 814 Faciant
1017 750 1139 832 quippe
1173 754 1269 812 caeteri

189 833 278 916 quod
306 831 487 906 voluerint,
517 839 610 910 agant
638 831 724 912 quod
756 831 815 912 ipsi
838 830 1028 908 maluerint,
1058 832 1178 892 idcireo
1209 835 1269 914 qnia

192 914 294 976 omnis
320 912 415 972 bomo
438 934 496 972 suo
523 934 615 971 sensu
644 913 790 984 ducitur3
822 935 881 994 ego
903 923 1007 974 tamen
1034 912 1133 973 huius
1160 915 1205 974 rei
1230 937 1269 974 er-

188 998 330 1078 emplum
353 1003 479 1055 secutus
494 993 578 1073 elegi
604 994 644 1054 ad
663 997 804 1075 praefato
827 995 966 1056 oratorio
988 994 1041 1055 vel
1066 996 1193 1071 cellula,
1211 997 1268 1056 iur-

188 1088 220 1140 ta
240 1079 464 1158 Apostolorum
490 1095 658 1135 numerum
685 1076 854 1140 duodecim
873 1077 912 1136 ad
933 1097 1082 1160 praesens
1104 1099 1268 1158 pauperum,

186 1183 246 1244 pro
268 1160 455 1220 remissione
479 1167 681 1240 peccatorum
703 1180 866 1237 meorum,
884 1160 937 1220 vel
959 1179 1017 1242 pro
1040 1161 1193 1221 diluenda
1217 1182 1269 1218 ma·

189 1264 281 1304 orum
306 1243 390 1302 mole
419 1240 649 1322 peccaminum,
677 1241 804 1302 Christo
826 1243 971 1324 praesule
1007 1242 1201 1312 conlocare,
1228 1244 1268 1300 ubi

189 1325 284 1386 etiam
307 1347 364 1406 pur
385 1333 586 1404 praesentem
619 1321 786 1401 epistolam
815 1324 996 1386 donationis
1019 1346 1111 1384 meae
1144 1325 1221 1384 dono
1241 1325 1269 1384 ad

185 1418 354 1490 praesente
387 1406 438 1465 die
467 1405 555 1486 quod
580 1405 611 1462 iu
637 1405 855 1466 luminaribus·
880 1406 978 1488 ipsius
1005 1405 1140 1466 oratorii
1175 1406 1220 1468 vel
1245 1408 1268 1463 iu

188 1489 340 1548 alimonia
358 1497 389 1547 et
415 1485 616 1547 substantiali
644 1487 749 1562 victu,
787 1489 901 1547 uestitu
922 1509 1054 1568 quoque
1080 1498 1114 1548 et
1134 1497 1269 1549 sustenta·

189 1575 276 1631 tione
311 1572 451 1649 ipsorum
480 1590 656 1650 pauperum
685 1569 736 1630 vel
772 1571 971 1651 Clericorum
997 1569 1121 1630 ibidem
1147 1571 1269 1629 servien-

187 1655 278 1728 tium,
311 1656 379 1712 Deo
412 1652 613 1732 gubernante
640 1660 671 1711 et
701 1652 897 1732 opitulante,
928 1651 1092 1732 proficiat,
1128 1653 1270 1711 donatum-

188 1757 250 1815 que
277 1736 310 1794 in
335 1743 527 1814 perpetuum
549 1754 615 1818 esse
636 1733 722 1810 volo,
745 1743 839 1815 atque
858 1733 897 1794 de
916 1755 987 1794 meo
1012 1735 1084 1794 iure
1116 1737 1149 1793 in
1180 1755 1270 1794 eorum

188 1816 405 1878 dorisiuatione
420 1826 450 1876 et
464 1823 618 1897 potestate
637 1816 721 1896 lego,
739 1817 841 1891 trado,
862 1817 1051 1894 transmitto,
1075 1827 1172 1898 atque
1185 1826 1269 1874 trans-

186 1902 309 1976 fuudO,
332 1897 392 1959 hoc
420 1908 484 1972 est,
523 1919 613 1977 agros
642 1919 779 1978 quorum
805 1898 958 1960 vocabula
981 1908 1057 1960 sunt
1085 1900 1144 1957 illa
1167 1907 1196 1958 et
1217 1898 1268 1970 illa,

186 2005 268 2061 (pirae
291 1989 457 2062 ponuntur
474 1979 507 2038 in
530 1981 693 2040 territorio
716 1979 784 2058 illo,
807 1981 875 2061 pari
895 1981 1000 2058 modu,
1023 1979 1229 2060 et-quicquid
1244 1979 1268 2034 in

186 2067 244 2125 illo
266 2062 426 2128 territorio
448 2061 589 2142 ponitur,
613 2063 646 2122 in
675 2062 762 2122 omni
780 2063 938 2122 soliditate
959 2062 1107 2144 portione
1131 2084 1208 2137 mea,
1221 2081 1269 2118 una

188 2169 260 2206 cum
287 2143 465 2224 niaucipiis,
488 2143 651 2220 aediliciis,
673 2144 785 2220 vineis,
807 2145 912 2220 terris,
931 2145 1039 2225 pratis,
1053 2145 1163 2219 silvis,
1185 2141 1268 2202 omni-

186 2249 249 2307 que
273 2227 342 2286 iure
370 2246 491 2300 eornm,
512 2247 577 2285 uua
610 2247 682 2286 cum
705 2227 859 2286 colonicis
890 2227 1074 2302 adiunctis,
1102 2222 1268 2286 adiacentiis

185 2331 306 2385 earum,
329 2309 362 2368 in
386 2308 473 2367 omni
492 2307 652 2368 soliditate
674 2329 792 2384 aarum,
814 2309 897 2368 sicut
918 2331 935 2366 a
954 2331 1004 2369 me
1028 2309 1172 2368 noscitur
1189 2307 1267 2366 fuisse

183 2413 372 2473 possessum,
388 2400 443 2450 aut
459 2389 537 2448 mihi
557 2412 596 2449 cx
614 2391 754 2470 legitima
776 2391 977 2451 successione
999 2401 1054 2450 aut
1070 2391 1267 2466 undecunque

186 2473 309 2554 aliquid
331 2471 410 2531 mihi
431 2472 549 2531 ibidem
573 2472 719 2549 obvenit,
742 2495 814 2533 cum
844 2473 931 2533 omni
958 2472 1116 2536 soliditate
1145 2473 1194 2534 vel
1222 2491 1266 2548 op-

187 2556 380 2636 portunitate
403 2576 511 2615 earum
539 2553 577 2614 ad
608 2555 784 2633 integrum
820 2577 855 2614 ea
883 2555 1006 2616 scilicet
1036 2554 1159 2613 ratione
1190 2563 1265 2630 atque

185 2647 352 2720 praetexto
378 2648 414 2695 ut
439 2647 559 2696 remota
581 2637 774 2696 Pontificum
810 2638 967 2718 simulque
997 2637 1266 2698 ecclesiastieorum

187 2721 330 2780 omnium
350 2719 537 2779 officialium
552 2739 608 2778 seu
630 2720 832 2798 publicorum
858 2719 1000 2777 omnium
1024 2729 1185 2800 potestate,
1206 2715 1266 2774 nul-

187 2804 232 2862 las
257 2801 441 2863 functiones
461 2801 512 2860 vel
538 2802 730 2877 exactiones,
755 2823 859 2882 neque
878 2802 1035 2882 exquisita
1054 2812 1090 2862 'ot
1110 2801 1193 2858 lauta
1208 2817 1266 2872 con·

185 2885 278 2954 vivia,
303 2905 409 2963 neque
432 2883 564 2963 gratiosa
584 2882 636 2942 vel
658 2883 805 2944 insidiosa
829 2884 1028 2958 munuscula,
1062 2904 1166 2962 neque
1189 2881 1265 2940 etiam

188 2967 383 3024 caballorum
408 2975 532 3044 pastus,
564 2972 618 3023 aut
639 2966 843 3044 paravereda,
878 2967 932 3026 vel
963 2976 1103 3025 caeteras
1131 2963 1265 3044 angarias,

186 3057 240 3104 aut
263 3049 293 3103 in
322 3047 539 3128 quodcunque
570 3046 746 3107 functionis
774 3041 901 3114 titulum
928 3047 993 3108 diei
1022 3056 1137 3128 potest,
1154 3049 1196 3105 de
1216 3044 1266 3123 ipsa

173 3129 339 3198 ¹facultate
365 3129 493 3208 penitus
525 3148 590 3188 uon
622 3127 831 3209 requiratur,
869 3130 923 3190 sed
952 3129 1010 3188 snb
1044 3129 1166 3209 integra
1193 3146 1265 3186 emu-

189 3213 286 3270 nitate
324 3210 544 3270 facultaticula
569 3208 656 3290 ipsa,
688 3211 770 3270 sicut
797 3211 814 3270 a
844 3234 892 3271 me
917 3211 985 3270 buc
1013 3230 1114 3290 usque
1146 3211 1266 3290 possessa

189 3304 254 3368 est,
289 3293 323 3350 in
350 3293 419 3351 iure
451 3292 582 3352 oratorii
607 3294 706 3352 sancti
732 3294 781 3352 illi
805 3302 838 3352 et
857 3293 1091 3375 praedictorum
1108 3308 1264 3374 pauperum

189 3377 342 3451 delirant,
375 3377 444 3434 Deo
458 3381 644 3456 protegente
666 3385 697 3433 et
711 3375 901 3458 opitulante,
923 3377 1112 3470 persistere;
1142 3371 1199 3432 nisi
1212 3381 1264 3429 tan-

190 3469 257 3517 tum
278 3457 377 3517 sancti
409 3467 440 3516 et
463 3453 630 3538 apostolici
652 3455 741 3517 illius
761 3458 850 3518 urbis
877 3456 1038 3538 Episcopi,
1052 3456 1096 3519 ,in
1121 3455 1205 3520 cuius
1219 3472 1263 3530 op·

188 3542 264 3613 pido
286 3539 516 3600 exsenodocias
541 3539 608 3619 ipse
626 3539 767 3617 ponitur,
788 3562 846 3622 pro
863 3539 1028 3600 tradendis
1050 3530 1264 3597 benedictioni·

186 3624 244 3681 bus
266 3621 317 3680 rel
340 3621 568 3682 substituendis
591 3618 775 3698 AbbatibnS,
797 3622 992 3703 Presbyteris
1011 3640 1141 3702 quoqne
1158 3628 1188 3678 et
1207 3613 1265 3676 Dia·

188 3705 334 3778 cunibus,
363 3704 481 3784 absque
502 3703 569 3762 ulla
593 3703 802 3781 pecuniarum
822 3704 1000 3784 adeptione.
1040 3698 1185 3780 Amplius
1204 3713 1263 3755 vero

187 3787 342 3862 donandi,
364 3785 527 3864 exigendi,
549 3785 601 3846 ¹rel
624 3784 792 3845 minuendi
818 3805 943 3846 eausam
961 3782 1083 3844 nullam
1105 3782 1264 3858 habeatpo·

187 3879 342 3929 testatem.
414 3868 477 3929 Sed
510 3889 570 3928 nee
599 3887 659 3945 per
687 3867 939 3928 commutationis
974 3869 1081 3927 locum
1114 3865 1263 3946 quiequam

127 3955 136 4016 ',
187 3974 227 4010 er
255 3952 317 4012 boc
342 3949 511 4011 auferendi
543 3949 795 4030 nullo-tempore
821 3951 944 4012 occasio
967 3950 1018 4012 rel
1043 3947 1145 4007 aditus
1164 3945 1262 4004 tribua·

184 4042 250 4109 tur,
275 4035 330 4095 sed
352 4033 583 4116 perpetualiter
606 4030 639 4088 iu
656 4041 808 4111 potestate
829 4032 961 4114 praefati
977 4029 1107 4092 oratorii
1127 4020 1261 4090 sauctiil-

186 4115 249 4175 lius
278 4117 330 4175 vel
360 4117 501 4196 ipsorum
532 4134 726 4194 pauperum,
758 4111 884 4175 Christo
911 4115 1060 4189 favente,
1091 4111 1259 4194 permaneat·

187 4197 255 4260 Hac
280 4199 374 4260 etiam
394 4197 471 4283 ipsis
496 4195 705 4274 Pontificibus
730 4195 860 4260 obsecro
882 4195 935 4261 rel
956 4191 1128 4276 committo,
1150 4201 1182 4254 ut
1202 4187 1260 4253 itta
