2658 4978
223 333 256 402 a.
282 325 360 382 cau
466 325 593 379 aucun
625 322 850 382 aaaucoauu
971 323 1031 381 sta.
1106 304 1174 378 185

93 470 242 550 abaliquo
258 463 437 552 approbari.
480 463 672 526 ostenditur
691 462 840 526 enimin
863 463 909 526 eis
938 463 1094 548 Capitulis
1119 455 1176 526 ulii
1278 473 1283 484 '

91 553 234 616 derebus
261 549 375 611 alicnis
398 547 587 628 alicui.per
614 547 735 606 malum
761 544 929 626 ingenium
957 548 1097 610 venditis
1122 550 1177 610 vel

90 630 161 698 dalis
176 633 342 714 loquitur,
364 652 445 711 quae
466 629 507 690 sit
522 629 699 710 unicuique
727 627 870 710 legitima
895 627 1073 707 hereditas,
1103 653 1177 691 cum

91 717 301 778 diciturinter
321 715 397 774 alia:
449 710 605 772 Similiter
636 711 675 770 de
704 710 853 771 omuibus
885 710 1013 772 iustitiis
1038 709 1078 772 ad
1102 734 1177 774 cum

88 797 313 880 pertinentibus
343 793 500 857 rationem
521 793 658 854 reddere
690 793 919 872 compellatur,
961 803 1094 876 excepta
1121 818 1179 856 sua

87 881 217 964 legitima
235 878 426 954 hereditate,
448 897 529 959 quae
551 876 580 935 ei
596 896 655 959 per
672 875 905 936 successionem
924 887 1094 956 parentum
1107 899 1178 938 suo-

87 985 151 1023 rum
165 960 308 1042 legitime
326 959 456 1021 evenire
479 957 600 1019 debuit.
640 957 683 1017 Et
703 959 742 1017 de
762 956 823 1015 hac
838 957 979 1038 legitima
997 959 1175 1020 hereditate

88 1067 145 1104 non
174 1054 219 1104 est
244 1043 416 1103 auctoritas
448 1039 653 1122 requirenda.
710 1038 775 1100 Sed
799 1040 825 1099 si
859 1039 1076 1122 interpellatio
1099 1043 1177 1102 inde

88 1125 185 1202 suerit,
206 1125 352 1206 legitima
373 1123 534 1184 hereditas
548 1121 768 1203 approbanda.
810 1121 894 1198 Quia
921 1144 997 1184 vcro
1018 1123 1058 1184 de
1082 1124 1177 1187 rebus

89 1231 123 1268 ex
142 1209 213 1268 {isco
233 1207 326 1288 regio
348 1215 380 1266 et
398 1207 437 1266 de
455 1203 552 1284 rebus
566 1203 799 1278 ecclesiasticis,
822 1225 904 1284 quae
925 1204 980 1282 ita,
1001 1215 1037 1264 ut
1059 1207 1091 1264 in
1114 1207 1177 1267 eis-

89 1290 152 1349 dem
170 1289 329 1370 Capitulis
350 1287 495 1363 habetur,
518 1285 677 1347 contineri
697 1285 817 1344 dehent
835 1286 919 1346 sicut
938 1309 991 1348 res
1010 1287 1050 1348 ad
1067 1288 1179 1350 fiscum

89 1372 273 1432 dominicum
289 1371 487 1453 pertinentes
501 1368 660 1430 contineri
681 1368 795 1442 solent,
816 1368 985 1429 auctoritas
1007 1380 1054 1430 est
1071 1369 1180 1452 requi-

88 1455 186 1529 renda,
208 1473 268 1532 qer
282 1473 379 1533 quam
401 1452 622 1512 auctoritatem
643 1450 780 1530 quisquc
804 1449 875 1509 illas
894 1452 1049 1529 retineat,
1069 1452 1110 1512 i'n·
1127 1455 1178 1534 ip-

89 1537 124 1596 sis
143 1534 298 1615 Capitulis
319 1535 562 1608 demonstratur,
585 1553 658 1592 cum
675 1532 793 1592 dicitur
808 1557 815 1590 :
832 1531 1021 1614 'Ubicunque
1038 1555 1176 1596 comma-

89 1619 209 1676 tationes
229 1630 293 1676 tam
320 1629 458 1698 tempore
483 1629 590 1675 nostro
617 1633 710 1695 qttam
739 1628 876 1696 tempore
898 1616 1050 1693 genitoris
1072 1629 1102 1675 et
1118 1616 1179 1688 avi

89 1700 177 1758 nostri
206 1699 344 1776 legitime
372 1711 402 1758 et
431 1697 662 1758 rationabiliter
690 1709 782 1778 atque
813 1697 905 1754 utiles
936 1697 1088 1756 Ecclesiis
1115 1698 1178 1758 Det

82 1779 178 1860 sactae
195 1793 278 1854 sunt,
297 1791 510 1863 permaneant.
557 1778 735 1860 Ubicunque
760 1779 982 1838 vero'inutiles
1006 1791 1037 1838 et
1057 1780 1177 1842 incom-

91 1861 189 1920 modae
211 1874 304 1942 atque
331 1861 566 1922 inrationabiles
581 1857 691 1936 sactae
712 1872 795 1930 suat,
819 1857 1052 1937 dissoluantur,
1083 1877 1113 1922 et
1132 1883 1197 1938 re-¹

90 1943 174 2023 cipiat
184 1943 391 2025 unusquisque
410 1941 497 2024 qttod
508 1941 607 2005 dedit.
654 1939 715 2001 Ubi
729 1963 805 2000 uero
826 1951 949 2006 mortua
965 1964 1071 2002 manus
1084 1945 1180 2002 inter·

91 2023 168 2100 iacet,
188 2036 241 2083 aut
255 2025 322 2084 alia
336 2027 489 2108 quaelibet
511 2029 701 2104 eausa'qttae
722 2023 918 2082 rationabilis
939 2044 1004 2082 esse
1023 2023 1177 2104 videatur,

91 2104 205 2164 inuenta
218 2104 335 2185 fuerit,
357 2105 523 2185 diligenter
542 2103 747 2181 describatur,
770 2117 799 2162 et
818 2103 862 2162 ad
877 2117 1016 2165 nostram
1033 2109 1178 2167 notitiam

88 2183 263 2264 perferatur.
307 2187 371 2247 Sed
400 2199 432 2248 et
458 2181 577 2246 iustum
598 2195 693 2267 atque
722 2185 911 2248 rationabile
936 2187 1065 2250 videtur
1090 2199 1127 2248 ut
1151 2187 1178 2250 ai

90 2276 215 2327 rectores
226 2268 446 2344 Ecclesiarum
460 2268 661 2352 negligenter
670 2287 721 2328 res
734 2289 812 2348 quas
827 2279 1021 2350 acceperunt
1037 2269 1070 2330 iu
1090 2291 1179 2332 com-

92 2349 287 2410 mutationem
300 2349 529 2432 neglexerunt,
551 2361 585 2412 et
608 2358 837 2411 commutantes
855 2361 1060 2419 commutatas
1081 2373 1179 2412 exco-

91 2426 220 2508 luerunt,
236 2453 302 2492 non
319 2443 566 2517 compensentur
582 2431 729 2494 excultae
748 2439 780 2492 et
798 2432 963 2513 neglectae
980 2433 1177 2512 aequaliter:

93 2510 141 2569 scd
159 2511 237 2573 sicut
264 2524 344 2575 tunc
363 2517 497 2576 suerunt
526 2523 774 2596 compensentur
805 2515 935 2594 quando
970 2523 1179 2576 commutatae

90 2591 219 2656 inerunt.
244 2596 288 2657 Et
303 2595 345 2656 ita
366 2597 580 2682 compensatio
597 2596 636 2658 ad
656 2607 796 2656 nostram
819 2595 964 2656 notitiam
986 2597 1188 2677 perferatur,

93 2682 121 2732 et
131 2683 231 2736 nostro
246 2699 283 2736 ac
296 2677 441 2742 fidelium
463 2688 644 2740 nostrorum
658 2678 792 2756 iudicio,
808 2678 917 2738 utrum
933 2698 1121 2761 permanere
1137 2699 1178 2738 au

91 2753 209 2817 dissolvi
224 2759 362 2820 debeant
383 2761 461 2822 istae
481 2761 757 2840 commutationes,
778 2761 981 2825 decernatur.

160 2837 219 2906 IX·
261 2843 305 2900 Ut
321 2841 404 2903 sicut
417 2843 449 2901 in
468 2839 624 2925 Capitulis
641 2842 691 2903 avi
711 2851 742 2902 ct
755 2840 852 2924 patris
863 2842 962 2904 nostri
981 2841 1179 2921 continetur,

93 2917 171 2978 Missi
192 2923 305 2999 nostri,
326 2924 381 3000 ubi
404 2925 481 2986 boni
500 2924 650 2988 Scabinei
672 2945 736 2984 non
758 2931 850 3000 sunt,
877 2924 979 2986 honos
1006 2924 1179 2986 scabineos

93 2999 220 3074 mittant;
235 3015 267 3066 et
280 3006 465 3088 ubicunque
484 3007 583 3068 malos
603 3005 776 3068 Scabineos
791 3005 974 3085 inveniunt,
996 3006 1126 3085 eiciant,
1148 3015 1181 3069 et

93 3081 179 3144 totins
197 3088 310 3168 populi
332 3109 491 3150 consensu
511 3088 545 3148 in
571 3089 678 3150 locum
705 3109 818 3149 eorum
844 3089 945 3151 bonos
973 3089 1111 3172 eligant;
1146 3097 1180 3151 et
1225 3120 1227 3125 ·

94 3181 158 3254 cum·
171 3167 263 3229 electi
276 3169 412 3248 fuerint,
431 3169 538 3233 iurare
559 3191 614 3232 eos
635 3169 754 3232 faciant
771 3179 807 3230 ut
822 3171 962 3236 scienter
974 3171 1093 3234 iniuste
1112 3181 1196 3234 non¹

94 3245 234 3310 iudicent.

163 3329 203 3390 X.
243 3331 402 3396 Volumus
421 3341 458 3392 ut
479 3333 657 3396 secundnm
679 3332 863 3416 Capitularc
877 3329 927 3394 ari
944 3343 977 3394 et
996 3337 1095 3418 patris
1110 3359 1180 3400 nos·

94 3405 140 3484 tri,
159 3413 342 3494 quicunque
360 3417 399 3477 de
420 3415 582 3478 Scabineis
604 3417 822 3498 deprehensus
842 3414 942 3474 fuerit
963 3430 1096 3499 propter
1108 3441 1182 3480 mu..

96 3505 163 3576 aera
177 3505 230 3556 aut
252 3505 386 3578 propter
401 3497 575 3558 amicitiam
597 3499 715 3560 iniuste
731 3498 888 3560 iudicasse
900 3520 916 3572 ,··
930 3517 989 3578 per
1011 3501 1180 3563 fideiusso-

95 3585 138 3664 res
152 3575 258 3638 missus
274 3581 313 3639 ad
327 3581 538 3659 praesentiam
555 3589 694 3643 nostram
711 3581 827 3643 veniat.
866 3581 910 3641 Et
930 3581 1077 3642 omnibus
1100 3579 1179 3644 Sca·-'

96 3647 186 3717 bineis
205 3659 419 3749 ,denuntietur
437 3673 487 3723 nc'
499 3661 572 3744 quis
601 3663 696 3726 ctiam
718 3665 838 3726 iustum
858 3657 1017 3722 iudicium
1036 3665 1180 3727 vendere

94 3751 268 3814 praesumat.
758 3773 775 3780 ··
1126 3772 1128 3776 ¹

124 3897 130 3910 Ι
164 3819 222 3885 XI.
265 3823 423 3886 Volumus
439 3832 476 3885 ut
495 3825 672 3887 secundum
690 3827 872 3909 Capitolare
884 3826 933 3887 avi
949 3823 1182 3908 etpatrisnos·

97 3902 142 3978 ln,
161 3901 191 3962 iu
216 3905 365 3968 comitatu
377 3907 474 3968 omni
492 3907 527 3967 hi
548 3908 604 3990 qui
619 3909 769 3970 meliores
789 3918 821 3970 et
839 3909 1018 3972 veraciores
1039 3907 1181 3970 inveniri

98 3995 224 4064 possunt,
246 3989 443 4070 eligantura
468 3989 571 4051 Missis
595 3991 712 4051 nostris
733 3991 774 4051 ad
794 3991 1040 4073 inquisitionem
1055 3989 1180 4050 facien·

100 4057 159 4150 ilum
179 4077 209 4126 et
232 4069 280 4131 rei
300 4071 467 4130 veritatem
492 4071 742 4152 discendam,·et
768 4082 804 4134 ut
834 4073 996 4146 adiutores
1018 4072 1195 4136 Comitum.

99 4149 153 4204 unt
172 4148 209 4208 ad
227 4151 361 4215 iustitias
383 4153 554 4215 faciendas.
800 4187 805 4196 =
850 4187 853 4194 ·
1107 4159 1108 4163 ’
1189 4179 1192 4184 ·

167 4227 239 4298 ΧΠ.
280 4233 438 4302 Volumus
465 4237 695 4304 utsecundam
714 4231 861 4324 Capitale
883 4235 932 4300 avi
950 4247 982 4302 ct
999 4236 1097 4322 patria
1111 4247 1181 4300 not-
