2746 4992
243 353 276 408 a,
310 347 388 426 cna
495 347 618 424 sinam
657 350 876 413 rrisnccnuu
981 359 1043 424 ⁸7⁷·
1161 335 1282 428 211'

1 469 2 492 Χ
66 537 70 544 -
134 473 230 558 etiam
243 487 362 550 caeleri
379 487 509 550 Fideles
531 476 650 568 nostri,
671 489 856 553 hominibus
888 493 954 556 suis
987 493 1136 558 similiter
1152 501 1234 560 con-

131 589 261 638 servare
282 571 455 642 studeant5
478 579 590 632 ettam
616 573 655 634 de
669 571 913 656 Episcopatibus
931 598 1027 658 quam
1048 587 1081 639 et
1102 580 1142 642 de
1165 581 1233 641 ΑΒ.

130 656 225 720 batiis
245 653 375 716 vicinus
392 653 419 729 E
444 652 569 736 iscopus
583 656 740 716 etComes
756 658 964 736 praevideant
986 679 1027 720 ne
1048 661 1164 743 aliquis
1181 685 1233 724 res
1303 715 1306 722 ,

132 737 365 804 ecclesiasticas
384 675 441 796 vel
464 736 632 800 facultates
657 737 806 818 diripiat,
840 749 871 800 et
904 741 1015 801 nullus
1051 744 1090 802 ad
1121 767 1233 806 eorum

131 823 369 901 eleemosynam
383 816 566 878 faciendam
584 818 744 902 impediat.
788 821 889 896 Quod·
911 824 936 882 si
965 827 1233 908 praesumpserit,

131 914 165 966 et
189 902 370 966 secundum
392 900 478 982 leges
507 900 661 962 humanas
688 901 750 961 hoe
781 914 967 984 componat,
989 915 1030 966 'et
1057 909 1234 968 secundum

133 988 222 1069 leges
245 982 474 1050 ecclesiasticas
497 981 572 1046 inde
593 984 756 1045 Ecclesiae
779 986 984 1066 quamlaesit
1005 989 1186 1066 satisfaciat,
1201 1001 1234 1051 et

134 1078 276 1130 nostram
290 1065 516 1130 harmiscaram
532 1067 710 1128 secuudum
733 1069 863 1128 modum
885 1070 1000 1152 culpae
1027 1079 1059 1131 et
1084 1082 1120 1132 ut
1141 1072 1233 1136 nobis
1268 1075 1270 1082 ’

133 1150 297 1237 placuerit
314 1145 480 1212 sustineat.

217 1234 280 1294 RP.
318 1233 457 1306 ¹Caetera
475 1228 614 1312 capitula
635 1231 842 1311 responsione
864 1252 930 1291 non
946 1241 1060 1315 egent,
1082 1235 1235 1319 quoniam

136 1319 155 1379 d
174 1323 279 1380 vestra
298 1310 456 1396 sapientia
471 1320 545 1374 suut
559 1310 710 1392 disposita
730 1323 762 1374 et
778 1313 924 1378 diffinita.¹

101 1402 103 1406 ’
218 1395 261 1470 X‘,
301 1395 337 1457 si
358 1391 474 1476 aliquis
491 1415 531 1454 ex
543 1392 715 1454 Fidelibus·
730 1396 845 1456 uostris
863 1403 935 1479 post
953 1396 1075 1470 obitum
1091 1408 1234 1460 nostrum

98 1521 103 1534 ·
133 1479 198 1545 Dei·
212 1489 244 1540 et
260 1487 369 1539 nostro
387 1496 493 1538 amore
513 1487 733 1556 compunctus,
748 1477 857 1539 seculo
873 1480 1060 1540 renuntiare
1083 1481 1234 1560 voluerit,

134 1561 281 1628 etlilium
296 1560 347 1622 vel
359 1558 455 1618 talem
463 1557 682 1640 propinquum
697 1559 847 1621 hahuerit
857 1561 914 1642 qui
931 1561 1128 1643 reipublicae
1142 1565 1237 1645 prod-

133 1667 202 1709 esse
218 1644 324 1704 veleat
334 1687 343 1719 ,
365 1660 438 1701 suos
456 1638 595 1700 honores
609 1685 622 1712 ‚,
639 1651 734 1722 prout
756 1642 870 1702 melius
891 1644 1054 1721 voluerit,
1078 1645 1119 1704 ei‘
1130 1647 1234 1708 valeat
1305 1689 1309 1696 .

131 1727 300 1814 placitare.
318 1763 321 1770 ,
341 1721 423 1802 Etsi
449 1723 483 1782 in
500 1722 591 1782 alode
611 1743 669 1782 suo
688 1723 796 1804 quiete
817 1725 925 1786 vivere
943 1725 1103 1802 noluerit,
1126 1729 1236 1804 nullus
1266 1782 1268 1788 .

133 1811 165 1872 e'i
195 1806 329 1890 aliquod
353 1805 621 1888 impedimentum
648 1805 754 1866 facere
779 1811 976 1888 praesumat,
1014 1822 1120 1891 neque
1147 1811 1236 1872 aliud

107 1925 110 1930 ·
134 1891 259 1976 aliquid
276 1890 314 1949 ab
336 1907 374 1950 eo
389 1887 593 1966 requiratur,
617 1886 677 1947 nisi
693 1889 893 1950 solummodo
910 1897 951 1948 vut
970 1890 1009 1952 ad
1037 1889 1158 1973 patriae
1178 1893 1235 1954 de·
1267 1961 1269 1966 ,

135 1975 318 2036 sensionem
338 1979 457 2052 pergat.
877 1983 890 1998 *ν
1246 1988 1248 1994 ·

219 2055 279 2116 ΧΙ.
321 2053 355 2124 si
374 2053 483 2134 aliqua
500 2049 665 2112 occasione
685 2049 752 2110 lilio
772 2061 881 2120 nostro
898 2059 965 2112 'aut
989 2053 1138 2116 fidelibus
1160 2079 1237 2118 nos»

134 2137 193 2200 tris
209 2135 249 2198 de
271 2127 379 2195 nostro
395 2133 484 2194 obitu
504 2133 685 2192 nuntiatum
700 2134 817 2214 fuerit,
840 2136 1028 2211 nonpfacile
1064 2139 1235 2208 credaturc
1342 2150 1344 2154 ’

133 2221 191 2284 sed
213 2217 412 2281 conveniant
433 2215 527 2276 simul
544 2215 654 2274 fideles
676 2217 807 2293 nostris,
831 2226 862 2276 et
877 2217 1111 2292 rationabiliter
1123 2243 1236 2283 secun.

135 2305 214 2366 dum
235 2299 297 2360 Dei
319 2299 515 2364 voluntatem
538 2295 645 2357 omnia
664 2297 680 2354 d
699 2297 789 2360 nobis
806 2298 951 2370 ordinata
970 2301 1151 2382 disponant
1281 2306 1285 2314 “

217 2363 295 2457 Xll.
337 2381 371 2442 Si
389 2402 446 2441 nos
464 2379 496 2438 in
512 2379 572 2438 Dei
595 2377 857 2464 sanctorumque
870 2380 968 2461 ipsius
992 2383 1134 2445 servitio·
1150 2407 1234 2452 mors

132 2463 433 2551 praeoccupaverit,
457 2461 701 2542 eleemosynarii
718 2463 840 2538 nostri,
861 2463 1038 2524 secundum
1049 2467 1147 2546 ¹quod
1169 2469 1249 2542 illis

133 2547 393 2612 commendatum
406 2539 580 2622 habemus,
603 2543 642 2602 de
656 2545 857 2626 eleemosyna
878 2554 986 2606 nostra
1004 2541 1181 2615 decertent.
1192 2550 1235 2610 Et

133 2630 209 2693 libri
230 2628 351 2703 nostri,
374 2627 480 2708 quiin
503 2625 652 2686 thesauro
676 2635 786 2686 nostro
801 2634 885 2702 sunt,
905 2626 946 2686 'ab
967 2628 1048 2706 illis,
1066 2629 1156 2695 sicut
1172 2629 1234 2691 dis·
1296 2665 1298 2668 ·

132 2712 272 2798 positum
288 2707 461 2790 habemus,
483 2707 570 2768 inter
584 2713 728 2768 sanctum
742 2708 934 2792 Dionysium
958 2717 991 2770 et
1006 2717 1146 2772 san-ctam
1163 2714 1232 2773 Ma·
1264 2761 1267 2768 i

132 2796 215 2856 riam
231 2793 264 2851 in
284 2791 482 2873 Compendio
501 2797 533 2850 et
552 2789 655 2874 lilium
676 2800 820 2853 nostrum
832 2790 1076 2872 dispertiantur..
1119 2795 1231 2872 Idrest,

131 2877 323 2938 Hincmarus
348 2872 541 2935 venerabilis
560 2871 857 2954 'Archiepiscopum
885 2875 1010 2936 Franco
1033 2875 1231 2959 Episcopus,

110 2959 207 3020 ·0‹10
220 2957 417 3040 Episcopus,
440 2953 620 3014 Gauzlinus·
629 2953 736 3031 Abba,
758 2955 914 3024 Arnulfus
936 2957 1069 3036 Comes,
1091 2961 1254 3034 Reman-³

133 3041 193 3104 dus
210 3041 339 3115 Comes,
361 3037 579 3106 Chuouradus'
593 3037 726 3112 Comes,
747 3035 932 3098 Adalelmus
945 3039 1069 3106 Comes.
1113 3040 1232 3105 Simili!
1257 3037 1258 3044 ἵ

131 3135 184 3186 ter
202 3123 242 3184 de
255 3120 305 3182 bis
323 3140 405 3200 quae
422 3119 462 3187 ad
479 3119 711 3200 eleemosynam
728 3118 874 3201 coniugis
890 3125 1016 3186 nostrae
1032 3117 1200 3208 pertinent
1221 3171 1232 3204 ,
1257 3186 1259 3190 Α
1291 3137 1310 3149 ·’

132 3206 160 3270 si
180 3205 247 3287 ipsa
267 3203 405 3278 obierit,
430 3200 567 3266 ¹faciant.
607 3203 698 3278 Quae
720 3220 799 3261 vcro
823 3203 1059 3284 superfuerint,
1077 3208 1128 3267 ab
1153 3209 1228 3290 ipsis

131 3288 300 3350 salventur
314 3305 413 3366 usque
435 3284 475 3344 ad
489 3291 648 3361 nostram,
670 3285 738 3363 Deo
759 3284 873 3358 dante,
895 3284 1187 3368 interrogationem.
1256 3299 1258 3302 '

214 3367 312 3430 Xlll.
356 3365 593 3428 Inveniendum
611 3365 738 3446 qualem
756 3375 877 3446 partem
897 3365 1043 3447 imperii,
1074 3371 1100 3431 si
1123 3371 1232 3436 obitus,

132 3459 243 3514 noster
257 3448 423 3525 evenerit,
442 3447 503 3508 sibi
523 3447 758 3520 decernendam
776 3453 903 3528 sperare
928 3448 1014 3512 filius
1040 3460 1148 3513 nostes·
1169 3454 1228 3514 de.

108 3527 113 3538 κ
131 3535 224 3602 beat3
246 3541 279 3592 et
295 3532 323 3592 si
333 3533 422 3592 Deus
439 3529 574 3592 alterum
589 3529 691 3590 filium
708 3529 798 3590 nobis
822 3529 951 3591 interim
970 3532 1090 3595 donare
1114 3536 1245 3614 solue-1
1307 3569 1309 3573 .

131 3617 198 3690 rit,
219 3636 316 3695 quam
338 3605 406 3696 ipse
426 3610 550 3672 habeat.
591 3611 684 3676 Etsi
714 3610 896 3694 aliquis-,ex
916 3615 1086 3695 nepotibus
1114 3617 1229 3684 nostris
1286 3659 1288 3663 -
1344 3618 1349 3626 ’

132 3697 174 3762 ad
193 3697 256 3758 hoc
276 3718 311 3758 se
325 3696 459 3778 dignum
479 3693 679 3770 exhibuerit,
700 3695 749 3754 rel
768 3694 796 3755 si
817 3714 881 3754 non
899 3696 1035 3776 fecerit,
1049 3701 1228 3762 secundum

132 3779 223 3864 quod
242 3779 335 3840 nobis
352 3789 450 3854 tunc,
473 3785 504 3838 et
519 3777 571 3836 cui
588 3776 762 3858 placuerit,
786 3786 963 3838 censeatur.
1208 3844 1210 3848 ,
1229 3853 1231 3858 ¹

215 3860 307 3924 xlv.
349 3864 394 3934 Ut
409 3859 495 3920 filius
512 3869 620 3922 noster
635 3860 731 3919 talem
751 3882 784 3921 se
801 3868 832 3926 et
848 3859 962 3923 taliter¹
973 3872 1141 3944 praeparet
1153 3885 1228 3944 qua.
1284 3930 1287 3936 Ι

131 3956 229 4008 tenus
243 3957 317 4006 cum
328 3987 337 4020 ,
348 3945 427 4008 'Deo
444 3942 593 4017 iuvante,
616 3943 736 4004 reversi
748 3941 926 4020 fuerimus,
948 3945 1080 4004 Romam
1100 3947 1152 4011 >ire
1178 3969 1229 4008 va·
1326 3949 1328 3954 ’

133 4027 211 4104 leat,
224 4026 269 4107 [et
286 4026 330 4086 ihi
351 4025 413 4086 Dei
430 4033 462 4086 et
483 4033 665 4086 sanctorum
683 4023 920 4103 Apostolorum,
940 4028 1085 4108 quandiu
1098 4024 1237 4090 necesse

133 4108 253 4188 fuerit,
275 4108 441 4175 servitium
457 4127 550 4191 agere
564 4115 596 4170 et
613 4102 679 4184 ihi,
700 4109 770 4181 Deo
783 4105 1045 4189 adminiculante,
1061 4111 1095 4172 in
1108 4111 1229 4194 Regem
1241 4125 1254 4140 ‘¹
1288 4178 1290 4183 ,

134 4189 455 4276 possitcoronari.1-
676 4199 678 4202 ’
735 4241 736 4247 ,
830 4221 833 4226 ·
933 4271 935 4276 ,
1006 4190 1052 4248 ’.
1119 4193 1123 4202 ’

168 4275 171 4280 ’
217 4272 290 4338 XV.
335 4271 484 4352 Qualiter
499 4282 532 4335 'et
547 4292 612 4355 quo
628 4270 738 4347 ordine
756 4265 840 4356 tilius
857 4276 964 4334 noster
983 4271 1016 4334 in
1038 4272 1100 4336 hoc
1128 4295 1231 4357 regno
1361 4323 1366 4344 ,.
