2712 4992
495 279 673 332 mancum
1087 266 1158 337 353

67 415 165 479 vestiri
193 413 342 478 debeam.
394 413 566 500 Propterea
589 416 629 476 ad
650 415 838 498 petitionem
858 435 960 477 meam
981 417 1062 479 mihi
1088 441 1154 482 non

67 497 220 579 denegasti
247 498 314 560 nisi
337 506 371 558 ut
396 499 429 558 in
454 519 573 560 summa
604 499 790 560 necessitate
814 521 885 559 mea
907 510 1073 582 argentum
1104 503 1158 566 rel

66 591 127 640 acto
145 589 201 640 tao
222 581 356 655 valente
380 581 498 642 solidos
522 579 624 640 totio
651 601 748 639 manu
770 601 839 640 mea
862 579 942 640 mihi
968 581 1105 664 dedisti,
1128 593 1160 647 et

66 685 118 744 ego
140 661 272 724 minime
295 661 400 723 habeo
422 663 508 722 unde
533 662 616 742 ipsos
639 662 758 722 solidos
778 670 850 723 tuos
871 661 931 723 tibi
951 663 1087 726 reddere
1106 666 1160 728 de·

64 745 156 810 beam.
198 745 377 826 Propterea
394 743 653 804 obnoxiationem
671 745 710 803 de
728 743 830 824 capud
852 743 1059 828 ingenuitatis
1072 768 1161 810 meae

64 828 95 885 iu
116 836 143 887 te
165 825 235 886 fieri
259 835 293 887 et
317 827 481 888 adfirmare
493 826 603 907 rogavi
615 850 622 896 ;
652 833 687 884 ot
700 825 856 906 quicquid
876 829 918 888 de
938 827 1162 910 mancipiatua

67 907 224 986 originalia
242 917 353 968 vestra
377 908 491 983 facitis,
513 915 577 966 tam
595 907 768 981 vendendi,
792 908 1020 984 commutandi,
1043 921 1075 970 et
1095 911 1162 974 dis·-

67 989 207 1072 ciplinam
229 985 435 1072 impo'nendi,
457 990 499 1048 ita
521 999 552 1049 et
576 989 615 1049 de
635 1009 685 1048 me
708 989 745 1048 ab
769 987 927 1050 hodierno
954 990 1006 1050 die
1029 991 1162 1054 liberam

68 1081 95 1132 et
113 1071 325 1132 firmissimam
350 1072 384 1131 in
411 1071 558 1132 omnibus
584 1079 770 1152 potestatem
794 1071 935 1132 faciendi
960 1071 1085 1140 habeas.
1128 1077 1162 1138 si

69 1152 130 1234 quis
149 1173 237 1230 vero,
261 1155 353 1236 quod
377 1175 436 1214 nec
463 1152 532 1214 fieri
554 1153 661 1228 credo,
684 1151 709 1212 si
738 1173 796 1234 ego
819 1153 906 1235 ipse,
935 1163 989 1214 aut
1009 1155 1094 1216 ullus
1122 1158 1162 1220 de

69 1233 227 1308 heredibus
250 1236 346 1312 mois,
367 1235 419 1296 vel
445 1233 596 1317 quislibet
621 1233 763 1316 opposita
783 1255 938 1315 persona,
971 1237 1027 1316 qui
1049 1247 1162 1299 eontra

70 1317 139 1380 hane
160 1317 425 1378 obnoxiationem
448 1319 540 1378 istam
560 1316 671 1377 venire
693 1317 867 1392 conaverit,
885 1317 1002 1378 inferat
1018 1317 1075 1378 tibi
1098 1343 1163 1382 una

74 1419 133 1459 oum
156 1399 243 1460 socio
272 1398 351 1460 fisco
373 1400 441 1460 auri
476 1397 584 1458 uncias
607 1405 708 1456 tantas
730 1417 795 1458 esse
823 1399 999 1476 multando,
1022 1408 1052 1460 et
1074 1423 1163 1484 prae·

70 1501 131 1620 pens
148 1481 338 1542 obnoxiatio
358 1481 448 1541 firma
475 1488 670 1564 permaneat,
693 1500 767 1539 cum
782 1480 987 1565 stipulatione
1009 1481 1162 1563 subnexa.

94 1569 172 1622 ctum
191 1563 263 1625 illo.

385 1671 644 1733 Commutationes
674 1669 714 1730 de
742 1671 844 1732 terris.

140 1781 250 1850 XVII.
295 1785 386 1846 Inter
413 1777 494 1868 quos
528 1784 640 1866 caritas
671 1783 805 1844 inlibata
829 1790 1054 1868 permanserit,
1090 1813 1163 1874 pars

70 1865 429 1950 parisuo'opportuna
468 1878 499 1929 et
528 1887 668 1948 congrua
696 1867 853 1928 beneficia
883 1887 949 1928 uon
984 1871 1162 1955 denegabit.

71 1947 212 2028 ideoque,
237 1949 419 2010 auxiliante
440 1948 578 2010 Domino
600 1957 718 2025 nostro,
740 1949 871 2030 placuit,
893 1959 988 2032 atque
1012 1951 1164 2018 convehit

72 2028 143 2089 inter
163 2030 257 2090 illum
291 2039 322 2091 et
346 2031 441 2090 illum
462 2031 500 2091 de
523 2030 752 2090 commutandis
782 2031 875 2092 terris
897 2053 1026 2112 eorum,
1049 2045 1085 2096 ut
1103 2059 1162 2119 pro

72 2112 217 2172 communi
240 2113 482 2196 opportunitate
504 2113 589 2172 inter
610 2133 642 2172 se
668 2121 859 2173 commutare
881 2113 1044 2194 deberent.
1065 2119 1162 2198 Quod

72 2190 109 2250 ita
134 2201 164 2254 et
182 2195 346 2267 feserunt.
387 2195 484 2256 Dedit
505 2194 612 2274 itaque
634 2193 690 2253 ille
719 2193 758 2254 de
784 2203 871 2276 parte
897 2217 954 2256 sua
978 2200 1017 2258 ad
1037 2210 1161 2282 partem

73 2272 158 2353 ipsius
178 2275 270 2337 illius
293 2285 411 2338 terram
432 2275 634 2358 proprietatis
662 2296 737 2335 suae
762 2275 795 2334 in
823 2297 904 2358 pago
928 2277 1004 2357 illo,
1027 2282 1060 2340 in
1086 2284 1158 2345 loco

74 2355 120 2434 qui
139 2356 255 2418 dicitur
282 2358 349 2418 ille.
391 2358 545 2418 Habetin
569 2357 665 2438 longo
693 2357 820 2418 dextros
844 2367 969 2436 tantos,
1005 2372 1036 2422 et
1061 2355 1159 2426 in'la.

73 2443 99 2494 to
119 2438 241 2501 dextros
263 2448 379 2501 tantos.
434 2439 605 2520 Subiungit
631 2439 670 2499 de
705 2459 771 2497 uno
800 2439 882 2498 latus
911 2447 995 2500 terra
1022 2443 1088 2520 lui,
1117 2446 1157 2508 de

73 2537 127 2578 uno
147 2521 250 2583 lronte
277 2531 361 2580 terra
381 2520 488 2598 illius,
510 2542 549 2581 ex
571 2521 633 2580 alio
657 2541 731 2580 vero
752 2519 857 2579 fronte
878 2530 963 2582 terra
991 2523 1079 2584 illius
1103 2527 1157 2586 in·

72 2595 112 2658 ira
133 2601 195 2680 ipsa
222 2601 449 2664 terminatione
472 2613 503 2664 et
528 2623 676 2662 mensura
699 2601 738 2660 ad
765 2601 935 2682 integrum.
996 2604 1024 2664 E
1046 2619 1158 2669 contra

72 2681 105 2740 ad
124 2686 222 2746 vicem
256 2685 347 2746 dedit
372 2685 428 2745 ille
455 2685 493 2745 de
526 2694 613 2766 parte
642 2705 698 2742 sua
718 2681 758 2742 ad
784 2693 873 2764 parte
903 2683 1001 2766 ipsius
1024 2686 1071 2747 lui
1093 2698 1158 2751 ter·

72 2782 129 2824 ram
149 2767 351 2850 proprietatis
371 2789 445 2827 suae
465 2767 498 2825 iu
522 2787 603 2846 pago
621 2764 690 2840 illo,
712 2763 745 2822 in
770 2764 843 2830 loeo
867 2767 924 2848 qui
945 2767 1064 2828 dicitur
1087 2770 1153 2838 ille.

71 2841 212 2909 Habetin
238 2845 338 2930 longo
368 2849 496 2909 dextros
519 2856 643 2924 tantos,
673 2854 704 2907 et
731 2845 763 2904 in
796 2846 860 2907 lato
883 2848 1011 2910 dextros
1039 2859 1153 2928 tantos,

72 2923 231 3013 Subiungit
253 2931 292 2990 de
317 2951 382 2990 uno
405 2931 486 2990 latus
507 2939 592 2990 terra
613 2928 678 3005 lui,
702 2928 740 2988 de
763 2927 827 2987 alio
853 2929 937 2991 latus
957 2939 1042 2992 terra
1063 2933 1152 2998 illius

73 3002 144 3068 infra
164 3012 229 3094 ipsa
249 3012 474 3072 terminatione
496 3019 528 3072 et
552 3008 761 3071 mensura-ad
782 3010 953 3092 integrum.
996 3014 1043 3074 Ita
1065 3019 1153 3080 ut'ab

71 3083 214 3155 hodierno
237 3094 290 3155 die
306 3095 526 3176 unusquisque
541 3103 650 3153 eontra
671 3112 746 3175 pare
768 3113 825 3150 suo
846 3093 933 3174 quod
956 3098 1078 3180 aceepit
1096 3099 1150 3161 ha.

71 3165 152 3251 beat,
171 3184 296 3251 teneat,
319 3185 413 3257 atque
439 3175 618 3257 possideat,
649 3175 700 3235 vel
728 3172 882 3253 quicquid
910 3174 1028 3236 exinde
1051 3181 1069 3240 a
1097 3181 1150 3248 die
1241 3205 1243 3212 ’

71 3267 222 3327 praesente
245 3258 351 3319 faeere
372 3256 525 3334 voluerit,
547 3255 680 3315 liberam
709 3263 740 3316 et
766 3253 974 3316 firmissimam
995 3258 1027 3317 in
1051 3265 1151 3324 omni.

30 3415 31 3418 Ἴ
70 3329 121 3393 bus
144 3335 258 3400 habeat
280 3347 468 3422 potestatem
492 3337 640 3398 faciendi.
693 3337 727 3398 Si
755 3335 947 3416 quievero,
978 3342 1066 3418 qnod
1086 3366 1148 3410 nee
1246 3379 1251 3392 .

72 3412 130 3474 fieri
150 3423 254 3498 credo,
277 3421 302 3482 si
326 3443 384 3503 ego
409 3420 486 3502 ipse,
512 3429 567 3480 aut
590 3419 706 3501 aliquis
728 3417 767 3478 de
789 3417 959 3480 heredibus
981 3423 1070 3500 meis,
1094 3431 1149 3492 vel

71 3497 207 3573 quislibet
236 3503 302 3564 ulla
329 3504 472 3584 opposita
490 3523 625 3585 persona
645 3503 701 3582 qui
726 3507 835 3559 eontra
862 3499 945 3561 hano
971 3516 1148 3568 commuta.

72 3576 176 3642 tionem
195 3607 266 3668 pars
288 3594 398 3645 contra
423 3605 498 3667 pare
518 3604 576 3644 suo
599 3582 710 3643 venire
732 3580 912 3659 conaverit,
935 3583 1060 3647 inferat·
1075 3611 1148 3672 pars

70 3661 130 3737 pari
151 3687 207 3727 suo
230 3667 288 3728 ista
318 3674 382 3728 tota
405 3675 651 3742 servante,'una
672 3685 743 3724 cum
769 3663 855 3722 socio
877 3663 970 3742 fiseo,
993 3669 1063 3728 auri
1088 3691 1147 3734 on.

72 3739 126 3802 cias
149 3755 247 3809 tantas
276 3771 344 3810 esse
369 3750 586 3823 multandum,
618 3755 651 3806 et
676 3754 858 3828 praesentes
886 3751 1146 3816 commutationes

71 3819 124 3882 duo
144 3849 206 3892 uno
229 3839 341 3893 tenore
363 3831 557 3914 conscriptas
578 3827 664 3908 omui
693 3836 837 3909 tempore
857 3826 961 3890 tirmas
988 3840 1019 3892 et
1039 3832 1146 3906 invio·
1185 3889 1188 3897 ,

70 3898 136 3968 latas
154 3921 367 3994 permaneant.
659 3967 660 3970 ,

443 3995 559 4056 Charta
578 3992 760 4082 agnationis.

138 4096 264 4166 XVIII.
304 4104 438 4166 Femina
459 4104 526 4182 illa,
548 4102 615 4162 ille.
656 4099 815 4161 Omnibus
844 4121 909 4162 non
937 4100 1074 4164 habetur
1097 4104 1146 4166 in·

72 4179 223 4260 cognitum
242 4185 381 4274 qualiter
400 4198 431 4250 te
452 4207 510 4272 per
530 4185 728 4248 voluntatem
747 4190 832 4244 tuam
853 4185 1063 4272 servusliuris
1082 4191 1148 4253 mei

877 4295 926 4369 28
