2786 4980
282 335 314 386 s.
334 331 414 390 can.
527 329 652 382 arcun
687 325 907 384 aianeoane
1011 330 1073 392 nt.
1190 315 1237 388 lt

136 473 223 618 :prod
238 471 404 534 constituti
422 481 519 549 sunt,
540 469 744 551 Presbyteros
762 479 796 532 et
816 479 976 549 tractent,
997 481 1029 534 et
1048 483 1191 554 teneant,
1206 485 1239 539 et

176 579 209 619 so
226 566 310 620 rant.

412 735 833 796 Ttuntns
904 737 980 803 vl.

137 887 389 977 Praeceptum
435 884 728 976 confirmationis
763 909 839 978 pro
877 887 1066 980 Hispanis
1099 893 1162 984 qui
1199 894 1239 964 in

139 1007 257 1074 regno
292 985 431 1054 Koroli
461 984 565 1054 Calvi
589 982 857 1074 morabantur,
891 988 1021 1056 datum
1046 989 1086 1058 in
1113 993 1240 1060 eodem

143 1086 226 1151 loco
243 1083 283 1150 in
301 1107 370 1174 qno
386 1095 421 1152 ot
436 1084 631 1176 superiora
655 1083 831 1176 Capitale
847 1085 1061 1178 conscripta
1081 1103 1179 1174 snut,
1201 1093 1242 1160 id

145 1193 201 1250 est
208 1234 229 1269 „
246 1183 351 1273 apud
372 1183 545 1252 Tolosam
568 1183 608 1252 in
623 1183 859 1252 Monasterio
882 1185 1006 1256 sancti
1028 1187 1238 1280 Saturnini,

172 1329 176 1338 ·
200 1303 299 1350 anno
309 1281 446 1352 Christi
458 1281 742 1368 DCCCXLIV,
762 1284 869 1373 regni
886 1296 1011 1353 antem
1029 1285 1193 1356 eiusdem

407 1381 413 1392 '
463 1380 606 1451 Karoli
633 1381 750 1474 Regis
769 1394 914 1476 quarto.

132 1547 183 1664 In
202 1603 336 1664 nomine
357 1611 485 1665 sanctae
505 1611 539 1665 et
558 1603 747 1666 individuae
773 1603 951 1670 Trinitatis.
994 1603 1149 1681 Karalus,
1170 1627 1243 1688 gra·

134 1685 180 1748 tia
199 1686 262 1747 Dei
278 1683 359 1752 nen
399 1687 434 1747 Si
453 1687 544 1748 euim
560 1709 598 1748 ea
618 1707 702 1768 quae
720 1685 761 1747 ob
782 1686 957 1748 utilitatem
971 1696 1099 1750 mactae
1114 1688 1243 1751 DeiEc-

126 1767 258 1839 ‚clesiae
282 1768 502 1850 imperialibus
531 1768 644 1832 edictis
669 1775 747 1830 snut
769 1769 958 1847 constituta,
988 1768 1244 1852 magnificentiae

141 1860 270 1912 nostrae
292 1851 534 1912 confirmatione
551 1851 660 1912 denuo
683 1850 889 1914 instituentes
910 1852 1174 1928 corroboramus,
1204 1853 1245 1914 ad

145 1933 330 1994 diuturnam
344 1954 593 2019 prosperamque
608 1932 702 2014 regni
722 1934 740 1993 a
759 1935 830 1994 Deo
855 1934 946 1996 uobis
964 1933 1074 1996 collati
1088 1934 1246 1998 stabilita·

140 2025 209 2078 tem
227 2015 364 2098 idipsum
380 2016 524 2076 adtinere
547 2037 614 2076 non
636 2015 836 2093 dubitamus,
859 2018 938 2097 quin
960 2017 1056 2078 etiam
1077 2016 1117 2078 ad
1138 2038 1246 2101 capes-

139 2097 275 2161 sendam
290 2107 437 2160 aeternae
459 2097 626 2159 felicitatis
652 2097 886 2158 beatitudinem
918 2100 1124 2180 profuturnm
1152 2101 1246 2162 nobis

138 2178 269 2261 liquido
298 2180 469 2246 credimus.
512 2179 627 2264 ltaque
653 2189 765 2240 notum
787 2181 829 2242 sit
855 2181 1000 2242 omnium
1025 2191 1153 2244 sanctae
1183 2183 1247 2246 Dei

138 2263 307 2326 Ecclesiae
329 2262 475 2322 fidelium
492 2271 588 2345 atque
611 2272 811 2340 nostrorum,
834 2264 1051 2345 praesentium
1071 2263 1196 2326 scilicet
1213 2275 1248 2328 et

139 2345 335 2420 futurorum,
357 2345 500 2426 partibus
522 2345 726 2426 Aquitaniae,
744 2345 971 2427 septimaniae,
992 2348 1060 2408 sive
1075 2346 1246 2430 Hispaniae

140 2427 1249 2512 consistentiummagnitudini,quiaprogenitorumnoslrorum,mag·

142 2531 259 2570 trorum
282 2509 443 2592 siquidem
473 2510 766 2590 ortodoxorumque
784 2511 1013 2591 imperatorum
1029 2510 1079 2570 avi
1097 2512 1249 2574 videlicet

143 2593 369 2670 nostriKaroli,
378 2615 436 2654 seu
444 2592 598 2674 genitoris
610 2591 1069 2674 nostriAugustiHlndouvici,
1080 2593 1248 2653 auctorita·

143 2686 208 2738 tem
219 2674 392 2750 imitantes,
406 2674 529 2736 Gothos
544 2675 611 2734 sire
623 2674 778 2755 Hispanos
790 2671 1118 2733 intraBarchinonam
1135 2674 1247 2737 famosi

144 2758 283 2820 nominis
301 2755 893 2819 civitatemvelTerraciumcastellum
913 2753 1248 2830 cohabitantes,simul

142 2863 216 2902 cum
235 2840 285 2900 bis
307 2839 454 2900 omnibus
472 2839 527 2920 qui
546 2836 628 2900 infra
653 2839 792 2898 eundem
821 2838 1007 2900 comitatum
1023 2835 1246 2900 barchinonae

140 2922 292 3004 Hispanis
311 2931 400 2982 extra
421 2922 581 2983 civitatem
599 2941 730 3002 qnoque
747 2920 948 2996 consistunt,
972 2941 1112 3004 qnorum
1126 2941 1246 3004 proge-

141 3007 265 3066 nitores
279 3005 536 3065 crudelissimum
546 3004 658 3084 iugum
676 3001 913 3064 inimicissimae
937 3001 1113 3066 Christiani
1138 3003 1244 3064 nomi·

140 3088 193 3148 nis
211 3087 316 3168 gentis
335 3087 585 3147 sarracenorum
600 3087 770 3163 evitantes,
783 3085 823 3148 ad
844 3109 898 3148 eos
917 3087 1025 3148 fecere
1042 3085 1244 3168 confugium,

140 3179 176 3231 et
194 3168 330 3229 eandem
347 3169 510 3228 civitatem
530 3167 661 3228 illorum
678 3168 949 3250 magnipotentiae
965 3169 1107 3230 libenter
1126 3169 1245 3232 condo-

140 3259 264 3310 narunt
280 3271 336 3310 sen
356 3251 577 3327 tradiderunt,
601 3258 632 3309 et
654 3249 691 3308 ab
709 3252 892 3312 eorumdem
913 3251 1164 3312 sarracenorum
1185 3275 1247 3336 po-

141 3341 256 3396 testate
276 3355 309 3394 se
325 3332 568 3408 subtrahentes,
591 3353 703 3392 eorum
725 3343 917 3414 nostraeque
937 3335 1067 3394 demum
1086 3333 1187 3396 libera
1212 3347 1245 3395 et

138 3424 290 3500 prompta
313 3416 480 3478 voluntate
494 3435 527 3474 se
544 3414 769 3492 subiecerunt,
792 3415 986 3496 complacuit
1005 3418 1246 3478 mansuetudini

140 3508 271 3559 nostrae
293 3497 352 3558 sub
377 3496 586 3562 immunitatis
611 3497 749 3557 tuitione
773 3495 1036 3578 defensionisque
1065 3499 1244 3560 munimine

139 3581 284 3660 benigne
304 3580 466 3661 suscipere
485 3601 521 3638 ac
542 3578 700 3655 retinere,
723 3589 755 3640 et
781 3572 1068 3656 cohabitationem,
1099 3601 1157 3640 seu
1184 3601 1243 3640 ne·

82 3721 87 3732 ,
139 3663 343 3725 cessitatibus
363 3683 474 3722 eorum
503 3671 719 3743 opportunum
746 3659 923 3736 auxilium,
944 3659 1028 3720 sicut
1058 3671 1090 3721 et
1116 3663 1155 3719 ab
1180 3661 1246 3722 illis

139 3745 402 3829 progenitoribus
415 3765 527 3805 eorum
542 3753 574 3804 et
590 3744 667 3825 ipsis
680 3751 804 3803 constat
817 3763 876 3824 per
889 3741 1104 3824 imperialium
1117 3741 1245 3820 apicum

140 3827 344 3890 sanctionem
375 3847 583 3903 concessum,
618 3827 796 3886 clementer
820 3824 986 3885 conferre:
1019 3835 1177 3906 quatenus
1211 3835 1244 3886 et

142 3920 253 3972 nostra
278 3909 396 3992 regalis
423 3907 625 3972 conservatio
655 3917 860 3984 constructa,
893 3917 988 3988 atque
1012 3907 1179 3969 innovatio
1200 3907 1242 3967 -in

141 3992 358 4054 eorumbene
380 3992 475 4073 gestis
501 3989 668 4070 operibus,
700 3987 888 4053 exaltationi
911 3989 1076 4050 Ecclesiae
1101 3989 1243 4073 pretioso

83 4087 87 4096 '
142 4075 266 4136 Christi
292 4075 449 4156 sangnine
474 4073 674 4154 redemptae,
698 4081 731 4134 et
761 4072 922 4154 ministret
955 4079 1178 4154 augmentum,
1208 4085 1242 4134 et

141 4157 309 4221 animabus
334 4177 447 4220 eorum
463 4177 499 4218 ac
521 4165 646 4219 nostrae
661 4154 806 4240 proficiat
831 4153 957 4236 semper
981 4152 1015 4220 in
1040 4154 1241 4219 emolumen-

142 4249 218 4308 tua.
840 4267 843 4273 ·
1221 4257 1223 4262 ’
