2658 4978
186 223 257 300 lte
429 245 460 304 s.
479 239 563 306 can.
679 237 928 302 sternuentes
1037 249 1096 317 res.

184 385 270 472 apud
287 379 511 450 Confluentes!
528 379 614 443 inter
637 400 696 444 nos
720 380 906 444 confirmata
931 381 1077 463 inarum,
1102 385 1248 472 diligenter

181 467 475 614 remeslqorsrimur,
496 483 579 550 quae
600 461 1019 530 iuviolabilitcrndinraute
1040 467 1167 534 Domino
1183 495 1249 540 eou-

180 573 272 618 serna
297 571 389 614 smus.
956 559 959 575 '

262 633 328 699 Ill.
368 629 460 694 Sient
480 629 569 692 Dens
585 625 647 692 boc
663 627 698 690 in
719 625 818 692 corde
835 636 944 692 nostro
963 626 1062 710 ridet,
1080 631 1211 698 nolumus
1225 647 1252 701 et

181 734 240 782 vos
257 715 342 782 scire
386 711 517 774 uoniam
538 711 579 774 de
600 712 698 774 corde
724 705 830 798 puro,
846 719 879 774 et
904 710 1097 774 conscientia
1117 715 1210 798 bona,
1228 731 1254 784 et

178 801 243 864 fide
273 819 338 862 uon
362 734 458 875 beta,
488 793 645 872 adunati,
684 792 719 856 id
746 802 795 856 est
820 792 989 856 unanimes
1017 793 1116 859 effecti
1143 821 1252 880 snmus,

177 891 337 970 quantum
364 879 433 962 ipse
459 875 588 940 dederit
609 897 627 938 a
652 896 719 960 quo
740 885 789 938 est
814 897 911 938 omne
940 876 1050 939 dotum
1070 878 1255 964 optimumst

178 986 274 1042 omne
296 964 422 1042 donum
445 959 642 1044 perfectum,
670 959 712 1019 ud
738 956 801 1021 Dei
829 959 1052 1038 voluntatem,
1079 972 1110 1025 et
1132 975 1253 1030 nostrum

177 1067 382 1114 communem
401 1041 558 1103 honorem
584 1048 618 1102 et
638 1040 880 1120 salvamentum,
903 1049 936 1102 et
951 1042 990 1104 ad
1002 1052 1125 1106 sanetae
1138 1046 1192 1108 Dei
1202 1050 1252 1111 Ee-

178 1130 296 1194 clasiae
319 1135 459 1202 statum,
494 1131 528 1185 et
555 1122 765 1186 sacerdotnm
788 1145 826 1186 ac
849 1143 1017 1187 servorum
1040 1127 1107 1188 eins
1133 1127 1252 1192 debiturn

177 1212 336 1276 bonorem
354 1219 387 1272 et
411 1207 580 1290 vigorem,
614 1227 651 1268 ac
679 1205 772 1289 regni
798 1206 891 1267 nobis
913 1225 932 1264 a
952 1209 1024 1270 Deo
1047 1211 1194 1272 commissi
1213 1235 1253 1274 so·

179 1295 338 1362 liditatcm
352 1287 583 1352 restituendam
598 1297 631 1349 et
653 1289 926 1358 conservandams
949 1299 985 1351 ut
994 1291 1136 1354 Ecclesia
1153 1303 1183 1356 et
1199 1317 1254 1378 req·

179 1399 276 1454 num,
298 1373 387 1458 quod
404 1375 493 1435 Deus
512 1370 545 1430 in
560 1391 673 1432 manus
695 1371 938 1454 progenitorum
961 1384 1141 1436 nostrornm
1160 1377 1255 1438 aduna-

164 1460 235 1538 ·vit,
255 1468 288 1522 et
310 1457 402 1518 nobis
423 1451 643 1514 misericordia
661 1473 718 1514 sua
740 1454 914 1531 commisit,
945 1455 978 1514 in
1002 1467 1110 1518 nostro
1131 1467 1254 1541 tempore

177 1539 387 1605 neeessariam
400 1533 620 1600 defensionem
635 1543 668 1598 et
686 1535 873 1617 tuitionem,
895 1544 930 1600 et
947 1535 1104 1602 honorem
1118 1551 1256 1626 atquem·

177 1625 347 1702 diditatem,
367 1619 493 1686 habeat.
1103 1659 1106 1664 -
1151 1645 1154 1657 ·

257 1706 320 1768 Ν.
361 1700 536 1781 Quoniam,
557 1697 642 1764 sicut
664 1699 744 1766 dicit
770 1710 880 1765 sancta
908 1702 1092 1786 Scriptura,
1120 1705 1174 1788 qni
1197 1729 1256 1770 sno·

176 1809 249 1853 rum
265 1796 298 1851 et
317 1786 454 1847 maxime
475 1783 724 1846 domesticorum
744 1805 854 1848 euram
875 1807 941 1847 non
962 1785 1085 1865 habet,
1107 1789 1195 1850 fidem
1214 1811 1256 1850 ne·

176 1872 272 1955 gavit,
294 1875 328 1932 et
345 1877 393 1932 est
413 1865 539 1928 infideli
556 1865 715 1946 deterior,'
729 1868 1002 1931 consideravimus
1030 1879 1063 1930 et
1077 1872 1256 1934 confirmari·

176 1975 247 2016 mus
268 1955 302 2014 in
314 1950 377 2012 tide
397 1959 505 2012 nostra
521 1948 609 2008 inter
628 1969 684 2011 nos
707 1949 747 2012 de
768 1951 924 2012 uxoribus
937 1961 970 2013 et
985 1951 1062 2014 filiis
1083 1952 1255 2033 nostris,qni

139 2103 142 2112 ,
175 2038 220 2100 ita
240 2033 382 2096 fideliter
411 2031 504 2092 nobis
532 2029 654 2091 subditi
679 2040 711 2093 et
740 2031 928 2095 obedientes
957 2034 1085 2098 fuerint
1111 2036 1188 2098 sicut
1209 2034 1255 2098 filii

173 2118 318 2201 patribus
334 2122 367 2176 et
385 2112 451 2176 suis
463 2112 650 2173 Senioribus
671 2131 739 2174 esse
756 2114 884 2193 debent,
908 2125 943 2178 ut
963 2109 1186 2201 unnsquisque
1202 2141 1255 2179 nos·

174 2211 260 2264 trum
284 2197 416 2260 alterins
438 2194 521 2256 filios
542 2194 627 2256 siout
644 2195 792 2278 proprios
815 2197 849 2256 in
871 2219 947 2260 vera
969 2199 1143 2262 dilectione
1163 2201 1255 2262 babeat

176 2281 289 2366 etqui
314 2287 474 2360 superstes
491 2277 531 2338 de
552 2277 644 2340 nobis
670 2277 763 2338 alteri
785 2279 896 2354 fuerit,
919 2281 1007 2342 illius
1028 2281 1256 2363 quidecesserit

176 2367 270 2428 uxori
292 2373 324 2428 et
347 2363 433 2439 filiis,
454 2359 538 2420 sicut
560 2359 721 2420 internos
743 2364 912 2436 convenit,
935 2359 1092 2425 debitnm'
1110 2376 1142 2429 et
1164 2387 1254 2428 neces·

175 2449 293 2510 sarium
314 2443 511 2507 adiutorium
533 2451 670 2522 praestet
692 2451 725 2503 et
745 2442 840 2504 iidem
860 2454 1043 2507 conservet.

257 2530 298 2592 V.
339 2524 619 2590 Considerarimus
642 2533 674 2584 et
697 2525 865 2588 statuimus
894 2535 932 2587 ut
960 2549 1146 2590 communes
1167 2529 1254 2591 fideles

174 2611 295 2686 nostri,
327 2630 467 2692 qnorum
488 2607 624 2668 corrsilio
650 2615 682 2668 et
710 2607 832 2669 auxilio
853 2620 993 2671 sanctam
1014 2611 1079 2672 Dei
1103 2613 1255 2674 Ecclesiam

174 2707 207 2758 et
235 2714 371 2776 regnum
395 2688 487 2752 nobis
509 2688 711 2751 commissum
734 2690 914 2771 gnbernare
940 2694 1114 2768 debemus,
1136 2697 1255 2756 debitum

172 2776 331 2841 honorem
349 2782 382 2836 et
403 2774 633 2836 salvamentum
654 2771 801 2839 habeant.
843 2774 884 2835 Et
905 2774 965 2857 ipsi
987 2776 1028 2836 ad
1050 2777 1113 2837 Dei
1132 2779 1253 2840 nolunta-

171 2856 249 2939 tem,
273 2857 363 2920 etad
386 2865 534 2918 nostrum
552 2854 693 2915 debitum
712 2854 869 2917 bonorem
892 2867 924 2932 et
949 2858 1096 2941 vigorem
1115 2857 1146 2922 et
1172 2861 1253 2922 salra-

172 2947 326 3016 mentum,
339 2948 370 3000 et
388 2938 428 2998 nd
448 2947 575 2998 sanctae
587 2936 650 2998 Dei
674 2937 837 3000 Ecclesiae
854 2947 988 3012 statum,
1011 2951 1045 3000 et
1065 2941 1106 3002 ad
1119 2943 1204 3026 regni
1220 2962 1254 3002 so·

171 3024 330 3083 liditntem
348 3030 380 3081 et
401 3019 634 3096 defensionem,
655 3019 796 3100 qualiter
816 3021 956 3102 populns
977 3021 1013 3084 in
1039 3045 1142 3106 regno
1166 3035 1254 3086 nostro

171 3105 278 3188 legem
307 3112 341 3164 et
360 3101 514 3164 iustitiam
542 3109 574 3164 et
599 3123 709 3183 pacem
737 3123 774 3163 ao
795 3104 1065 3185 tranquillitatem
1089 3107 1206 3183 babeat,
1225 3105 1253 3163 de

171 3187 269 3250 corde
293 3205 394 3268 puro,
424 3194 457 3248 et
481 3183 677 3262 conscientia
705 3185 801 3263 bona,
824 3197 857 3247 et
883 3185 945 3248 fide
975 3208 1041 3248 non
1066 3189 1158 3268 ficta,
1184 3184 1253 3248 lideli

170 3268 307 3334 consilio
328 3276 362 3328 et
385 3267 507 3328 anxilio
530 3263 621 3328 nobis
651 3266 770 3330 sintin
796 3268 945 3330 omnibns
969 3270 1144 3338 adiutores.
1182 3268 1253 3332 Etsi

169 3352 297 3434 aliquis,
319 3351 408 3430 quod
425 3349 518 3426 absit,
547 3349 586 3407 ab
608 3349 671 3410 lroc
693 3348 823 3412 deniare
851 3353 1045 3428 tentaverit,
1080 3353 1254 3414 unanimiter

168 3444 205 3496 ut
228 3434 269 3498 ad
294 3432 355 3494 hoc
383 3432 494 3494 redeat
522 3430 615 3490 illum
642 3441 833 3494 convertere
854 3429 1076 3496 decertemus(
1110 3437 1199 3497 Etsi
1224 3433 1254 3492 ad

165 3515 230 3582 boo
248 3511 363 3578 reduci
389 3535 454 3584 non
477 3513 637 3594 potnerit,
665 3513 863 3576 nrnanimiter
882 3517 1065 3579 studeamus
1088 3529 1126 3579 nt
1144 3519 1191 3580 vel
1208 3513 1252 3577 sibi

166 3599 226 3663 soli
247 3606 381 3673 noceat,
404 3606 437 3658 et
465 3603 577 3656 contra
606 3594 672 3657 hoc
693 3597 782 3676 qnod
806 3597 978 3666 salubriter
1003 3622 1194 3662 conservare
1216 3599 1254 3658 de·

164 3680 288 3756 bemus,
322 3701 386 3740 non
409 3677 508 3760 possit
528 3678 752 3738 damnabiliter
777 3701 881 3760 agere.
922 3681 963 3744 Et
980 3704 1104 3760 omnes,
1128 3693 1187 3745 tans
1210 3701 1253 3739 no·

164 3763 214 3824 bis
236 3763 347 3838 annisi,
372 3783 468 3843 quarn
494 3771 527 3822 et
552 3760 716 3835 contrarii,
737 3763 950 3840 certissimum
972 3773 1104 3826 teneant
1124 3764 1254 3847 quonian

163 3845 222 3928 qui
245 3856 357 3906 contra
380 3843 560 3928 quemlibet
587 3853 732 3905 nostrum
752 3843 908 3926 quiddam
928 3846 1053 3908 adversi
1075 3848 1254 3910 machinatus

164 3929 217 3991 nel
238 3929 369 3997 molitus
392 3927 514 4004 fuerit,
536 3926 623 4011 apud
643 3926 744 3988 alium
765 3927 874 3990 locum
895 3927 1121 3994 familiaritatis
1143 3940 1174 3994 et
1192 3923 1253 3988 nmi-

165 4011 260 4075 eitiae
283 4033 350 4074 non
371 4007 513 4071 babebit.
615 4029 618 4035 ’

181 4086 186 4092 ’
245 4091 304 4156 Vl.
346 4093 413 4156 Vos
445 4090 534 4154 scitis
564 4090 706 4173 qualiter
736 4113 836 4174 nepos
866 4103 973 4157 noster
1000 4094 1184 4159 Hlotbnrins
1210 4110 1253 4171 per

164 4195 255 4242 mam
269 4176 481 4254 iuventutern,
499 4183 530 4238 et
549 4195 608 4260 per
623 4173 746 4238 levium
762 4173 931 4250 bominum
949 4199 1143 4246 consensum
1157 4188 1190 4241 et
1197 4175 1254 4237 bor·
