2746 4992
284 304 321 384 a.
349 299 425 351 etin.
539 302 660 356 armon
680 302 893 358 sittacenen
997 315 1056 371 921.
1179 281 1249 350 235

152 453 185 502 et
210 442 242 500 in
264 439 388 500 cunetis
412 439 479 500 eius
499 438 716 500 voluntatibus
735 463 856 523 parere.
899 441 989 503 Sicut
1003 440 1090 500 vobis
1112 438 1151 498 de
1170 438 1251 498 mul-

150 528 193 584 tis
213 531 325 581 notum
345 531 401 599 est,
424 544 496 581 curn
515 520 590 578 olim
606 523 734 602 quidam
756 526 855 583 nostri
876 525 1009 598 fideles,
1032 546 1048 579 a
1072 530 1180 582 nostra
1199 520 1251 580 de·

149 608 220 668 bita
240 605 390 662 fidelitate
412 603 647 678 exorbitantes,
678 605 773 662 vitam
795 616 827 665 et
848 627 983 688 regnum
1005 605 1094 663 nobis
1125 603 1251 662 auferre

149 688 257 748 moliti
283 695 375 760 sunt,
398 696 510 746 euntes
534 693 606 765 post
634 686 778 747 inimicos
800 698 934 764 nostros,
958 687 1067 766 eisque
1089 683 1252 742 familiari·

150 782 204 828 ter
224 768 438 843 inhaerentes,
459 788 509 827 res
533 777 564 826 et
584 767 743 850 episcopia
770 770 868 829 nostri
895 768 988 850 regni
1018 768 1055 825 ab
1081 767 1156 848 ipsis
1182 765 1252 825 dari

150 852 215 912 sibi
243 849 485 928 concupierunt.
548 851 590 908 Ut
621 871 697 930 ergo
734 851 772 910 de
797 851 905 912 multis
936 860 1116 924 taceamus,
1149 869 1250 910 unum

149 935 212 1015 qui
240 931 331 990 nobis
346 933 459 990 nostris
483 930 654 992 visceribus
675 936 898 1011 serpentinum
921 934 1007 992 virus
1029 928 1158 1006 inludit,
1176 951 1250 989 ves·

149 1027 221 1077 trae
242 1012 400 1074 sanctitati
423 1013 674 1103 propalabimus,
702 1015 893 1074 Hildninum
916 1014 1077 1089 videlicet,
1101 1013 1156 1092 qui
1177 1032 1252 1070 con-

151 1109 204 1158 tra
225 1095 365 1174 regalem
385 1116 481 1174 agens
503 1105 699 1175 potestatem,
722 1109 831 1156 contra
848 1117 977 1176 quoque
998 1095 1139 1177 Apostoli
1155 1093 1250 1168 dicta,

159 1179 230 1255 (ubi
249 1177 383 1237 dicitur:
405 1179 504 1235 Deum
517 1178 632 1248 timete,
648 1178 759 1256 Regem
780 1177 995 1260 honorificate.
1036 1177 1095 1238 Et:
1117 1177 1189 1238 Non
1205 1187 1251 1236 est

155 1273 292 1346 potestas
317 1259 415 1318 nisio
443 1259 521 1322 Deo.
560 1259 624 1318 Et:
658 1261 721 1340 Qui
739 1263 889 1342 potestati
907 1260 1043 1330 resistit,
1073 1259 1135 1316 Dei
1160 1256 1249 1317 ordi-

157 1343 278 1402 nationi
307 1341 431 1402 resistit.
472 1341 545 1400 Non
568 1355 614 1398 est
639 1342 876 1424 enimpotestas
896 1342 957 1400 nisi
978 1365 997 1400 a
1017 1340 1111 1414 Dee.)
1142 1347 1175 1398 et
1196 1335 1250 1397 ad-

156 1445 265 1484 versus
285 1421 459 1482 citharoedi
481 1421 584 1482 David
603 1423 703 1497 dicta,
733 1424 787 1482 ubi
813 1424 852 1482 atl
885 1423 1060 1484 Dominum
1089 1419 1250 1500 loquitur:
1303 1422 1306 1429 '

152 1507 340 1587 Impositisti
369 1505 507 1562 homines
531 1525 625 1584 super
644 1507 747 1586 capito
771 1519 901 1575 nostre,
927 1505 1048 1586 quique
1069 1503 1154 1561 ultra
1170 1502 1252 1561 Rbe-

152 1609 235 1647 num
253 1587 292 1646 atl
305 1585 449 1644 inimicos
465 1595 586 1645 nostros
600 1586 813 1666 proficiscens,
835 1587 1030 1668 minimeque
1045 1583 1252 1645 reminiscens

149 1678 421 1730 sacramentorum
443 1688 573 1726 suorum
591 1669 680 1729 nobis
695 1671 931 1748 promissorum,
954 1689 1053 1748 eaque
1074 1675 1161 1726 retro
1183 1665 1253 1725 dor·

150 1774 226 1815 snm
251 1750 400 1824 abiciens,
423 1749 460 1807 ah
485 1749 635 1810 Heinrico
650 1748 780 1810 inimico
802 1762 910 1810 nostro
932 1748 1138 1832 Episcopium
1158 1749 1250 1807 Tun·

151 1833 279 1914 grensis
311 1831 473 1890 Ecclesiae
498 1832 648 1912 expetiit,
680 1853 799 1913 suaque
825 1833 1026 1892 damnatione
1054 1839 1163 1912 contra
1189 1850 1253 1890 om-

154 1915 211 1974 nia
229 1922 345 1974 statuta
368 1923 430 1972 tam
450 1933 610 1972 sacrorum
629 1916 758 1975 Patram
774 1937 870 1995 qnam
885 1916 1008 1994 Regum
1028 1911 1180 1972 videlicet
1199 1931 1252 1970 an-

151 2005 350 2058 tecessorum
373 2005 556 2054 nostrorum
574 1996 747 2078 usurpavit.
787 1999 835 2056 De
855 1998 1001 2077 qualibus
1021 1995 1053 2054 in
1081 1993 1164 2054 libro
1187 1993 1253 2052 Re-

151 2101 232 2160 gum
256 2075 430 2160 Capitular'i
456 2077 498 2136 ita
519 2075 653 2142 dicitur:
674 2079 712 2136 Si
733 2079 802 2159 qais
822 2079 1066 2161 praesumpserit
1081 2095 1173 2158 quam
1187 2095 1251 2134 non

149 2163 269 2220 meruit
289 2183 308 2217 n
330 2159 475 2238 Principe
497 2159 551 2217 cel
577 2158 707 2222 Seniore
735 2167 815 2218 iusto
841 2159 1048 2240 dignitatem,
1083 2157 1250 2235 sacrilegus

149 2243 315 2302 trahentur.
357 2241 398 2302 Et
428 2242 536 2300 beatus
564 2243 751 2322 Gregorius:
779 2241 867 2302 Sicut
890 2244 944 2322 qui
965 2243 1109 2303 invitatus
1134 2239 1250 2309 renuit,

149 2325 312 2406 quaesitos
338 2321 471 2403 refugit,
499 2324 596 2384 saeris
620 2335 666 2382 est
690 2324 839 2388 altaribus
867 2322 1104 2391 admovendos,
1130 2321 1173 2379 sic
1199 2321 1254 2402 qai
1309 2395 1311 2400 Ι

133 2405 242 2464 'ultro
267 2405 380 2479 anabit,
406 2405 459 2462 oet
483 2407 538 2484 qui
555 2405 747 2486 importunus
772 2426 803 2463 se
830 2405 957 2483 ingerit,
980 2401 1189 2486 proculdubio
1207 2412 1254 2461 est

153 2485 366 2568 repellendus,
407 2486 488 2544 Nam
515 2487 571 2566 qui
592 2488 706 2546 nititur
735 2487 778 2546 ad
801 2487 915 2546 altiora
938 2483 1145 2554 contendere,
1174 2481 1255 2564 quid

153 2570 227 2644 agit
251 2569 311 2624 nisi
336 2580 369 2626 ut
400 2565 566 2628 crescendo
594 2567 775 2628 decrescat?
807 2568 871 2626 Cor
900 2587 962 2627 non
980 2564 1150 2648 perpendit
1178 2566 1253 2646 quie

154 2649 333 2709 benedictio
361 2647 410 2718 illi
427 2650 460 2710 in
486 2649 684 2708 maledictum
706 2651 896 2709 convertitur
917 2651 971 2730 qai
993 2645 1037 2706 ad
1061 2648 1118 2706 boc
1139 2658 1174 2704 at
1184 2642 1254 2728 fiat

153 2731 333 2788 diaereticus
349 2742 557 2809 promovetur.
882 2769 885 2776 »

169 2855 176 2872 .
242 2811 282 2870 Il.
324 2811 405 2872 Cum
429 2810 558 2891 qnidam
579 2813 722 2893 pestiferi
743 2811 816 2887 viri,
841 2818 986 2894 utsupra
1008 2809 1252 2871 memoravimus

156 2916 177 2957 a
211 2901 316 2952 nostra
347 2893 498 2954 fidelitate
529 2893 703 2971 deviarent,
720 2893 965 2955 convocavimus
988 2892 1253 2975 Archieplscopos

152 2975 322 3058 praesules
342 2996 404 3038 xvi.
427 2975 525 3034 nostri
547 2976 650 3058 regni,
672 2975 847 3037 nonnullos
868 2977 964 3036 etiam
981 2977 1144 3052 Proceres,
1166 2977 1253 3035 Mar-

156 3056 304 3132 cbiones,
326 3065 359 3116 et
381 3057 530 3134 Comites,
553 3058 803 3140 Optimatesque,
826 3067 862 3116 ut
882 3079 992 3118 eorum
1010 3057 1154 3132 consilio,
1176 3077 1254 3116 auc-

156 3138 306 3214 toritate,
332 3147 426 3213 atque
454 3139 598 3213 virtute,
620 3149 724 3200 tantae
753 3141 899 3200 vesaniae
922 3141 1154 3203 ¹resisteremus.
1204 3139 1258 3197 Iu-

157 3229 292 3278 ventam
312 3228 358 3278 est
378 3229 413 3278 ut
439 3243 520 3282 nora
547 3223 713 3302 gibborum
738 3243 853 3304 genera
880 3221 968 3282 novis
990 3221 1255 3282 medicationibus

157 3310 346 3360 secarentur
369 3323 404 3360 ac
429 3315 626 3381 sanarentur,
648 3303 806 3385 pellentes
833 3325 885 3363 eos
915 3302 1088 3385 episcopali
1113 3302 1256 3362 auctori·

157 3393 224 3442 tate
247 3404 470 3464 sacrorumque
493 3387 656 3466 Canonum
680 3384 906 3446 constitutione
927 3407 945 3442 a
965 3395 1059 3444 coetu
1080 3393 1112 3444 et
1128 3403 1254 3445 consor·

157 3465 208 3523 tio
231 3465 492 3530 Christianorum.
535 3469 680 3544 Quorum
701 3467 950 3548 praesumptioni
972 3489 1007 3526 ac
1030 3465 1187 3526 nefandae
1207 3474 1257 3547 ty·

158 3545 290 3606 rannidi
320 3547 491 3608 Hildninus
518 3570 550 3608 se
579 3549 806 3624 intumescens,
840 3542 919 3609 elatis
944 3549 1097 3609 Heinrico
1124 3549 1256 3628 suisque

156 3629 353 3690 Proceribus
380 3629 600 3710 complurimis„
622 3632 691 3690 anri
719 3630 906 3712 argentique
932 3629 1154 3712 ponderibus,
1187 3647 1253 3686 non

157 3710 266 3772 solum
295 3733 368 3770 cnm
391 3710 436 3770 eis
458 3711 596 3772 scienter
619 3713 829 3794 participavit,
852 3713 907 3772 sed
938 3712 1031 3772 etiarn
1058 3733 1097 3770 ex
1124 3711 1254 3770 thesau-

157 3793 206 3852 ris
227 3793 387 3852 Ecclesiae
415 3795 620 3874 Tangrensis,
643 3817 721 3876 quos
744 3795 899 3854 instinctu
923 3793 1257 3874 diabolicorapuerat
1286 3868 1288 3873 Ι

158 3874 211 3934 vel
238 3874 361 3954 istratus
389 3875 510 3951 fuerat,
542 3877 730 3956 quibusdam
755 3876 849 3936 minis
872 3899 907 3936 ac
935 3874 1110 3934 terroribus
1131 3874 1197 3954 egit
1219 3882 1256 3932 ut

159 3955 374 4016 Herimannus
388 3956 579 4037 Agrippinae
606 3958 741 4020 civitatis
763 3957 1029 4040 Arcbiepiscopns
1052 3978 1110 4036 per
1129 3956 1254 4015 violen-

158 4037 238 4098 tiam
264 4037 406 4099 Heinriei
430 4061 622 4120 suorumque
646 4041 788 4100 fidelium
808 4041 900 4100 illum
921 4042 952 4098 in
976 4033 1162 4098 Pontificem
1180 4057 1254 4096 con·

161 4129 309 4186 secraret.
358 4123 435 4181 Nam
459 4123 485 4180 si
513 4143 577 4180 non
604 4123 746 4200 fecisset,
774 4122 856 4182 sicut
886 4124 952 4206 ipse
976 4119 1168 4179 venerabilis
1190 4115 1255 4180 Ar-

162 4199 383 4285 cbiepiscopas
411 4203 501 4266 nobis
520 4210 628 4286 postea
649 4205 876 4290 inpraesentia
899 4202 1110 4293 plurimorum
1132 4201 1253 4280 retulit,
