2658 4978
174 284 244 354 iso
340 259 346 272 ’
418 301 448 351 a
467 299 545 353 cun
651 293 895 356 siruamus
996 306 1059 360 aas.

168 450 261 518 snut,
292 438 336 499 ita
358 457 417 520 per
438 435 518 500 baec
544 437 603 500 illa
628 438 734 500 omnia
760 457 843 522 qnae
870 437 905 500 iu
927 440 1154 524 suprascriptis
1179 440 1273 520 locis,

167 523 292 588 scilicet
312 521 345 580 in
371 518 541 596 Carisiaco,
563 530 596 581 et
620 520 707 604 apud
728 519 953 600 valentianas,
976 524 1114 586 collecta
1138 533 1172 586 et
1196 547 1277 586 con·

167 607 277 670 stituta
310 611 402 678 suut,
431 601 596 664 observari
626 603 841 689 praecipimus
865 611 899 666 et
919 625 1032 668 omnes
1058 607 1278 670 communiter

168 687 402 752 confirmamus.

249 770 284 832 si
305 776 411 828 autem
433 763 551 847 aliquis
570 765 773 850 quiscunque
794 765 986 830 inobediens
1007 767 1172 846 extiterit,
1198 789 1277 829 cum

166 874 287 917 summa
309 848 515 910 festinatione
541 849 705 931 Episcopi,
727 849 860 913 Comitis
884 859 917 912 et
936 851 1026 914 Missi
1044 853 1137 912 nobis
1161 860 1278 910 uotum

165 937 272 998 facere
292 940 418 1007 curent,
441 940 476 990 ut
496 933 689 1012 quantocius
713 931 753 991 ad
780 942 920 994 nostram
941 935 1154 1018 praesentiam
1179 932 1278 992 illum

165 1017 277 1079 venire
306 1013 492 1089 iubeamus,
522 1022 556 1074 et
576 1013 706 1096 dignam
726 1013 885 1077 ultionem
910 1015 1091 1078 secundum
1115 1015 1277 1076 indicium

165 1099 311 1162 fidolium
330 1105 512 1158 nostrorum
532 1097 695 1160 sustineat.
737 1097 781 1155 Et
798 1095 836 1174 si,
860 1099 947 1180 quod
960 1097 1054 1175 absit,
1077 1099 1149 1159 talis
1174 1117 1278 1158 emer-

164 1185 243 1244 serit
266 1179 324 1262 qui
347 1178 411 1240 Dei
432 1178 580 1238 timorem
603 1186 788 1260 postponat,
810 1188 844 1240 et
858 1179 1109 1242 ecclesiasticam
1129 1180 1276 1240 auctori·

164 1276 263 1326 tatem
290 1269 475 1322 contemnat
500 1269 532 1324 et
555 1261 677 1342 regiam
694 1267 885 1341 potestatem
904 1261 1056 1343 refugiat,
1081 1262 1159 1324 sciat
1182 1261 1277 1343 quis·

166 1366 296 1428 cunque
319 1342 376 1403 ille
406 1342 516 1418 suerit,
532 1341 610 1424 quia
633 1351 666 1403 et
688 1343 868 1404 secundum
888 1344 1076 1406 canonicam
1099 1343 1278 1406 auctorita·

164 1441 230 1490 tem
259 1425 298 1486 ab
331 1423 475 1485 omnium
508 1423 765 1486 Christianorum
793 1435 890 1486 coetu
912 1434 946 1485 et
973 1448 991 1485 a
1012 1435 1139 1488 sanctae
1162 1427 1278 1487 Eccle-

145 1512 231 1573 'siac
254 1506 416 1570 consortio
436 1514 470 1567 et
495 1505 530 1565 iu
552 1507 644 1568 coelo
666 1515 699 1566 et
716 1505 750 1565 in
767 1513 863 1584 terra,
892 1507 1017 1569 alienus
1037 1509 1217 1586 efficietur,
1240 1515 1278 1567 'et

165 1591 266 1672 regali
284 1597 439 1670 potestate
461 1596 557 1668 atque
581 1587 726 1649 omnium
753 1589 847 1669 regni
875 1589 1023 1650 fidelium
1050 1589 1276 1666 unanimitate,

167 1677 249 1736 sicut
271 1671 333 1732 Dei
354 1681 385 1732 et
408 1670 573 1732 Ecclesiae
593 1670 744 1730 inimicus
774 1679 806 1730 et
824 1671 917 1753 regni
942 1671 1145 1749 devastator,
1167 1694 1278 1754 perse·

166 1763 285 1838 quetur
301 1775 403 1834 usque
426 1753 504 1814 dum
522 1774 540 1810 a
561 1773 662 1834 reguo
686 1753 929 1837 exterminetur.
969 1755 1055 1816 Etsi
1079 1755 1199 1836 aliquis
1219 1755 1279 1814 Co·

167 1859 234 1898 mes
256 1836 357 1898 fuerit
376 1835 432 1916 qui
455 1835 518 1896 hoc
546 1834 580 1894 in
609 1855 668 1896 suo
692 1834 854 1904 Comitatu
884 1837 1018 1916 fecerit,
1046 1847 1101 1898 aut
1129 1837 1176 1897 ibi
1202 1837 1279 1897 talia

167 1923 347 1980 increscere
373 1915 570 2000 permiserit,
601 1925 657 1978 aut
680 1914 747 1998 ipse
775 1917 832 1978 illa
861 1939 928 1978 nou
954 1919 1193 1998 emendaverit,
1227 1926 1279 1978 aut

168 2001 260 2063 nobis
287 2006 363 2058 nota
389 2019 456 2060 nou
485 1998 621 2076 lecerit,
653 2007 691 2058 ut
724 2008 832 2060 nostra
861 2001 1035 2062 auctoritas
1061 2002 1139 2062 talia
1174 2001 1278 2063 corri-

169 2092 238 2168 gat,
259 2081 338 2144 sciat
358 2080 435 2160 quia
460 2080 560 2141 talem
580 2078 773 2142 senteutiam
794 2082 872 2145 inde
893 2083 1064 2144 sustinebit
1085 2085 1173 2144 sicut
1195 2093 1278 2144 tem-

168 2185 246 2248 pore
277 2171 515 2224 autecessorum
533 2174 716 2224 nostrornm
734 2164 934 2226 consuetudo
965 2166 1037 2226 fuit
1097 2166 1278 2246 Episcopus

169 2256 294 2323 autem,
324 2245 504 2306 secundnm
535 2245 684 2306 Toletani
714 2245 855 2308 Concilii
881 2246 1060 2328 capitulum
1085 2248 1276 2330 septimum,

170 2330 209 2391 ad
242 2327 349 2410 quem¹
368 2326 531 2406 pertinere
563 2334 742 2388 noscuntur
770 2326 820 2389 illi
848 2328 906 2410 qui
933 2329 1009 2388 talia
1036 2339 1147 2391 contra
1170 2331 1276 2390 Deum

171 2413 203 2472 e't
227 2407 390 2472 Ecclesiae
418 2429 531 2490 pacem
558 2408 704 2483 faciunt,
732 2407 760 2472 si
792 2431 847 2472 cos
879 2410 1026 2492 quolibet
1054 2433 1191 2474 munere
1227 2413 1277 2473 rel

168 2496 276 2554 favore
299 2500 354 2550 aut
379 2490 581 2572 neglegentia
611 2491 783 2552 admonere
813 2491 972 2568 noluerit,
1002 2503 1039 2553 ut
1074 2501 1130 2552 aut
1160 2515 1275 2556 rever-

161 2585 276 2638 tentes
302 2572 469 2654 suscipiat,
489 2581 545 2632 ant
569 2581 811 2634 contemnentes
840 2573 880 2635 de
902 2574 1047 2636 Ecclesia
1071 2575 1197 2650 reiciat,
1228 2600 1276 2638 ex·

171 2655 423 2721 communicatus
445 2676 464 2712 a
497 2654 635 2734 collegio
659 2665 859 2715 caeterorum
885 2656 1119 2738 Episcopornrn
1148 2657 1277 2720 habebi·

171 2751 224 2802 tnr
247 2758 417 2820 quousque
448 2735 680 2798 emendationis
707 2737 757 2797 vel
792 2739 1005 2800 damnationis
1031 2760 1144 2800 eorum
1172 2742 1214 2800 ab
1241 2762 1275 2802 eo

171 2821 330 2886 sententia
352 2820 585 2899 promulgetur,
628 2819 790 2894 Quoniam
814 2820 878 2880 uisi
901 2821 1116 2882 communiter
1137 2833 1275 2883 certave-

170 2905 270 2967 rimus
291 2911 327 2961 ut
349 2901 382 2958 in
406 2901 553 2960 omuibus
574 2901 694 2962 iustitia
712 2901 859 2962 omuibus
882 2912 1102 2979 conservetur,
1126 2925 1189 2965 nec
1207 2907 1274 2964 Rex

170 2995 263 3068 pater
286 2982 426 3064 patriae,
459 3003 520 3042 nec
544 2982 694 3063 Episcopi
712 2983 935 3066 propitiatores
956 2995 989 3045 ct
1013 2986 1274 3047 reconciliatores

171 3066 285 3150 populi
307 3065 347 3124 ad
371 3064 508 3134 salutem
529 3072 711 3140 aeternam,
740 3085 801 3125 uec
823 3065 881 3147 qui
904 3066 1149 3149 participatione
1173 3069 1276 3128 nomi-

173 3149 222 3208 nis
243 3145 362 3206 Christi
388 3145 561 3205 Christiani
580 3156 753 3222 uocuntur,
783 3146 845 3206 boc
870 3148 959 3228 quod
980 3150 1122 3210 humano
1146 3171 1205 3210 ore
1231 3150 1276 3210 di-

172 3230 286 3304 cimur,
309 3228 341 3286 in
365 3227 482 3288 divinis
503 3227 605 3288 oculis
630 3249 697 3290 esse
718 3228 871 3295 valemus.
912 3233 956 3292 Ut
973 3241 1081 3292 autem
1100 3231 1182 3308 baec
1198 3251 1275 3312 quae

172 3309 368 3374 observanda
393 3331 491 3389 supra
512 3307 695 3392 scripsimus
721 3332 757 3370 ac
773 3311 1112 3392 praenominavimus,
1134 3335 1227 3374 nunc
1248 3321 1275 3372 et

173 3395 212 3456 de
236 3391 362 3453 caetero
385 3393 504 3454 certius
527 3400 559 3450 et
579 3391 759 3472 expressius
785 3415 803 3452 a
830 3394 922 3455 nobis
949 3405 1046 3476 atque
1073 3417 1091 3454 a
1113 3416 1274 3457 successo-

171 3475 260 3538 ribus
279 3473 394 3535 nostris
414 3473 603 3536 inconvulsa
619 3483 797 3551 serventur,
818 3476 957 3557 propriis
976 3477 1123 3538 manibus
1138 3478 1191 3540 bis
1210 3476 1275 3540 snb-

90 3619 92 3628 ,
170 3559 310 3622 scrihere
332 3553 493 3615 communi
516 3575 675 3622 consensu
694 3556 913 3627 decrevimus3
942 3579 980 3620 ea
996 3559 1186 3620 conditione
1212 3581 1274 3620 ser-

172 3652 254 3718 vata,
276 3649 311 3698 ut
331 3637 407 3720 quia
435 3658 547 3696 omues
572 3635 606 3694 in
635 3638 759 3698 cunctis
788 3640 955 3701 ordinibus
982 3663 1000 3700 a
1027 3641 1118 3722 regia
1152 3642 1272 3702 ditione

171 3723 231 3786 sibi
257 3729 414 3801 expetunt
436 3719 650 3802 competentia
673 3720 753 3802 legis
784 3719 855 3782 iura
882 3723 1026 3798 servari,
1056 3723 1167 3803 regiae
1198 3743 1271 3804 qno-

170 3826 234 3886 que
258 3800 424 3884 postes‘tati
448 3801 481 3862 in
509 3802 635 3862 cunctis
662 3801 829 3864 ordinibus
849 3805 904 3864 lex
926 3805 1006 3865 iuris
1032 3804 1133 3864 debiti
1158 3816 1190 3866 et
1217 3805 1272 3862 bo-

170 3908 232 3947 nor
259 3885 297 3942 ab
325 3883 473 3944 omuibus
494 3882 684 3944 obedienter
705 3893 739 3945 et
759 3884 900 3947 fideliter
923 3896 1117 3969 cooperante
1138 3885 1271 3949 Domino

171 3975 392 4034 conservetur.

252 4051 329 4112 Post
346 4045 427 4107 haec
449 4046 556 4106 omnia
576 4048 697 4110 relecta
721 4059 752 4108 et
775 4049 984 4123 conlaudata,
1015 4050 1179 4110 communi
1204 4070 1271 4110 con·
1327 4084 1328 4107 1

169 4157 266 4195 seusu
287 4129 499 4202 decrevimus,
522 4140 559 4189 ut
586 4129 612 4190 si
642 4132 759 4212 aliquis
790 4130 886 4191 homo
911 4142 1042 4212 propter
1074 4135 1158 4191 mala
1183 4134 1270 4204 facta,

169 4236 251 4298 quae
276 4212 446 4276 emendare
469 4219 501 4272 et
520 4233 580 4295 per
604 4212 711 4296 legem
728 4223 762 4276 et
782 4234 841 4298 per
865 4213 1104 4298 poenitentiam
1123 4213 1269 4288 noluerit,
1327 4294 1328 4307 χ
