2786 4980
140 293 165 362 2
358 305 391 364 s.
409 303 491 362 cna.
598 301 842 358 carrruusnrs
942 307 1005 368 stt.

139 451 255 516 densos
268 446 351 510 seris
364 443 509 508 turbines
526 444 663 506 nubium
676 443 709 504 in
724 447 981 526 pertranseundo
997 468 1163 514 remanere
1178 473 1251 516 ves·
1276 471 1278 480 ’

139 532 229 622 tigis,
249 529 451 608 restiterunt,
472 528 621 607 fatemur,
645 527 679 586 in
697 527 789 588 nobis
809 536 844 587 ct
861 527 894 585 in
915 530 993 592 viris
1016 533 1250 614 ecclesiasticis,

140 636 268 680 necnon
291 623 323 676 et
347 613 381 673 in
408 609 607 693 reipublicae
637 619 764 671 nostrae
787 609 1044 693 solatiatoribus,
1066 614 1252 680 huiusmodi

138 699 291 766 materiae
304 705 338 758 et
350 694 478 757 fomites
499 692 747 769 dissensionum,
765 701 800 752 ut
815 693 981 758 manifeste
996 708 1174 780 patesceret
1192 723 1250 764 nos

138 781 249 846 divina
276 778 375 863 gratia
397 775 565 858 indigere,
587 785 624 836 ut
643 797 754 836 omnes
776 777 794 835 al
823 779 973 862 contagio
994 781 1095 842 morbi
1121 782 1252 866 pristini

136 865 267 950 penitus
288 880 497 936 exueremur,
530 881 595 942 qua
616 858 784 942 praeventi
806 880 954 940 eramus,
977 874 1014 925 nt
1035 864 1251 929 infirmitatem

137 966 340 1010 communem
360 943 473 1005 videre
496 963 670 1037 possemus.
692 943 896 1024 Quapropter
907 946 1078 1008 'venientes
1095 948 1129 1007 in
1148 969 1249 1010 uuum

138 1030 250 1093 fideles
273 1026 387 1104 nostri,
409 1035 474 1086 tam
499 1046 534 1084 sn
557 1024 738 1086 venerabili
771 1026 885 1086 ordine
909 1027 1075 1108 clericali,
1098 1051 1194 1128 quam
1219 1041 1252 1092 et
1283 1095 1286 1100 ,

139 1113 293 1174 inlustres
309 1109 373 1171 viri
392 1107 427 1168 in
451 1106 555 1168 nobili
569 1108 678 1168 laicali
705 1107 819 1167 habitu
839 1111 1026 1189 constituti,
1049 1109 1088 1172 et'
1108 1111 1252 1174 zeloDei

138 1195 276 1273 accensi,
289 1195 447 1254 memores
459 1190 554 1252 etiam
572 1191 649 1252 fidei
668 1211 764 1272 qnam
778 1188 837 1271 ipsi
856 1201 889 1250 et
902 1193 1120 1256 antecessores
1138 1217 1251 1256 eorum

137 1279 255 1341 nostris
268 1277 459 1342 detulerunt
473 1273 790 1346 Praedecessoribus,
804 1283 1028 1355 ponentesque
1050 1286 1124 1337 ante
1139 1279 1251 1340 oculos

138 1357 348 1423 dilectionem
366 1367 397 1418 et
411 1355 600 1418 fidelitatem
613 1377 709 1437 quam
727 1353 820 1414 nobis
837 1365 909 1436 post
922 1353 1166 1420 defunctionem
1186 1363 1248 1421 Pa-

132 1445 193 1506 tris
222 1439 428 1503 laudabiliter
449 1447 482 1497 ct
508 1436 788 1498 continentissime
809 1448 1040 1517 servaverunt,
1070 1443 1268 1503 secundum.

138 1527 225 1608 qnod
240 1524 360 1607 legitur
379 1523 411 1582 in
434 1520 550 1580 litteris
574 1518 730 1579 divinitus
748 1519 920 1600 inspiratis,
941 1520 1086 1582 hortatus
1102 1534 1149 1585 est
1169 1526 1250 1584 alter

139 1611 293 1685 alterurn,
318 1606 415 1666 immo
435 1621 544 1664 omncs
558 1623 591 1663 se
612 1601 754 1662 invicem
772 1611 980 1682 monuerunt,
997 1614 1032 1664 ut
1047 1607 1156 1666 cuncti
1178 1606 1251 1675 uni·¹

137 1713 266 1755 versum
285 1688 384 1748 animi
400 1707 567 1748 rancorem
582 1706 641 1766 pro
667 1705 863 1766 quocunque
879 1697 1072 1770 conceptum
1088 1687 1249 1771 negotiob

138 1775 235 1839 corde
250 1771 483 1856 propellerent,
494 1777 526 1828 et
542 1767 575 1826 in
594 1767 656 1828 Dei
676 1768 842 1828 voluntate
868 1789 904 1829 ac
928 1781 1055 1830 sanctae
1081 1771 1251 1833 Ecclesiae

139 1855 338 1940 competenti,
353 1851 582 1927 veneratione,
605 1871 661 1910 seu
678 1862 785 1912 nostra
799 1851 953 1914 fidelitate
972 1854 1138 1932 servanda,
1153 1865 1259 1935 atque.

138 1941 248 2005 debito
266 1939 392 1999 bonore
409 1945 442 1996 et
464 1934 552 2015 regia
569 1942 724 2015 potestate
745 1934 935 1995 stabilienda
959 1944 992 1996 et
1012 1939 1250 2012 conservanda,

139 2024 219 2114 quin
231 2022 327 2083 etiam
342 2039 408 2082 sese
424 2019 458 2078 iu
470 2016 556 2099 pacis
568 2016 742 2077 concordia
756 2027 871 2076 etvera
889 2017 1030 2077 amicitia
1049 2022 1250 2102 copularent3

138 2115 298 2192 quatenus
308 2102 437 2163 divinae
448 2099 640 2161 elementiae
655 2100 823 2182 placerent
838 2100 999 2176 obnixius,
1012 2109 1045 2160 et
1057 2102 1096 2162 de
1108 2103 1203 2186 Regis
1212 2089 1260 2162 ac‘

139 2187 232 2271 regni
246 2185 416 2248 stabilitate
431 2193 463 2244 et
475 2180 615 2242 utilitate
629 2190 759 2264 possent
769 2189 906 2243 tractare
918 2183 1102 2262 sublimius,
1113 2196 1146 2246 et
1157 2207 1251 2246 snum

140 2281 237 2353 atque
257 2269 355 2330 totius
366 2265 480 2349 populi
502 2286 706 2326 communem
725 2265 907 2346 proiectum
930 2273 962 2326 et
978 2267 1251 2348 tranquillitatem

141 2355 327 2419 obtinerent
334 2347 535 2432 propensius.
544 2348 662 2429 Sisque
675 2350 745 2407 Deo
759 2347 887 2410 amabili
898 2357 995 2430 atque
1005 2348 1160 2410 laudabili
1174 2371 1250 2410 con·

140 2444 241 2502 ventu
261 2431 460 2495 unanimiter
481 2453 517 2492 ao
541 2428 780 2506 rationabiliter
796 2439 991 2514 perpetrato,
1011 2442 1138 2494 nostrae
1160 2454 1253 2493 man·

141 2515 309 2584 suetudini
326 2536 417 2578 snam
433 2511 639 2576 devotionern
660 2523 692 2573 et
704 2512 863 2574 actionem
885 2513 1068 2576 fidelissime
1087 2535 1257 2597 suggesse-⁴

141 2611 229 2668 runt.
270 2601 335 2663 Nos
354 2608 463 2662 autem
479 2605 566 2658 tanta
586 2595 732 2660 fidelium
753 2616 827 2677 erga
841 2596 1101 2658 dominationem
1114 2607 1255 2659 nostram

141 2684 488 2768 subtiliterperspecta
500 2679 713 2760 benignitate,
730 2688 765 2739 ut
784 2699 878 2740 causa
895 2702 955 2763 pro
980 2681 1031 2742 sui
1052 2681 1167 2742 merito
1183 2679 1258 2748 exi-i

142 2771 252 2856 gebat,
275 2765 321 2829 eis
343 2765 519 2846 condignas
547 2762 724 2845 ¹gratiarnm
757 2761 899 2824 actiones
919 2764 1110 2841 retulimus,
1139 2773 1170 2824 et
1194 2783 1260 2824 nos,

143 2863 348 2932 nostramque
355 2855 553 2933 lpotestatem
564 2866 676 2906 eorum
692 2845 797 2904 bonae
816 2845 1065 2906 convenientiae
1080 2867 1139 2927 per
1155 2846 1255 2905 bene·

142 2934 318 3002 solentiam
336 2932 376 2994 in'
392 2930 455 2994 hoc
479 2932 581 3005 facto,
603 2927 692 3008 quod
717 2926 786 2986 sine
816 2926 916 2986 dubio
938 2927 978 2988 ad
997 2937 1201 3009 praesentem
1222 2935 1259 2996 et¹

142 3026 306 3086 aeternam
322 3014 429 3086 tendit
444 3013 594 3086 salutern,
613 3009 732 3070 sociam
753 3017 785 3068 et
806 3007 955 3069 comitem
976 3010 1045 3071 fore
1066 3021 1132 3072 tota
1152 3011 1259 3072 devo·.

141 3099 231 3161 tione
251 3096 496 3180 spopondimus,
518 3092 672 3154 abdicatis
690 3090 848 3169 omuibus,
869 3101 1025 3172 quantum
1050 3093 1174 3176 patitur
1194 3091 1254 3152 hu·

141 3203 235 3243 mana
248 3179 416 3262 fragilitas,
434 3198 518 3260 quae
535 3195 673 3258 persona
687 3173 788 3234 nostri
805 3173 971 3256 regiminis
996 3175 1176 3258 ignorantia
1196 3194 1256 3234 sen

141 3267 311 3328 iuventute
328 3270 384 3321 aut
404 3259 602 3336 necessitate,
619 3266 732 3319 contra
747 3257 995 3319 convenientem
1008 3257 1069 3320 sibi
1087 3258 1259 3321 salubritas-2

142 3353 258 3410 temet
279 3344 491 3421 honestatem,
500 3362 603 3422 usque
621 3340 717 3400 modo
734 3350 845 3420 egerat
864 3348 920 3399 aut
934 3341 1067 3402 alterius
1083 3351 1153 3402 astu
1171 3359 1253 3402 con-

142 3436 293 3492 traxerat.
316 3429 389 3505 Qua
410 3426 450 3492 de
464 3446 501 3488 rc
525 3422 740 3484 communiter
761 3423 842 3483 inito
857 3423 1008 3502 consilio,
1018 3423 1081 3484 hoc
1096 3422 1252 3504 scriptum

71 3533 72 3538 ’
143 3512 213 3576 fieri
240 3508 476 3593 proposuimus,
497 3508 585 3590 qnod
608 3507 705 3568 etiam
724 3525 878 3566 manuum
899 3507 1044 3565 omnium
1071 3515 1260 3566 nostrorum,

141 3593 378 3675 subscriptione
404 3591 622 3654 roborandum
641 3588 851 3653 decrevimus.
894 3587 933 3648 ln
964 3609 1129 3669 quoquae
1159 3584 1253 3645 nobis

142 3701 231 3742 nunc
248 3675 421 3759 praecipue
436 3676 476 3737 nd
491 3693 694 3735 communem
716 3673 863 3747 salntem,
884 3679 918 3730 ct
934 3669 1036 3752 'regni
1058 3669 1254 3732 soliditatem

140 3772 239 3846 etque
253 3761 398 3822 omnium
412 3769 593 3823 nostrorum
607 3753 1121 3837 utilitatem,immoplenissimam
1133 3747 1262 3812 bones-.

140 3855 238 3908 tatem
257 3843 323 3904 viso
343 3851 417 3902 sunt
432 3839 613 3922 pertinere,
635 3839 901 3921 conscripsimus:
924 3857 990 3898 non
1012 3837 1183 3917 loquentes
1205 3831 1254 3894 di·

140 3947 304 3991 versurum
315 3923 537 3984 immutatione
550 3943 771 4005 personarum,
786 3930 821 3981 ut
830 3919 1051 4001 modoregalis
1061 3916 1253 3990 sublimitas,

139 4012 236 4083 modo
262 4004 662 4092 episcopalisanctoritas,
685 4005 781 4065 modo
804 4013 912 4064 autem
935 4002 1081 4064 fidelium
1102 4002 1263 4082 loquatur.
1316 4051 1319 4058 .

133 4092 365 4162 commoditas3
379 4089 435 4151 sed
451 4089 629 4150 secundum
637 4086 838 4169 Apostolum,
852 4086 987 4147 sabano
998 4084 1100 4167 capite
1111 4081 1259 4158 Christo,
1305 4133 1312 4140 .

138 4187 176 4241 nt
202 4195 315 4240 revera
336 4195 421 4234 unus
446 4171 564 4248 bomo,
586 4171 620 4230 in
647 4171 744 4231 unius
765 4168 930 4231 Ecclesiae
939 4188 1107 4250 georpore,
1129 4165 1253 4246 singuli

111 4307 114 4314 ,
139 4267 244 4320 autern
262 4255 343 4316 nites
363 4255 496 4315 alterius
518 4253 681 4331 membra,
712 4253 801 4334 qnod
830 4251 936 4335 'prosit
967 4250 1117 4312 omnibus
1143 4268 1253 4330 omnen
