2712 4992
547 303 728 358 unicium
1090 281 1159 354 301

59 448 99 508 tio
115 443 185 506 ullo
201 463 362 528 unquam
379 453 519 526 tempore
536 443 665 505 inventa
689 449 744 502 aut
756 450 880 524 reperta
890 441 995 502 'fuerit
1005 486 1014 518 ‚
1037 440 1168 502 nullum

59 529 198 589 obtineat
220 527 394 603 effectum,
417 526 617 586 evacuaturia
638 525 742 586 inanis
759 533 954 606 permaneat,
975 533 1007 584 et
1029 545 1088 585 nec
1105 545 1163 606 ego

58 613 139 693 ipse,
163 629 228 668 nec
252 609 351 670 ullus
367 610 406 670 de
420 606 592 670 heredibus
614 608 711 685 meis,
743 606 794 666 vel
827 605 981 688 quislibet
1003 605 1043 666 de
1074 607 1163 688 parte

57 713 121 752 mea
146 692 219 772 ipso
237 691 360 751 debito
382 689 527 770 superius
544 690 704 750 nominato
734 709 840 770 neque
856 689 888 746 in
905 686 970 768 ipsa
997 689 1164 763 cautione,

57 796 114 834 nec
129 773 194 854 per'
207 772 321 838 nullis
343 773 445 834 modis
461 771 553 832 nullo
569 793 708 853 unquam
720 782 862 854 tempore
878 769 935 829 tibi
956 791 995 830 ex
1012 770 1073 831 hoc
1095 771 1166 830 nul-

58 859 100 917 las
115 853 304 915 calumnias
325 876 388 914 nec
404 853 609 934 repetitiones
623 875 714 934 agere
734 873 794 913 neo
815 860 959 934 repetere
980 873 1043 913 non
1065 853 1164 913 debe-

59 959 151 1001 amus.
192 937 303 1014 Quod
332 938 361 998 si
380 936 649 1012 attentaverimus,
671 937 729 996 ista
743 944 807 994 tota
827 943 990 1011 servante,
1012 957 1075 994 una
1092 955 1165 995 cnm

61 1021 142 1080 socio
163 1019 266 1094 fisco,
292 1017 366 1078 auri
394 1017 515 1079 unicias
537 1027 638 1078 tantas
665 1039 730 1078 esse
756 1015 941 1094 multando,
963 1027 995 1077 et
1016 1037 1164 1100 praesens

63 1101 268 1164 evacuaturia
301 1101 393 1160 omni
414 1109 558 1181 tempore
572 1099 660 1158 firma
676 1106 868 1182 permaneat.

483 1231 638 1292 Libellum
660 1230 752 1290 dotis.

137 1345 318 1411 XXXVII.
361 1350 445 1408 Dum
464 1348 663 1430 omnipotens
678 1349 764 1407 Deus
782 1350 936 1410 concessit
959 1346 1072 1428 iugale,
1086 1351 1169 1404 con-'

65 1428 192 1490 sortium
218 1437 254 1489 et
275 1431 344 1492 tale
365 1429 553 1512 permissum
579 1429 667 1490 dedit
687 1429 715 1489 ei
733 1431 767 1488 in
786 1429 931 1489 omnibns
951 1439 986 1488 ut
1000 1427 1169 1508 unusquis·

64 1531 122 1587 que
150 1531 229 1570 eum
255 1512 332 1572 vira
361 1535 416 1575 sua
440 1512 538 1571 nubat
564 1511 653 1593 iuxta
679 1511 945 1571 consuetudinem
972 1511 1167 1570 anteriorum

65 1591 350 1671 Christianorum,
373 1592 498 1654 etitem
517 1594 651 1675 legimus
674 1594 759 1672 quod
777 1593 843 1674 ipse
873 1592 1029 1651 Dominus
1061 1599 1169 1650 noster

65 1693 134 1732 cum
153 1675 333 1757 discipulis
357 1677 421 1738 suis
441 1675 480 1735 ad
504 1676 631 1756 nuptias
648 1674 797 1735 invitatus
814 1673 941 1751 fuisset,
965 1683 996 1733 et
1015 1675 1167 1738 cuiDeus

66 1757 252 1838 coniungit,
279 1757 378 1818 homo
396 1778 459 1817 non
483 1766 605 1835 separet
614 1783 622 1827 ;
645 1758 733 1837 quod
757 1757 887 1832 bonum,
909 1755 1000 1832 felix,
1017 1756 1167 1816 faustum·

68 1859 126 1918 qne
151 1839 202 1900 sit.
247 1842 296 1901 Et
331 1840 466 1920 reliqua.
514 1841 619 1899 Donat
642 1840 750 1919 itaque
782 1839 838 1898 ille
867 1837 1018 1898 honestae
1039 1836 1167 1919 puellae

70 1942 197 2003 sponsae
215 1945 320 2000 suae,
344 1921 473 1981 nomine
492 1920 569 1997 illa,
590 1942 702 2002 quam,
734 1921 760 1981 si
780 1920 906 1982 Christo
936 1919 1110 2001 placuerit,
1132 1917 1169 1976 in'

71 2003 255 2084 coniugium
277 2005 400 2066 sociare
424 2025 556 2064 uxorem
572 2003 677 2085 cupio,
698 2001 911 2084 donatumque
929 2003 1168 2084 inperpetuum

72 2105 133 2144 esse
153 2087 254 2164 volo,
279 2088 366 2146 etde
382 2087 452 2145 iure
471 2106 541 2146 meo
561 2087 592 2144 in
614 2088 683 2145 iure
698 2095 729 2146 et
745 2085 961 2146 dominatione
989 2085 1086 2168 ipsius
1112 2104 1167 2164 pu·
1249 2136 1254 2150 ,

72 2165 147 2226 ellae
168 2170 359 2230 transcribo
372 2179 465 2248 atque
483 2169 688 2244 transfundo,
711 2168 772 2228 hoc
797 2176 861 2240 est,
888 2189 940 2229 res
964 2165 1167 2248 proprietatis

72 2269 154 2308 meae
170 2249 205 2308 iu
222 2274 311 2334 pago
328 2251 403 2326 illo,
426 2251 458 2309 in
478 2249 549 2310 loco
578 2251 665 2331 quod
695 2250 814 2310 dicitur
836 2250 913 2326 ille,
945 2259 1006 2309 turn
1033 2247 1167 2322 mansis,

74 2330 240 2409 domibus,
265 2333 440 2409 aedificiis,
463 2341 564 2392 totum
585 2343 616 2394 et
643 2331 682 2390 ad
713 2333 870 2413 integrum
900 2353 934 2392 re
956 2331 1167 2411 inexquisita,

75 2433 127 2471 seu
141 2415 322 2497 mancipias
338 2423 438 2474 tantas
455 2414 504 2475 his
525 2414 705 2474 nominibus
727 2414 788 2473 ille·
802 2423 833 2472 et
853 2413 927 2488 ille,
957 2434 1013 2474 seu
1032 2412 1169 2471 caballos

76 2501 193 2572 tantos,
216 2497 321 2558 boves
338 2505 456 2573 tantos,
478 2518 588 2558 vaccas
603 2518 674 2556 cum
695 2495 812 2556 vitulos
835 2505 952 2568 tantos,
975 2514 1048 2552 oves
1069 2492 1171 2574 capita

77 2582 175 2654 tanta,
198 2580 289 2640 sodis
310 2579 412 2659 capita
430 2587 534 2655 tanta,
557 2579 703 2638 lectarios
719 2576 893 2659 condignos
911 2576 950 2636 ad
971 2575 1070 2638 lectos
1097 2585 1170 2633 tan-

78 2664 142 2734 tas,
165 2661 390 2723 fabricaturias
411 2682 504 2735 vero,
526 2682 620 2735 auro,
644 2670 774 2740 argento
788 2659 821 2718 in
837 2659 954 2720 solidos
981 2667 1084 2716 motos
1098 2702 1108 2732 ,
1121 2705 1128 2719 .
1143 2700 1169 2717 ..

78 2744 249 2803 ostensolia
274 2764 351 2805 vero
366 2752 430 2802 tam
449 2742 548 2814 aereis
563 2765 657 2824 quam
680 2741 805 2814 ferreis,
828 2762 884 2802 seu
905 2749 936 2799 et
953 2738 1057 2815 lineis,
1080 2737 1171 2820 quic·

81 2823 155 2901 quid
177 2825 212 2884 in
238 2825 334 2908 domn
354 2825 586 2884 rationabiliter
609 2824 760 2887 contenit.
804 2823 918 2883 Omnia
943 2821 1088 2904 superius
1110 2841 1171 2880 uo-

81 2902 212 2985 minata,
235 2930 311 2968 cum
326 2907 393 2967 dies
413 2905 614 2967 felicissimus
630 2905 781 2986 nuptialis
800 2903 976 2981 advenerit,
992 2903 1171 2964 dulcissima

82 2997 189 3064 sponsa
209 3011 282 3050 mea
300 2989 374 3064 illa,
397 2989 415 3047 a
433 2987 484 3049 die
505 2998 672 3069 praesente
686 2987 819 3065 habeas,
840 2996 966 3062 teneas,
989 2995 1083 3066 atque
1101 3007 1173 3066 pos·

83 3067 198 3146 sideas,
221 3072 276 3135 vel
297 3069 452 3151 quicquid
469 3071 585 3130 exinde
602 3072 620 3130 d
639 3069 691 3132 die
708 3068 993 3150 praesente'facere
1009 3067 1168 3146 volueris,

83 3146 213 3212 liberam
231 3163 263 3214 et
282 3153 487 3212 firmissimam
501 3154 533 3211 in
558 3153 703 3214 omnibus
720 3153 834 3212 habeas
848 3156 1036 3233 potestatem
1054 3150 1172 3211 facien·
1227 3180 1236 3220 ι

85 3228 124 3289 di.
165 3234 199 3293 si
220 3236 294 3318 quis
312 3256 407 3311 vero,
429 3235 516 3315 quod
532 3255 590 3295 nec
622 3235 692 3296 fieri
715 3235 828 3308 eredo,
856 3233 884 3292 si
916 3254 974 3316 ego
1000 3232 1085 3314 ipse,
1119 3243 1173 3294 aut

84 3311 167 3376 ullus
186 3317 226 3379 de
246 3317 418 3378 heredibus
443 3317 533 3391 meis,
555 3317 608 3378 vel
627 3316 777 3398 quislibet
791 3316 857 3375 ulla
870 3315 1012 3396 opposita
1026 3335 1171 3395 persona,

87 3395 156 3472 quia
179 3408 292 3460 contra
318 3399 406 3457 hunc
428 3399 573 3461 libellum
598 3399 679 3460 dotis
702 3398 814 3460 venire
840 3397 1022 3472 conaverit,
1057 3397 1174 3457 inferat

86 3474 157 3554 tibi,
178 3503 244 3540 una
260 3503 331 3541 cum
346 3480 431 3540 socio
456 3481 554 3558 fisco,
575 3482 644 3540 auri
658 3481 768 3542 uncias
782 3489 885 3540 tantas
905 3500 971 3540 esse
990 3479 1173 3556 multando,

89 3565 117 3616 et
130 3581 279 3642 praesens
301 3562 430 3626 libellus
446 3563 528 3625 dotis
547 3563 653 3624 firmus
666 3573 857 3645 permaneat.

471 3689 635 3748 Indioulus
662 3690 783 3768 regulis.

92 3875 98 3889 .
164 3803 342 3868 XXXVIII.
385 3803 446 3865 Ille
462 3806 739 3865 RexFrancorum
756 3808 807 3868 vir
826 3808 970 3870 inluster.
1013 3810 1093 3868 Cum
1116 3833 1173 3872 nos

90 3899 119 3936 m
141 3882 201 3945 Dei
219 3886 347 3947 nomine
367 3887 484 3967 palatio
504 3895 610 3946 nostro
627 3887 666 3946 ad
683 3889 903 3950 universorum
921 3911 1028 3951 causas
1043 3892 1175 3952 audien·

92 3959 141 4023 das
158 3968 209 4028 vel
222 3977 309 4029 recta
321 3969 443 4030 viudicia
458 3969 656 4029 terminanda
674 3991 737 4028 una
758 3992 829 4030 cam
852 3972 1041 4034 Proceribus
1061 3975 1175 4036 nostris

90 4045 303 4128 resideremus,
312 4051 419 4134 ibique
432 4051 565 4112 veniens
576 4049 670 4111 homo
680 4050 794 4134 aliquis
808 4055 936 4115 nomine
953 4055 1009 4114 ille
1024 4058 1179 4138 suggessit
1252 4099 1254 4107 ι

92 4143 127 4182 θο
141 4132 226 4210 quod
240 4133 335 4214 »apud
353 4143 459 4193 nostro
490 4132 654 4215 signaculo
676 4133 805 4196 homine
831 4138 940 4219 aliquo
969 4137 1098 4198 nomine
1117 4138 1176 4199 illo

94 4211 228 4276 mannito
251 4214 413 4277 habuisset
427 4225 462 4276 ut
484 4235 579 4298 super
601 4224 710 4278 noctes
726 4226 827 4280 tantas
844 4227 917 4280 ante
939 4240 996 4281 nos
1018 4219 1177 4284 debuisset

1048 4299 1055 4319 b
