2658 4978
240 311 273 368 s.
292 308 370 364 cna
477 308 605 364 nacon
623 307 841 364 araneorum
951 309 1012 375 aot.
1119 289 1187 363 151

93 453 188 534 glum,
218 449 307 532 quod
333 447 394 510 sibi
424 445 578 524 debetur,
600 447 671 509 sine
696 448 821 508 ratione
847 468 913 508 non
943 446 1076 530 perdat:
1112 451 1190 531 quia

89 534 212 593 iniustas
237 530 488 593 consuetudines
503 529 799 592 noviterinstitutas
810 531 975 612 imponere
990 529 1108 612 cuique
1122 553 1188 594 non

88 616 252 691 volumus,
275 636 355 695 quas
377 614 411 672 in
430 623 544 692 quarto
563 613 646 672 libro
666 613 845 672 eorundem
868 612 1088 693 Capitulorum
1111 636 1188 696 pro-

86 695 215 773 hibitas,
240 718 308 778 cap.
333 717 429 771 mvn,
449 695 593 778 legimus.
635 697 683 754 De
713 695 777 755 illis
801 705 907 755 antem
927 694 984 775 qui
1009 697 1189 758 secundum

86 780 180 860 legem
209 781 386 839 Romanam
412 779 541 853 vivunt,
573 776 656 836 nihil
683 777 773 836 aliud
798 775 860 838 nisi
893 776 982 858 quod
1005 776 1038 836 iu
1067 777 1188 840 eisdem

88 861 271 921 continetur
288 860 444 940 Legibus,
468 859 648 920 definimus.

160 941 288 1004 XXlX.
331 945 375 1002 Ut
397 943 446 1002 illi
461 942 593 1018 coloni,
615 951 678 1000 tam
693 938 816 1002 fiscales
838 961 934 1022 quam
960 951 992 1002 et
1016 942 1186 1004 ecclesias·

85 1023 153 1100 tici,
175 1025 257 1106 qui,
280 1023 362 1088 sicut
384 1025 417 1083 in
435 1023 609 1107 polypticis
622 1022 828 1100 continetur,
851 1032 883 1084 et
907 1023 969 1106 ipsi
994 1045 1059 1083 non
1084 1025 1186 1086 dene·

87 1116 173 1186 gant,
196 1128 368 1188 carropera
396 1115 428 1166 et
447 1126 619 1187 manopera
642 1127 683 1166 ex
708 1104 841 1186 antiqua
873 1105 1109 1168 cousuetudine
1133 1108 1186 1168 de·

85 1189 173 1266 bent,
195 1198 228 1251 et
250 1189 418 1270 margilam
432 1198 465 1249 et
480 1188 542 1248 alia
557 1207 705 1268 quaeque
724 1188 905 1266 carricare,
927 1209 1010 1270 quae
1031 1189 1096 1250 illis
1118 1211 1184 1250 non

85 1271 225 1352 placent,
247 1281 412 1344 renuunt,
435 1269 587 1352 qnoniam
602 1269 707 1328 adhuc
723 1268 757 1327 in
789 1269 854 1331 illis
876 1271 1016 1352 antiquis
1037 1271 1185 1352 tempori-

85 1353 137 1414 bus
150 1355 234 1413 forte
254 1353 387 1434 margila
401 1374 466 1413 non
483 1351 689 1426 trahebatur,
711 1373 793 1432 quae
812 1352 844 1411 in
870 1353 981 1414 multis
1000 1353 1079 1413 locis
1102 1362 1183 1412 tem-

84 1456 153 1517 pore
166 1435 228 1495 Avi
249 1457 286 1495 ac
300 1435 420 1496 Domui
447 1446 480 1496 et
491 1434 595 1495 Patris
614 1433 714 1494 nostri
730 1433 813 1493 trahi
839 1435 962 1516 eoepit,
986 1443 1017 1494 et
1038 1435 1077 1495 de
1097 1457 1184 1494 man·

86 1537 171 1597 opera
189 1518 223 1576 in
242 1518 349 1578 scuria
369 1519 491 1578 battere
513 1517 640 1592 nolunt,
657 1525 809 1576 ettamen
835 1537 898 1576 uon
926 1517 1087 1596 denegant
1107 1518 1184 1598 quia

87 1619 288 1680 manoperam
306 1601 440 1671 dehent;
474 1597 634 1680 quicquid
666 1598 713 1660 eis
733 1598 891 1660 carricare
919 1600 1116 1682 praecipitur
1143 1600 1182 1662 de

86 1701 173 1761 opera
192 1702 384 1763 carroperae
401 1683 531 1763 quando
550 1681 639 1740 illam
657 1682 764 1742 facere
784 1679 913 1757 debent,
935 1680 1004 1740 sine
1030 1681 1098 1740 ulla
1117 1681 1183 1742 dif-

85 1762 213 1824 ferentia
231 1763 409 1834 carricent;
440 1772 472 1824 et
501 1763 661 1843 quidquid
687 1763 733 1824 eis
763 1762 802 1822 de
837 1784 933 1844 opera
967 1785 1181 1844 monoperae,

85 1846 203 1924 quando
228 1847 320 1906 illam
340 1848 445 1907 faeere
464 1846 601 1921 dehent,
622 1844 834 1928 praecipitur,
857 1845 1004 1906 similiter
1022 1845 1091 1906 sine
1114 1846 1182 1906 ulla

85 1926 258 1988 differentia
274 1929 404 1989 faciant.

159 2009 273 2076 XXX.
317 2013 358 2070 Ut
374 2011 527 2092 quoniam
552 2011 584 2070 in
605 2010 795 2092 quibusdam
814 2011 893 2072 locis
910 2012 1035 2088 coloni,
1057 2022 1120 2072 tam
1133 2014 1182 2075 fis-

85 2091 157 2152 cales
176 2113 275 2172 quam
293 2102 325 2153 et
346 2094 385 2153 de
405 2094 484 2154 casis
505 2095 587 2168 Dei,
610 2117 681 2155 snas
697 2094 907 2171 hereditates,
930 2096 963 2156 id
983 2107 1049 2170 cst,
1072 2119 1181 2158 mansa

83 2195 156 2254 quae
169 2184 303 2251 teuent,
327 2196 392 2234 non
413 2178 517 2235 solum
531 2177 597 2237 suis
621 2175 770 2259 paribus,
799 2177 855 2237 sed
889 2186 921 2236 et
957 2178 1093 2239 Clericis
1117 2181 1181 2239 Ca-

84 2255 197 2316 nonicis
217 2279 256 2316 ac
278 2256 407 2317 villanis
433 2259 653 2341 Presbyteris,
684 2269 716 2318 et
747 2258 819 2318 aliis
848 2259 1095 2342 quibuscunque
1117 2261 1179 2321 ho-

85 2338 241 2416 minibus,
266 2339 432 2416 vendunt,
456 2351 488 2401 et
505 2342 724 2401 tantummodo
751 2342 862 2401 sellam
883 2344 1041 2418 retinent,
1065 2352 1096 2404 et
1118 2344 1178 2404 huc

84 2421 243 2480 occasione
265 2422 311 2482 sic
333 2422 512 2483 destructae
538 2423 620 2483 frunt
645 2424 759 2500 villae,
780 2431 816 2481 ut
844 2446 907 2482 non
938 2425 1042 2484 solum
1063 2446 1178 2486 census

84 2501 197 2562 debitus
218 2503 297 2564 inde
325 2525 389 2564 uon
421 2506 520 2586 possit
550 2505 656 2587 exigi,
690 2505 745 2566 sed
777 2506 872 2564 etiam
895 2528 977 2587 quae
1008 2517 1114 2566 terrae
1138 2508 1176 2568 de

82 2583 205 2666 singulis
223 2586 343 2646 mansis
364 2588 514 2663 fuerunt,
537 2587 598 2646 iam
619 2587 820 2669 nonpossint
840 2589 988 2668 agnosci3
1010 2589 1177 2649 constitui·

82 2685 143 2726 mus
157 2676 192 2726 ut
213 2668 433 2751 praecipiatur
452 2669 470 2728 t
490 2671 605 2730 nostris
623 2670 906 2746 ministerialibus,
930 2681 961 2730 et
986 2671 1002 2728 al
1021 2670 1176 2731 ministris

82 2749 317 2828 ecclesiasticis,
339 2751 453 2811 utltoc
481 2753 683 2812 nullomodo
704 2753 743 2812 de
764 2765 889 2812 caetero
917 2753 988 2824 fiat,
1015 2775 1053 2811 ne
1078 2754 1175 2812 villae

82 2829 252 2892 destructae
275 2842 372 2914 atque
406 2835 558 2894 confiisne
589 2836 685 2896 liant:
720 2843 751 2893 et
784 2836 939 2916 quicquid
970 2837 1008 2894 de
1040 2835 1175 2916 singulis

80 2913 186 2972 mansis
206 2913 278 2974 sine
295 2915 424 2975 licentia
452 2916 654 2976 dominorum
675 2917 725 2978 vel
750 2918 972 2998 magistrorum
996 2940 1054 2998 per·
1076 2941 1175 2999 qnos-

80 3012 199 3074 cunque
214 2997 384 3057 venditum
403 3007 470 3074 est,
493 2999 685 3080 recipiatur,
709 3009 741 3059 et
757 3000 890 3080 singulis
908 3001 1022 3059 tnansis
1038 3000 1077 3060 de
1098 3003 1173 3081 qui-

77 3073 130 3134 bus
146 3086 248 3138 terrae
261 3080 411 3141 venditae
424 3093 509 3156 sunt,
525 3091 557 3140 et
575 3082 613 3141 de
634 3081 751 3160 quibus
768 3103 882 3142 census
905 3083 1025 3142 decidit
1043 3095 1175 3166 propter

79 3177 181 3216 eorum
192 3160 481 3240 impossibilitatem
491 3163 547 3244 qui
563 3185 668 3222 mansu
679 3162 837 3224 deservire
852 3186 915 3222 nou
929 3177 1069 3244 posmnt,
1084 3167 1173 3226 resti-

79 3246 186 3310 tuatur;
203 3243 332 3304 etiuxta
344 3245 531 3324 qualitatem
539 3245 589 3304 rel
600 3246 811 3325 quantitatem
820 3255 932 3322 terme,
946 3250 994 3308 vel
1005 3249 1172 3307 vinearum

77 3321 260 3404 adsingulos
273 3347 396 3387 mansos
411 3328 654 3406 pertinentium,
671 3337 837 3408 postquam
853 3331 1018 3388 restaurati
1038 3332 1171 3405 fuerint,

78 3400 110 3458 ab
131 3425 327 3488 unoquoque
351 3430 459 3470 manso
474 3431 589 3472 census
608 3411 647 3470 ad
665 3419 787 3489 partem
806 3408 995 3470 dominicam
1015 3413 1169 3490 exigatur,

154 3485 283 3554 XXXl.
325 3493 372 3550 De
393 3491 577 3552 adventitiis
593 3492 682 3552 istius
705 3501 829 3568 terrae,
852 3494 969 3570 quaed
997 3494 1170 3554 tt'ortnnn-

81 3564 123 3626 nis
142 3569 301 3630 devastata
314 3583 369 3648 est,
391 3575 614 3634 constituimus
636 3585 671 3634 ut
684 3573 766 3634 sicut
785 3573 816 3631 in
838 3573 1013 3654 Capitulari
1031 3577 1081 3633 avi
1099 3598 1169 3636 nos-

80 3649 115 3704 tri
134 3651 245 3712 Karoli
262 3655 464 3735 Imperatoris
490 3655 649 3732 habetur,
672 3656 893 3736 unusquisque
910 3657 1023 3716 Comes
1048 3658 1086 3718 de
1109 3681 1167 3717 sno

81 3733 222 3793 comitatu
237 3744 269 3796 et
293 3739 421 3796 nomina
445 3760 574 3816 eorum,
598 3749 630 3800 et
648 3739 704 3819 qui
720 3748 794 3797 sunt
810 3759 918 3797 eornm
936 3739 1098 3815 Seniores,
1115 3741 1168 3800 dc·

82 3813 167 3872 scribi
191 3817 333 3896 faciant,
354 3830 387 3880 et
407 3819 492 3902 ipsos
518 3822 676 3898 advenas,
698 3820 755 3900 qui
777 3819 794 3878 ia
824 3820 1038 3898 temporcAri
1065 3824 1167 3882 nostri

81 3901 164 3974 atque
180 3899 198 3958 a
212 3897 354 3981 tempore
374 3901 505 3963 Domini
521 3913 553 3964 et
568 3903 670 3964 Patris
692 3900 789 3962 nostri
815 3900 846 3959 in
879 3902 1008 3961 illorum
1034 3905 1167 3963 comita-

82 3975 156 4038 libus
179 3994 401 4060 commanent,
430 3986 611 4047 seeundum
634 3983 900 4052 consuetudinem
927 4006 1008 4062 quae
1033 3984 1166 4046 illorum

82 4062 264 4139 temporibus
276 4065 359 4143 fuit,
381 4087 435 4128 eos
453 4066 496 4128 ibi
510 4089 637 4144 manere
658 4066 854 4148 permittant.
898 4065 975 4126 lllos
999 4087 1074 4126 vero
1107 4070 1164 4148 qui

81 4151 201 4230 propter
210 4148 466 4226 persecutionem
477 4152 748 4210 Nortmannorum
769 4168 874 4226 nuper
885 4148 924 4207 de
940 4148 1006 4207 istis
1021 4150 1163 4228 partibus

85 4223 192 4288 uillas
211 4237 316 4311 partes
335 4232 575 4317 confugerunt,
597 4233 829 4321 Episcoporum
847 4229 935 4294 Missi
962 4251 1035 4296 cum
1061 4232 1165 4300 Missis
