2658 4978
109 287 231 362 '142
366 309 399 364 a.
418 308 502 365 cna
606 307 850 368 csrrrunnns
961 313 1020 386 scs

154 447 281 510 denarii
305 447 494 527 reiciantur,
515 457 549 512 et
568 469 635 512 uon
658 447 722 512 uisi
743 450 824 512 meri
850 460 883 515 et
902 452 988 518 bene
1014 467 1180 541 pensantes
1199 481 1244 524 ac·

156 531 329 616 cipiantur.

236 613 296 680 lx.
339 615 381 673 Ut
403 612 452 672 illi
473 611 530 694 qui
552 633 592 672 ex
610 612 671 675 hac
695 635 789 676 causa
816 614 1055 696 providentiam
1077 618 1241 701 habebunt,

152 705 349 756 sacramento
379 695 487 754 iurent
514 695 603 775 qnod
625 696 720 758 sicut.
738 697 783 757 eis
807 719 847 758 ex
873 697 934 758 hac
956 720 1050 760 causa
1074 701 1244 766 iniunctum

150 778 262 853 fuerit,
284 787 440 858 quantum
463 777 595 838 scierint
614 787 646 836 et
668 778 852 859 potuerint,
884 780 1023 844 debeant
1043 783 1179 844 fideliter
1198 787 1244 846 ob·

151 881 291 935 servare,
315 869 348 919 et
372 861 466 918 illum
493 859 655 918 hominem
686 882 783 940 quem
804 861 937 922 scierint
964 881 1091 924 merum
1115 875 1145 925 et
1169 865 1242 927 hene

100 945 105 956 “
151 953 340 1023 pensantem
359 941 528 1000 denarium
546 941 680 1019 reicere,
704 963 768 1002 non
788 941 927 1004 debeant
939 946 1058 1022 celare,
1079 947 1134 1010 sed
1147 947 1242 1010 minis-

146 1023 207 1083 tris
229 1023 426 1104 reipublicae
449 1044 523 1083 eum
545 1023 682 1083 debeant
708 1033 820 1082 uotum
838 1026 954 1086 facere.
996 1029 1046 1087 De
1061 1049 1127 1110 quo
1148 1051 1242 1090 sacra·

150 1115 258 1165 mento
281 1107 469 1186 quicunque
492 1105 716 1185 comprobatus
735 1105 835 1166 fuerit
858 1108 1059 1188 periuratus,
1088 1119 1119 1170 et
1138 1132 1242 1172 secun-

151 1188 227 1248 dum
250 1188 355 1264 lcgem
375 1187 570 1246 mundanam
593 1196 628 1245 ut
645 1187 791 1268 periurus
810 1191 973 1269 puniatur,
994 1190 1079 1253 sicut
1101 1192 1134 1251 in
1156 1193 1241 1274 Capi-

148 1268 246 1328 tnlari
272 1269 474 1328 decessorum
498 1291 535 1330 ac
553 1267 795 1350 progenitorum
814 1280 996 1332 nostrorum
1017 1272 1196 1334 continetur
1211 1275 1240 1334 in

148 1349 213 1416 fine
238 1351 372 1430 capituli
394 1351 509 1409 decimi
534 1371 573 1411 ex
596 1351 691 1411 tertio
713 1351 806 1429 libro,
829 1361 862 1411 et
880 1355 1061 1416 secundum
1079 1355 1180 1438 legem
1194 1378 1241 1418 ec-

148 1429 360 1494 clesiasticam'
375 1433 522 1514 publicae
550 1433 767 1510 poenitentiae
789 1427 964 1514 subigatur.

230 1513 272 1578 X.
314 1515 356 1572 Ut
377 1515 415 1572 ab
437 1515 502 1594 ipsa
525 1515 623 1574 Missa
642 1515 742 1574 sancti
767 1516 899 1576 Martini
923 1511 983 1600 per
997 1539 1093 1578 omne
1117 1538 1240 1599 regnum

147 1606 303 1669 nostrum,
323 1617 388 1655 non
410 1595 470 1655 nisi
489 1596 580 1656 istius
596 1606 718 1655 nostrae
738 1618 838 1656 novae
852 1609 1000 1659 monetae
1021 1599 1103 1660 meri
1122 1609 1151 1660 ct
1166 1600 1238 1660 bene

147 1689 317 1760 pensantes
332 1677 454 1738 denarii
469 1679 676 1758 accipiantur.
697 1680 737 1738 Et
750 1679 937 1760 quicunque
954 1682 993 1740 ab
1014 1683 1070 1742 illa
1085 1682 1134 1741 die
1153 1683 1239 1742 alium

146 1759 317 1819 denarium
343 1760 526 1840 negotiandi
551 1782 644 1819 causa
660 1761 841 1840 protulerit,
863 1783 880 1820 a
900 1763 1025 1823 Comite
1048 1773 1080 1824 et
1106 1764 1239 1823 aminis·

146 1840 202 1902 tris
228 1841 296 1902 eius
317 1843 479 1902 auferatur
501 1841 539 1900 ab
561 1864 615 1912 θος
637 1841 721 1900 sicut
742 1842 775 1900 in
797 1841 880 1904 libro
898 1846 1237 1928 Capitulorumsecun-

144 1923 197 2000 do,
220 1923 345 1983 decimo
365 1933 474 1984 octavo
495 1925 634 2004 capitulo
658 1924 852 1984 continetur.

228 2004 287 2069 XI.
332 2005 422 2066 Utin
451 2006 588 2066 denariis
611 2027 713 2066 norae
737 2016 862 2068 nostrae
881 2017 1028 2068 monetae
1044 2029 1086 2068 ex
1101 2029 1231 2090 unapar-

143 2095 173 2148 te
197 2107 314 2147 nornen
341 2097 484 2147 nostrum
506 2087 659 2148 habeatnr
679 2087 711 2146 in
735 2111 811 2170 gyro
837 2099 869 2149 et
884 2091 918 2148 in
937 2090 1046 2150 medio
1066 2089 1162 2151 nostri
1184 2111 1235 2149 nc·

141 2169 238 2229 minis
260 2191 507 2250 nionogramma,
530 2189 570 2230 ex
596 2169 696 2230 altero
721 2180 810 2252 parte
836 2193 953 2232 nomen
983 2172 1139 2244 civitatis3
1160 2183 1190 2233 et
1205 2171 1233 2230 in

142 2251 248 2311 medio
272 2274 352 2312 crux
373 2251 535 2312 habeatnr.

214 2331 301 2399 ΧΗ.
346 2335 525 2415 Sequentes
554 2335 820 2395 consuetudinem
853 2335 1137 2415 praedecessorum
1172 2355 1233 2394 nos·

139 2424 279 2490 trorum,
313 2415 399 2477 sicut
419 2416 452 2474 in
475 2417 606 2475 illorum
633 2419 791 2497 Capitulis
815 2418 997 2496 invenitur,
1019 2418 1230 2478 constituimus

140 2497 219 2558 utin
241 2499 332 2558 nullo
350 2501 421 2558 loco
433 2498 496 2558 alio
514 2493 552 2556 in'
566 2498 654 2557 omni
669 2521 769 2580 regno
783 2511 890 2559 nostro
905 2511 1033 2562 monela
1054 2502 1117 2577 liat,
1132 2499 1188 2560 nisi
1201 2499 1229 2556 in

138 2579 258 2662 palatio
282 2591 400 2655 nostro,
424 2581 501 2639 etin
525 2581 729 2657 Quentovico
755 2602 791 2640 ac
824 2583 1016 2663 Rotomago,
1048 2587 1150 2664 (quae
1171 2588 1241 2640 mo-'

139 2672 213 2720 neta
236 2662 276 2721 ad
299 2663 539 2739 Quentovicnm
557 2683 597 2721 ex
616 2664 747 2746 antiqua
763 2665 999 2724 consuetudine
1027 2665 1182 2746 pertinet)
1203 2668 1229 2721 et

139 2744 172 2802 in
195 2744 312 2818 Remis,
336 2755 368 2804 et
385 2743 418 2802 in
443 2744 590 2818 Senonis,
614 2746 698 2806 etin
721 2745 860 2820 Parisio,
883 2754 915 2805 et
935 2745 969 2804 in
992 2745 1182 2821 Aurelianis,
1202 2751 1229 2803 et

138 2825 172 2885 in
197 2827 384 2900 Cauillono,
417 2826 501 2884 etin
525 2828 672 2904 Metello,
695 2827 781 2888 etin
803 2827 960 2886 Narbona.
1112 2884 1116 2892 ,

220 2907 317 2970 ΧΙιΙ.
360 2911 402 2967 Ut
420 2907 454 2965 hi
478 2909 662 2988 inquorum
683 2917 836 2988 potestate
852 2909 1003 2992 deinceps
1026 2917 1151 2972 moneta
1163 2928 1228 2990 per-

137 2991 301 3065 manserit,
325 2990 411 3048 omni
433 2989 532 3070 gratia
553 2999 584 3049 et
607 2992 781 3072 cupiditate
805 3011 862 3050 sen
883 2990 975 3052 lucro
994 2994 1176 3076 postposito,
1195 2989 1227 3048 fi-

136 3073 225 3132 deles
240 3073 440 3132 monetarios
467 3072 597 3153 eligant,
620 3073 703 3133 sicut
725 3071 785 3132 Dei
804 3081 836 3131 ct
863 3083 1001 3134 nostram
1023 3078 1150 3157 gratiam
1176 3089 1229 3132 rod

137 3155 212 3212 lunt
231 3153 359 3212 habere.
402 3156 443 3213 Et
462 3153 522 3233 ipsi
548 3155 718 3214 monetarii
749 3155 858 3212 iurent
887 3156 974 3234 qnod
1000 3157 1105 3238 ipsum
1131 3153 1225 3214 minis·

135 3236 266 3308 terium,
314 3245 446 3294 uantum
463 3236 596 3296 scierint
618 3247 648 3295 et
666 3235 841 3318 potuerint,
864 3237 1005 3299 fideliter
1028 3240 1153 3302 saciant.
1189 3235 1225 3294 Et

135 3316 272 3376 mixtum
289 3257 474 3393 ilenarinm,
503 3329 535 3378 et
557 3319 662 3378 minus
692 3340 787 3398 quam
816 3318 910 3379 debet
935 3331 1140 3400 pensantem,
1167 3335 1222 3376 non

135 3408 303 3460 monetent
323 3419 382 3458 nec
404 3401 561 3460 monetari
582 3400 795 3464 consentiant.
835 3403 878 3462 Et
895 3399 964 3461 sine
989 3403 1058 3473 ulla
1075 3400 1181 3461 fraude
1197 3404 1223 3456 et

134 3483 253 3561 absque
279 3480 362 3539 malo
390 3483 532 3562 ingenio,
556 3492 665 3542 contra
687 3505 740 3543 eos
762 3503 900 3561 quorum
918 3494 1086 3564 argentum
1105 3485 1141 3550 ad
1160 3500 1222 3562 pur·

134 3566 273 3647 gisandum
294 3565 488 3644 acceperint,
510 3565 615 3646 ipsum
636 3572 803 3646 argentum
821 3574 998 3642 exmerent,
1020 3576 1052 3625 et
1067 3567 1134 3626 sine
1150 3565 1222 3622 frau-

133 3649 172 3708 de
194 3657 257 3706 tam
275 3645 308 3704 in
329 3668 428 3726 pensa
453 3669 548 3727 qnam
569 3648 602 3706 in
622 3647 812 3729 purgatione
835 3646 983 3708 denarios
1003 3646 1220 3708 concambient.

132 3731 252 3788 Contra
282 3729 368 3806 quod
388 3740 620 3788 sacramentum
638 3730 663 3789 si
691 3729 828 3810 quilibet
851 3728 965 3788 fecisse
986 3740 1148 3810 reputatus
1162 3728 1220 3786 lue·

131 3811 184 3886 rit,
209 3810 328 3868 iudicio
350 3811 411 3870 Dei
424 3833 457 3870 se
476 3812 654 3871 examinem
677 3822 708 3872 et
720 3811 801 3870 sicut
817 3820 928 3870 contra
941 3809 1003 3872 hoc
1020 3813 1129 3872 fecisse
1147 3825 1218 3868 com·

129 3893 280 3976 probatus
301 3891 419 3966 fuerit,
442 3893 517 3972 qnia
543 3916 606 3952 non
634 3893 786 3952 maiorem
801 3891 946 3952 fraudem
958 3893 1034 3954 facit
1055 3895 1080 3954 si
1100 3891 1218 3952 mixtum

131 3974 298 4036 denarium
333 3983 364 4032 et
398 3974 502 4034 minus
528 3997 623 4056 quam
649 3975 761 4034 debeat
788 3984 975 4056 pensantem
1002 3969 1216 4043 monetaverit,

130 4081 225 4139 quam
250 4057 276 4116 si
301 4056 332 4115 in
357 4058 546 4138 purgatione
568 4069 599 4116 et
621 4057 807 4116 concambio
828 4055 952 4137 argenti
974 4079 1033 4137 per
1051 4058 1162 4118 malum
1177 4051 1216 4111 iu·

129 4141 261 4224 genium
278 4139 422 4199 fraudem
442 4140 480 4199 dc
498 4148 629 4221 argento
644 4139 842 4220 reipublicae
863 4147 895 4197 et
914 4139 952 4198 de
971 4150 1101 4222 argento
1121 4153 1215 4198 rerum

129 4221 427 4302 ecclesiasticarum,
448 4231 481 4284 ct
496 4221 535 4288 de
550 4221 704 4302 facultate¹
713 4241 894 4308 pauperum
906 4221 1031 4302 fecerit,
1053 4228 1132 4313 sicut
1147 4239 1213 4283 con-
