<?xml version="1.0" encoding="UTF-8"?>
<!DOCTYPE html PUBLIC "-//W3C//DTD XHTML 1.0 Transitional//EN"
    "http://www.w3.org/TR/xhtml1/DTD/xhtml1-transitional.dtd">
<html xmlns="http://www.w3.org/1999/xhtml" xml:lang="en" lang="en">
 <head>
  <title>
</title>
<meta http-equiv="Content-Type" content="text/html;charset=utf-8" />
  <meta name='ocr-system' content='tesseract 3.04.00' />
  <meta name='ocr-capabilities' content='ocr_page ocr_carea ocr_par ocr_line ocrx_word'/>
</head>
<body>
  <div class='ocr_page' id='page_1' title='image "./corpusiurisgerm01visigoog_0181.png"; bbox 0 0 2658 4978; ppageno 0'>
   <div class='ocr_carea' id='block_1_1' title="bbox 994 227 1002 262">
    <p class='ocr_par' dir='ltr' id='par_1_1' title="bbox 994 227 1002 262">
     <span class='ocr_line' id='line_1_1' title="bbox 994 227 1002 262; baseline 0 0"><span class='ocrx_word' id='word_1_1' title='bbox 994 227 1002 262; x_wconf 82' lang='lat' dir='ltr'><strong>t</strong></span> 
     </span>
    </p>
   </div>
   <div class='ocr_carea' id='block_1_2' title="bbox 182 325 1044 461">
    <p class='ocr_par' dir='ltr' id='par_1_2' title="bbox 182 325 1044 461">
     <span class='ocr_line' id='line_1_2' title="bbox 182 325 1044 461; baseline 0.015 -41"><span class='ocrx_word' id='word_1_2' title='bbox 182 347 253 426; x_wconf 79' lang='lat'><strong>170</strong></span> <span class='ocrx_word' id='word_1_3' title='bbox 388 372 419 440; x_wconf 79' lang='lat' dir='ltr'><strong>s.</strong></span> <span class='ocrx_word' id='word_1_4' title='bbox 439 369 522 428; x_wconf 78' lang='lat' dir='ltr'><strong>crin.</strong></span> <span class='ocrx_word' id='word_1_5' title='bbox 599 325 910 446; x_wconf 43' lang='lat' dir='ltr'><strong>¹,cirismatis</strong></span> <span class='ocrx_word' id='word_1_6' title='bbox 981 371 1044 461; x_wconf 63' lang='lat' dir='ltr'><strong>aaa</strong></span> 
     </span>
    </p>
   </div>
   <div class='ocr_carea' id='block_1_3' title="bbox 168 505 1279 4291">
    <p class='ocr_par' dir='ltr' id='par_1_3' title="bbox 170 505 1279 2726">
     <span class='ocr_line' id='line_1_3' title="bbox 181 505 1270 592; baseline 0.007 -22"><span class='ocrx_word' id='word_1_7' title='bbox 181 527 247 570; x_wconf 87' lang='lat' dir='ltr'><strong>snas</strong></span> <span class='ocrx_word' id='word_1_8' title='bbox 269 507 410 592; x_wconf 75' lang='lat' dir='ltr'>antiquis</span> <span class='ocrx_word' id='word_1_9' title='bbox 429 505 584 574; x_wconf 80' lang='lat' dir='ltr'><strong>Ecclesiis</strong></span> <span class='ocrx_word' id='word_1_10' title='bbox 607 519 753 586; x_wconf 56' lang='lat' dir='ltr'><strong>sennenn</strong></span> <span class='ocrx_word' id='word_1_11' title='bbox 776 519 809 576; x_wconf 89' lang='lat' dir='ltr'><strong>et</strong></span> <span class='ocrx_word' id='word_1_12' title='bbox 822 510 974 576; x_wconf 79' lang='lat' dir='ltr'><strong>seniores</strong></span> <span class='ocrx_word' id='word_1_13' title='bbox 990 510 1217 576; x_wconf 80' lang='lat' dir='ltr'><strong>immunitatem</strong></span> <span class='ocrx_word' id='word_1_14' title='bbox 1231 513 1270 585; x_wconf 71' lang='lat' dir='ltr'><strong>da,</strong></span> 
     </span>
     <span class='ocr_line' id='line_1_4' title="bbox 178 593 1267 661; baseline 0.007 -9"><span class='ocrx_word' id='word_1_15' title='bbox 178 610 287 652; x_wconf 87' lang='lat' dir='ltr'><strong>mauso</strong></span> <span class='ocrx_word' id='word_1_16' title='bbox 311 593 351 654; x_wconf 89' lang='lat' dir='ltr'><strong>ad</strong></span> <span class='ocrx_word' id='word_1_17' title='bbox 364 593 543 654; x_wconf 89' lang='lat' dir='ltr'><strong>Ecclesiam</strong></span> <span class='ocrx_word' id='word_1_18' title='bbox 559 595 632 657; x_wconf 85' lang='lat' dir='ltr'><strong>dato</strong></span> <span class='ocrx_word' id='word_1_19' title='bbox 648 606 856 656; x_wconf 81' lang='lat' dir='ltr'><strong>conservent:</strong></span> <span class='ocrx_word' id='word_1_20' title='bbox 879 606 912 658; x_wconf 88' lang='lat' dir='ltr'><strong>et</strong></span> <span class='ocrx_word' id='word_1_21' title='bbox 925 616 991 656; x_wconf 90' lang='lat' dir='ltr'><strong>uon</strong></span> <span class='ocrx_word' id='word_1_22' title='bbox 1005 594 1076 656; x_wconf 89' lang='lat' dir='ltr'><strong>sine</strong></span> <span class='ocrx_word' id='word_1_23' title='bbox 1093 598 1267 661; x_wconf 84' lang='lat' dir='ltr'><strong>auctoritate</strong></span> 
     </span>
     <span class='ocr_line' id='line_1_5' title="bbox 177 672 1267 761; baseline 0.007 -29"><span class='ocrx_word' id='word_1_24' title='bbox 177 672 230 734; x_wconf 79' lang='lat' dir='ltr'><strong>val</strong></span> <span class='ocrx_word' id='word_1_25' title='bbox 250 693 409 734; x_wconf 89' lang='lat' dir='ltr'><strong>consensu</strong></span> <span class='ocrx_word' id='word_1_26' title='bbox 428 673 681 759; x_wconf 87' lang='lat' dir='ltr'><strong>Episcoporum,</strong></span> <span class='ocrx_word' id='word_1_27' title='bbox 703 678 885 761; x_wconf 81' lang='lat' dir='ltr'>Presbyteri</span> <span class='ocrx_word' id='word_1_28' title='bbox 906 678 941 737; x_wconf 88' lang='lat' dir='ltr'><strong>in</strong></span> <span class='ocrx_word' id='word_1_29' title='bbox 955 677 1155 759; x_wconf 86' lang='lat' dir='ltr'>quibuslibet</span> <span class='ocrx_word' id='word_1_30' title='bbox 1169 679 1267 741; x_wconf 67' lang='lat' dir='ltr'><strong>Eccla</strong></span> 
     </span>
     <span class='ocr_line' id='line_1_6' title="bbox 174 755 1279 841; baseline 0.005 -29"><span class='ocrx_word' id='word_1_31' title='bbox 174 755 231 822; x_wconf 65' lang='lat' dir='ltr'><strong>,siis</strong></span> <span class='ocrx_word' id='word_1_32' title='bbox 255 755 492 817; x_wconf 79' lang='lat' dir='ltr'><strong>constituantur</strong></span> <span class='ocrx_word' id='word_1_33' title='bbox 518 760 571 819; x_wconf 81' lang='lat' dir='ltr'><strong>rel</strong></span> <span class='ocrx_word' id='word_1_34' title='bbox 586 759 812 841; x_wconf 78' lang='lat' dir='ltr'><strong>expellantur,</strong></span> <span class='ocrx_word' id='word_1_35' title='bbox 835 761 919 822; x_wconf 88' lang='lat' dir='ltr'><strong>sicut</strong></span> <span class='ocrx_word' id='word_1_36' title='bbox 941 756 975 818; x_wconf 90' lang='lat' dir='ltr'><strong>in</strong></span> <span class='ocrx_word' id='word_1_37' title='bbox 991 758 1097 840; x_wconf 87' lang='lat' dir='ltr'><strong>primo</strong></span> <span class='ocrx_word' id='word_1_38' title='bbox 1112 759 1193 822; x_wconf 88' lang='lat' dir='ltr'><strong>libro</strong></span> <span class='ocrx_word' id='word_1_39' title='bbox 1215 765 1279 823; x_wconf 50' lang='lat' dir='ltr'><strong>Cas</strong></span> 
     </span>
     <span class='ocr_line' id='line_1_7' title="bbox 176 838 1268 924; baseline 0.005 -26"><span class='ocrx_word' id='word_1_40' title='bbox 176 838 353 923; x_wconf 83' lang='lat' dir='ltr'><strong>pilularum</strong></span> <span class='ocrx_word' id='word_1_41' title='bbox 370 839 423 900; x_wconf 86' lang='lat' dir='ltr'><strong>avi</strong></span> <span class='ocrx_word' id='word_1_42' title='bbox 439 846 471 899; x_wconf 87' lang='lat' dir='ltr'><strong>et</strong></span> <span class='ocrx_word' id='word_1_43' title='bbox 488 841 586 922; x_wconf 78' lang='lat' dir='ltr'><strong>patris</strong></span> <span class='ocrx_word' id='word_1_44' title='bbox 610 842 730 918; x_wconf 82' lang='lat' dir='ltr'><strong>nostri,</strong></span> <span class='ocrx_word' id='word_1_45' title='bbox 762 852 795 903; x_wconf 87' lang='lat' dir='ltr'><strong>et</strong></span> <span class='ocrx_word' id='word_1_46' title='bbox 820 842 904 903; x_wconf 91' lang='lat' dir='ltr'><strong>sicut</strong></span> <span class='ocrx_word' id='word_1_47' title='bbox 933 841 967 901; x_wconf 91' lang='lat' dir='ltr'><strong>in</strong></span> <span class='ocrx_word' id='word_1_48' title='bbox 994 841 1152 923; x_wconf 90' lang='lat' dir='ltr'><strong>Capitulis</strong></span> <span class='ocrx_word' id='word_1_49' title='bbox 1183 845 1268 924; x_wconf 89' lang='lat' dir='ltr'><strong>patris</strong></span> 
     </span>
     <span class='ocr_line' id='line_1_8' title="bbox 178 919 1269 1004; baseline 0.004 -22"><span class='ocrx_word' id='word_1_50' title='bbox 178 919 298 995; x_wconf 87' lang='lat' dir='ltr'><strong>nostri,</strong></span> <span class='ocrx_word' id='word_1_51' title='bbox 338 941 493 983; x_wconf 83' lang='lat' dir='ltr'><strong>annoxvr</strong></span> <span class='ocrx_word' id='word_1_52' title='bbox 522 922 649 1004; x_wconf 88' lang='lat' dir='ltr'><strong>imperii</strong></span> <span class='ocrx_word' id='word_1_53' title='bbox 683 923 752 984; x_wconf 90' lang='lat' dir='ltr'><strong>eius</strong></span> <span class='ocrx_word' id='word_1_54' title='bbox 780 926 893 1001; x_wconf 89' lang='lat' dir='ltr'><strong>factis,</strong></span> <span class='ocrx_word' id='word_1_55' title='bbox 922 923 1122 990; x_wconf 85' lang='lat' dir='ltr'><strong>continetur.</strong></span> <span class='ocrx_word' id='word_1_56' title='bbox 1160 925 1201 986; x_wconf 89' lang='lat' dir='ltr'><strong>Et</strong></span> <span class='ocrx_word' id='word_1_57' title='bbox 1218 926 1269 986; x_wconf 85' lang='lat' dir='ltr'><strong>Sa·</strong></span> 
     </span>
     <span class='ocr_line' id='line_1_9' title="bbox 178 1001 1266 1088; baseline 0.002 -24"><span class='ocrx_word' id='word_1_58' title='bbox 178 1001 323 1064; x_wconf 87' lang='lat' dir='ltr'><strong>nioribus</strong></span> <span class='ocrx_word' id='word_1_59' title='bbox 338 1002 603 1086; x_wconf 80' lang='lat' dir='ltr'><strong>Presbyterorum</strong></span> <span class='ocrx_word' id='word_1_60' title='bbox 619 1004 682 1065; x_wconf 91' lang='lat' dir='ltr'><strong>hoe</strong></span> <span class='ocrx_word' id='word_1_61' title='bbox 702 1005 854 1085; x_wconf 83' lang='lat' dir='ltr'><strong>sufficiat,</strong></span> <span class='ocrx_word' id='word_1_62' title='bbox 878 1015 910 1067; x_wconf 90' lang='lat' dir='ltr'><strong>et</strong></span> <span class='ocrx_word' id='word_1_63' title='bbox 938 1006 1077 1087; x_wconf 91' lang='lat' dir='ltr'><strong>amplius</strong></span> <span class='ocrx_word' id='word_1_64' title='bbox 1108 1027 1167 1088; x_wconf 88' lang='lat' dir='ltr'><strong>per</strong></span> <span class='ocrx_word' id='word_1_65' title='bbox 1186 1008 1266 1087; x_wconf 81' lang='lat' dir='ltr'><strong>inge·</strong></span> 
     </span>
     <span class='ocr_line' id='line_1_10' title="bbox 176 1083 1268 1170; baseline 0.001 -25"><span class='ocrx_word' id='word_1_66' title='bbox 176 1084 283 1146; x_wconf 84' lang='lat' dir='ltr'><strong>niosas</strong></span> <span class='ocrx_word' id='word_1_67' title='bbox 303 1083 556 1149; x_wconf 79' lang='lat' dir='ltr'><strong>machinationes</strong></span> <span class='ocrx_word' id='word_1_68' title='bbox 579 1089 595 1148; x_wconf 78' lang='lat' dir='ltr'><strong>ia</strong></span> <span class='ocrx_word' id='word_1_69' title='bbox 609 1087 806 1170; x_wconf 87' lang='lat' dir='ltr'><strong>Presbyteris</strong></span> <span class='ocrx_word' id='word_1_70' title='bbox 827 1111 890 1150; x_wconf 90' lang='lat' dir='ltr'><strong>non</strong></span> <span class='ocrx_word' id='word_1_71' title='bbox 917 1089 1051 1169; x_wconf 83' lang='lat' dir='ltr'><strong>exigant</strong></span> <span class='ocrx_word' id='word_1_72' title='bbox 1078 1089 1133 1148; x_wconf 84' lang='lat' dir='ltr'><strong>vcl</strong></span> <span class='ocrx_word' id='word_1_73' title='bbox 1165 1087 1268 1170; x_wconf 83' lang='lat' dir='ltr'><strong>exqui-</strong></span> 
     </span>
     <span class='ocr_line' id='line_1_11' title="bbox 176 1165 1265 1250; baseline 0 -20"><span class='ocrx_word' id='word_1_74' title='bbox 176 1175 271 1243; x_wconf 83' lang='lat' dir='ltr'><strong>rant,</strong></span> <span class='ocrx_word' id='word_1_75' title='bbox 293 1165 353 1226; x_wconf 90' lang='lat' dir='ltr'><strong>nisi</strong></span> <span class='ocrx_word' id='word_1_76' title='bbox 370 1167 453 1228; x_wconf 89' lang='lat' dir='ltr'><strong>sicut</strong></span> <span class='ocrx_word' id='word_1_77' title='bbox 471 1167 503 1226; x_wconf 93' lang='lat' dir='ltr'><strong>in</strong></span> <span class='ocrx_word' id='word_1_78' title='bbox 522 1169 643 1230; x_wconf 88' lang='lat' dir='ltr'><strong>eisdem</strong></span> <span class='ocrx_word' id='word_1_79' title='bbox 661 1170 819 1249; x_wconf 87' lang='lat' dir='ltr'><strong>Capitulis</strong></span> <span class='ocrx_word' id='word_1_80' title='bbox 843 1171 891 1230; x_wconf 88' lang='lat' dir='ltr'><strong>avi</strong></span> <span class='ocrx_word' id='word_1_81' title='bbox 917 1180 950 1231; x_wconf 88' lang='lat' dir='ltr'><strong>et</strong></span> <span class='ocrx_word' id='word_1_82' title='bbox 976 1169 1078 1250; x_wconf 89' lang='lat' dir='ltr'><strong>patris</strong></span> <span class='ocrx_word' id='word_1_83' title='bbox 1111 1170 1209 1231; x_wconf 85' lang='lat' dir='ltr'><strong>nostri</strong></span> <span class='ocrx_word' id='word_1_84' title='bbox 1235 1192 1265 1230; x_wconf 90' lang='lat' dir='ltr'><strong>ac</strong></span> 
     </span>
     <span class='ocr_line' id='line_1_12' title="bbox 178 1248 1267 1334; baseline 0.003 -26"><span class='ocrx_word' id='word_1_85' title='bbox 178 1248 297 1309; x_wconf 89' lang='lat' dir='ltr'><strong>nostris</strong></span> <span class='ocrx_word' id='word_1_86' title='bbox 318 1258 367 1310; x_wconf 83' lang='lat' dir='ltr'><strong>est</strong></span> <span class='ocrx_word' id='word_1_87' title='bbox 386 1250 612 1328; x_wconf 85' lang='lat' dir='ltr'><strong>coustitutum,</strong></span> <span class='ocrx_word' id='word_1_88' title='bbox 642 1272 683 1311; x_wconf 92' lang='lat' dir='ltr'><strong>ne</strong></span> <span class='ocrx_word' id='word_1_89' title='bbox 711 1254 817 1312; x_wconf 89' lang='lat' dir='ltr'><strong>Deum</strong></span> <span class='ocrx_word' id='word_1_90' title='bbox 842 1252 1023 1327; x_wconf 81' lang='lat' dir='ltr'><strong>offendant,</strong></span> <span class='ocrx_word' id='word_1_91' title='bbox 1047 1261 1081 1312; x_wconf 89' lang='lat' dir='ltr'><strong>et</strong></span> <span class='ocrx_word' id='word_1_92' title='bbox 1107 1273 1165 1334; x_wconf 91' lang='lat' dir='ltr'><strong>pro</strong></span> <span class='ocrx_word' id='word_1_93' title='bbox 1186 1253 1267 1312; x_wconf 88' lang='lat' dir='ltr'><strong>lucro</strong></span> 
     </span>
     <span class='ocr_line' id='line_1_13' title="bbox 175 1331 1267 1416; baseline 0.001 -24"><span class='ocrx_word' id='word_1_94' title='bbox 175 1340 327 1406; x_wconf 84' lang='lat' dir='ltr'><strong>terreno,</strong></span> <span class='ocrx_word' id='word_1_95' title='bbox 347 1331 436 1412; x_wconf 90' lang='lat' dir='ltr'><strong>quod</strong></span> <span class='ocrx_word' id='word_1_96' title='bbox 448 1331 552 1410; x_wconf 89' lang='lat' dir='ltr'><strong>absit,</strong></span> <span class='ocrx_word' id='word_1_97' title='bbox 573 1355 644 1393; x_wconf 89' lang='lat' dir='ltr'><strong>snas</strong></span> <span class='ocrx_word' id='word_1_98' title='bbox 660 1333 779 1394; x_wconf 89' lang='lat' dir='ltr'><strong>animas</strong></span> <span class='ocrx_word' id='word_1_99' title='bbox 796 1335 950 1416; x_wconf 87' lang='lat' dir='ltr'><strong>perdant,</strong></span> <span class='ocrx_word' id='word_1_100' title='bbox 973 1343 1005 1394; x_wconf 85' lang='lat' dir='ltr'><strong>et</strong></span> <span class='ocrx_word' id='word_1_101' title='bbox 1027 1343 1168 1394; x_wconf 84' lang='lat' dir='ltr'><strong>nostram</strong></span> <span class='ocrx_word' id='word_1_102' title='bbox 1183 1334 1267 1394; x_wconf 86' lang='lat' dir='ltr'><strong>allen·</strong></span> 
     </span>
     <span class='ocr_line' id='line_1_14' title="bbox 176 1411 1267 1499; baseline -0.002 -23"><span class='ocrx_word' id='word_1_103' title='bbox 176 1435 242 1476; x_wconf 84' lang='lat' dir='ltr'><strong>sam</strong></span> <span class='ocrx_word' id='word_1_104' title='bbox 254 1411 433 1491; x_wconf 89' lang='lat' dir='ltr'><strong>incurrant,</strong></span> <span class='ocrx_word' id='word_1_105' title='bbox 447 1436 484 1474; x_wconf 86' lang='lat' dir='ltr'><strong>ae</strong></span> <span class='ocrx_word' id='word_1_106' title='bbox 495 1426 565 1495; x_wconf 90' lang='lat' dir='ltr'><strong>post</strong></span> <span class='ocrx_word' id='word_1_107' title='bbox 575 1415 713 1476; x_wconf 84' lang='lat' dir='ltr'><strong>debitam</strong></span> <span class='ocrx_word' id='word_1_108' title='bbox 727 1416 986 1477; x_wconf 86' lang='lat' dir='ltr'><strong>emendationem</strong></span> <span class='ocrx_word' id='word_1_109' title='bbox 1002 1416 1135 1499; x_wconf 83' lang='lat' dir='ltr'><strong>dignam</strong></span> <span class='ocrx_word' id='word_1_110' title='bbox 1147 1415 1267 1476; x_wconf 88' lang='lat' dir='ltr'><strong>harmis·</strong></span> 
     </span>
     <span class='ocr_line' id='line_1_15' title="bbox 177 1494 1267 1580; baseline 0.002 -24"><span class='ocrx_word' id='word_1_111' title='bbox 177 1495 312 1556; x_wconf 81' lang='lat' dir='ltr'><strong>caramal</strong></span> <span class='ocrx_word' id='word_1_112' title='bbox 334 1494 425 1556; x_wconf 87' lang='lat' dir='ltr'><strong>nobis</strong></span> <span class='ocrx_word' id='word_1_113' title='bbox 447 1496 628 1579; x_wconf 87' lang='lat' dir='ltr'><strong>dispositum</strong></span> <span class='ocrx_word' id='word_1_114' title='bbox 648 1497 835 1564; x_wconf 83' lang='lat' dir='ltr'><strong>sustineant.</strong></span> <span class='ocrx_word' id='word_1_115' title='bbox 856 1499 897 1558; x_wconf 85' lang='lat' dir='ltr'><strong>Et</strong></span> <span class='ocrx_word' id='word_1_116' title='bbox 917 1495 1072 1580; x_wconf 84' lang='lat' dir='ltr'><strong>Episcopi</strong></span> <span class='ocrx_word' id='word_1_117' title='bbox 1092 1507 1156 1559; x_wconf 83' lang='lat' dir='ltr'><strong>tam</strong></span> <span class='ocrx_word' id='word_1_118' title='bbox 1170 1497 1267 1560; x_wconf 86' lang='lat' dir='ltr'><strong>Senia·</strong></span> 
     </span>
     <span class='ocr_line' id='line_1_16' title="bbox 174 1577 1267 1663; baseline -0.001 -26"><span class='ocrx_word' id='word_1_119' title='bbox 174 1597 226 1644; x_wconf 81' lang='lat' dir='ltr'><strong>res</strong></span> <span class='ocrx_word' id='word_1_120' title='bbox 240 1577 504 1660; x_wconf 85' lang='lat' dir='ltr'><strong>Presbyterorum</strong></span> <span class='ocrx_word' id='word_1_121' title='bbox 522 1602 617 1662; x_wconf 90' lang='lat' dir='ltr'><strong>quam</strong></span> <span class='ocrx_word' id='word_1_122' title='bbox 639 1579 865 1660; x_wconf 85' lang='lat' dir='ltr'><strong>Presbyteros‚</strong></span> <span class='ocrx_word' id='word_1_123' title='bbox 896 1581 953 1640; x_wconf 88' lang='lat' dir='ltr'><strong>sed</strong></span> <span class='ocrx_word' id='word_1_124' title='bbox 977 1591 1010 1641; x_wconf 89' lang='lat' dir='ltr'><strong>et</strong></span> <span class='ocrx_word' id='word_1_125' title='bbox 1033 1580 1156 1663; x_wconf 87' lang='lat' dir='ltr'><strong>seipsos</strong></span> <span class='ocrx_word' id='word_1_126' title='bbox 1176 1589 1267 1641; x_wconf 87' lang='lat' dir='ltr'><strong>custo·</strong></span> 
     </span>
     <span class='ocr_line' id='line_1_17' title="bbox 175 1658 1265 1744; baseline -0.004 -22"><span class='ocrx_word' id='word_1_127' title='bbox 175 1658 267 1722; x_wconf 88' lang='lat' dir='ltr'><strong>diant</strong></span> <span class='ocrx_word' id='word_1_128' title='bbox 280 1681 319 1718; x_wconf 90' lang='lat' dir='ltr'><strong>ne</strong></span> <span class='ocrx_word' id='word_1_129' title='bbox 340 1659 414 1720; x_wconf 87' lang='lat' dir='ltr'><strong>laici</strong></span> <span class='ocrx_word' id='word_1_130' title='bbox 437 1683 497 1741; x_wconf 85' lang='lat' dir='ltr'><strong>per</strong></span> <span class='ocrx_word' id='word_1_131' title='bbox 515 1661 746 1742; x_wconf 80' lang='lat' dir='ltr'><strong>ignorantiam,</strong></span> <span class='ocrx_word' id='word_1_132' title='bbox 769 1670 801 1721; x_wconf 93' lang='lat' dir='ltr'><strong>et</strong></span> <span class='ocrx_word' id='word_1_133' title='bbox 818 1661 1002 1744; x_wconf 86' lang='lat' dir='ltr'><strong>Presbyteri</strong></span> <span class='ocrx_word' id='word_1_134' title='bbox 1019 1683 1082 1744; x_wconf 90' lang='lat' dir='ltr'><strong>per</strong></span> <span class='ocrx_word' id='word_1_135' title='bbox 1108 1661 1265 1722; x_wconf 88' lang='lat' dir='ltr'><strong>necessita·</strong></span> 
     </span>
     <span class='ocr_line' id='line_1_18' title="bbox 175 1741 1264 1826; baseline -0.001 -24"><span class='ocrx_word' id='word_1_136' title='bbox 175 1750 257 1814; x_wconf 88' lang='lat' dir='ltr'><strong>tem,</strong></span> <span class='ocrx_word' id='word_1_137' title='bbox 280 1749 312 1801; x_wconf 91' lang='lat' dir='ltr'><strong>et</strong></span> <span class='ocrx_word' id='word_1_138' title='bbox 336 1741 395 1824; x_wconf 87' lang='lat' dir='ltr'><strong>ipsi</strong></span> <span class='ocrx_word' id='word_1_139' title='bbox 411 1743 561 1824; x_wconf 85' lang='lat' dir='ltr'><strong>Episcopi</strong></span> <span class='ocrx_word' id='word_1_140' title='bbox 582 1743 632 1804; x_wconf 87' lang='lat' dir='ltr'><strong>vel</strong></span> <span class='ocrx_word' id='word_1_141' title='bbox 647 1743 785 1804; x_wconf 89' lang='lat' dir='ltr'><strong>ministri</strong></span> <span class='ocrx_word' id='word_1_142' title='bbox 805 1765 915 1804; x_wconf 91' lang='lat' dir='ltr'><strong>eorum</strong></span> <span class='ocrx_word' id='word_1_143' title='bbox 933 1766 993 1826; x_wconf 89' lang='lat' dir='ltr'><strong>per</strong></span> <span class='ocrx_word' id='word_1_144' title='bbox 1015 1743 1222 1826; x_wconf 87' lang='lat' dir='ltr'><strong>cupiditatem</strong></span> <span class='ocrx_word' id='word_1_145' title='bbox 1238 1749 1264 1801; x_wconf 88' lang='lat' dir='ltr'><strong>et</strong></span> 
     </span>
     <span class='ocr_line' id='line_1_19' title="bbox 174 1822 1263 1908; baseline -0.002 -24"><span class='ocrx_word' id='word_1_146' title='bbox 174 1822 352 1899; x_wconf 80' lang='lat' dir='ltr'><strong>avaritiam,</strong></span> <span class='ocrx_word' id='word_1_147' title='bbox 375 1827 462 1903; x_wconf 84' lang='lat' dir='ltr'><strong>quod</strong></span> <span class='ocrx_word' id='word_1_148' title='bbox 479 1826 569 1902; x_wconf 87' lang='lat' dir='ltr'><strong>absit,</strong></span> <span class='ocrx_word' id='word_1_149' title='bbox 594 1827 625 1883; x_wconf 91' lang='lat' dir='ltr'><strong>in</strong></span> <span class='ocrx_word' id='word_1_150' title='bbox 642 1825 1016 1888; x_wconf 87' lang='lat' dir='ltr'><strong>simoniacumhaeresim</strong></span> <span class='ocrx_word' id='word_1_151' title='bbox 1033 1826 1169 1896; x_wconf 90' lang='lat' dir='ltr'><strong>cadant;</strong></span> <span class='ocrx_word' id='word_1_152' title='bbox 1189 1823 1263 1908; x_wconf 88' lang='lat' dir='ltr'><strong>quia,</strong></span> 
     </span>
     <span class='ocr_line' id='line_1_20' title="bbox 175 1905 1265 1992; baseline 0 -25"><span class='ocrx_word' id='word_1_153' title='bbox 175 1915 211 1967; x_wconf 87' lang='lat' dir='ltr'><strong>ut</strong></span> <span class='ocrx_word' id='word_1_154' title='bbox 230 1913 357 1966; x_wconf 86' lang='lat' dir='ltr'><strong>sauctus</strong></span> <span class='ocrx_word' id='word_1_155' title='bbox 374 1909 548 1988; x_wconf 75' lang='lat' dir='ltr'><strong>Gregorius</strong></span> <span class='ocrx_word' id='word_1_156' title='bbox 575 1907 671 1984; x_wconf 89' lang='lat' dir='ltr'><strong>dicit,</strong></span> <span class='ocrx_word' id='word_1_157' title='bbox 694 1905 751 1988; x_wconf 89' lang='lat' dir='ltr'><strong>qui</strong></span> <span class='ocrx_word' id='word_1_158' title='bbox 770 1908 912 1988; x_wconf 88' lang='lat' dir='ltr'><strong>praemio</strong></span> <span class='ocrx_word' id='word_1_159' title='bbox 932 1911 983 1970; x_wconf 81' lang='lat' dir='ltr'><strong>vel</strong></span> <span class='ocrx_word' id='word_1_160' title='bbox 1002 1908 1123 1992; x_wconf 83' lang='lat' dir='ltr'><strong>gratia,</strong></span> <span class='ocrx_word' id='word_1_161' title='bbox 1145 1917 1265 1988; x_wconf 86' lang='lat' dir='ltr'><strong>autsup·</strong></span> 
     </span>
     <span class='ocr_line' id='line_1_21' title="bbox 175 1986 1264 2073; baseline 0.004 -27"><span class='ocrx_word' id='word_1_162' title='bbox 175 1986 351 2068; x_wconf 87' lang='lat' dir='ltr'><strong>plicatione</strong></span> <span class='ocrx_word' id='word_1_163' title='bbox 372 1988 530 2060; x_wconf 83' lang='lat' dir='ltr'><strong>indebita,</strong></span> <span class='ocrx_word' id='word_1_164' title='bbox 553 1990 590 2050; x_wconf 90' lang='lat' dir='ltr'><strong>ad</strong></span> <span class='ocrx_word' id='word_1_165' title='bbox 611 2011 716 2052; x_wconf 90' lang='lat' dir='ltr'><strong>sacros</strong></span> <span class='ocrx_word' id='word_1_166' title='bbox 733 1991 863 2050; x_wconf 86' lang='lat' dir='ltr'><strong>ordines</strong></span> <span class='ocrx_word' id='word_1_167' title='bbox 881 1992 1007 2052; x_wconf 87' lang='lat' dir='ltr'><strong>accedit</strong></span> <span class='ocrx_word' id='word_1_168' title='bbox 1029 1991 1082 2053; x_wconf 80' lang='lat' dir='ltr'><strong>rel</strong></span> <span class='ocrx_word' id='word_1_169' title='bbox 1108 2011 1264 2073; x_wconf 81' lang='lat' dir='ltr'><strong>promove·</strong></span> 
     </span>
     <span class='ocr_line' id='line_1_22' title="bbox 173 2067 1264 2154; baseline -0.001 -22"><span class='ocrx_word' id='word_1_170' title='bbox 173 2077 244 2147; x_wconf 82' lang='lat' dir='ltr'><strong>tur,</strong></span> <span class='ocrx_word' id='word_1_171' title='bbox 265 2067 445 2134; x_wconf 83' lang='lat' dir='ltr'><strong>haareticus</strong></span> <span class='ocrx_word' id='word_1_172' title='bbox 464 2073 480 2132; x_wconf 80' lang='lat' dir='ltr'><strong>al</strong></span> <span class='ocrx_word' id='word_1_173' title='bbox 498 2072 637 2134; x_wconf 92' lang='lat' dir='ltr'><strong>Domino</strong></span> <span class='ocrx_word' id='word_1_174' title='bbox 652 2072 843 2153; x_wconf 84' lang='lat' dir='ltr'><strong>deputatur,</strong></span> <span class='ocrx_word' id='word_1_175' title='bbox 865 2073 1002 2135; x_wconf 83' lang='lat' dir='ltr'><strong>tamilla</strong></span> <span class='ocrx_word' id='word_1_176' title='bbox 1027 2071 1087 2154; x_wconf 88' lang='lat' dir='ltr'><strong>qui</strong></span> <span class='ocrx_word' id='word_1_177' title='bbox 1110 2091 1264 2154; x_wconf 80' lang='lat' dir='ltr'><strong>promore-</strong></span> 
     </span>
     <span class='ocr_line' id='line_1_23' title="bbox 172 2151 1261 2236; baseline -0.004 -23"><span class='ocrx_word' id='word_1_178' title='bbox 172 2161 243 2228; x_wconf 89' lang='lat' dir='ltr'><strong>tur,</strong></span> <span class='ocrx_word' id='word_1_179' title='bbox 264 2172 359 2230; x_wconf 90' lang='lat' dir='ltr'><strong>qnam</strong></span> <span class='ocrx_word' id='word_1_180' title='bbox 377 2151 435 2214; x_wconf 89' lang='lat' dir='ltr'><strong>ille</strong></span> <span class='ocrx_word' id='word_1_181' title='bbox 460 2154 478 2214; x_wconf 72' lang='lat' dir='ltr'><strong>d</strong></span> <span class='ocrx_word' id='word_1_182' title='bbox 497 2176 562 2236; x_wconf 89' lang='lat' dir='ltr'><strong>quo</strong></span> <span class='ocrx_word' id='word_1_183' title='bbox 579 2155 690 2216; x_wconf 87' lang='lat' dir='ltr'><strong>taliter</strong></span> <span class='ocrx_word' id='word_1_184' title='bbox 709 2163 933 2234; x_wconf 87' lang='lat' dir='ltr'><strong>promovetur,</strong></span> <span class='ocrx_word' id='word_1_185' title='bbox 956 2165 986 2215; x_wconf 88' lang='lat' dir='ltr'><strong>et</strong></span> <span class='ocrx_word' id='word_1_186' title='bbox 1005 2155 1102 2216; x_wconf 89' lang='lat' dir='ltr'><strong>cuius</strong></span> <span class='ocrx_word' id='word_1_187' title='bbox 1116 2156 1261 2214; x_wconf 84' lang='lat' dir='ltr'><strong>interven·</strong></span> 
     </span>
     <span class='ocr_line' id='line_1_24' title="bbox 172 2233 1260 2317; baseline -0.005 -22"><span class='ocrx_word' id='word_1_188' title='bbox 172 2245 208 2296; x_wconf 90' lang='lat' dir='ltr'><strong>tu</strong></span> <span class='ocrx_word' id='word_1_189' title='bbox 221 2233 331 2294; x_wconf 87' lang='lat' dir='ltr'><strong>taliter</strong></span> <span class='ocrx_word' id='word_1_190' title='bbox 349 2246 571 2316; x_wconf 86' lang='lat' dir='ltr'><strong>promovetur;</strong></span> <span class='ocrx_word' id='word_1_191' title='bbox 604 2247 636 2297; x_wconf 91' lang='lat' dir='ltr'><strong>ct</strong></span> <span class='ocrx_word' id='word_1_192' title='bbox 657 2235 714 2316; x_wconf 90' lang='lat' dir='ltr'><strong>qui</strong></span> <span class='ocrx_word' id='word_1_193' title='bbox 745 2257 803 2317; x_wconf 89' lang='lat' dir='ltr'><strong>pro</strong></span> <span class='ocrx_word' id='word_1_194' title='bbox 834 2237 891 2296; x_wconf 92' lang='lat' dir='ltr'><strong>tali</strong></span> <span class='ocrx_word' id='word_1_195' title='bbox 920 2238 1126 2298; x_wconf 91' lang='lat' dir='ltr'><strong>ordinatione</strong></span> <span class='ocrx_word' id='word_1_196' title='bbox 1152 2234 1260 2294; x_wconf 85' lang='lat' dir='ltr'><strong>inlicita</strong></span> 
     </span>
     <span class='ocr_line' id='line_1_25' title="bbox 171 2314 1260 2400; baseline -0.001 -26"><span class='ocrx_word' id='word_1_197' title='bbox 171 2314 319 2398; x_wconf 88' lang='lat' dir='ltr'><strong>quolibet</strong></span> <span class='ocrx_word' id='word_1_198' title='bbox 337 2317 420 2379; x_wconf 89' lang='lat' dir='ltr'><strong>malo</strong></span> <span class='ocrx_word' id='word_1_199' title='bbox 438 2317 591 2399; x_wconf 77' lang='lat' dir='ltr'><strong>ingenio,</strong></span> <span class='ocrx_word' id='word_1_200' title='bbox 613 2318 701 2400; x_wconf 90' lang='lat' dir='ltr'><strong>quod</strong></span> <span class='ocrx_word' id='word_1_201' title='bbox 715 2318 820 2378; x_wconf 90' lang='lat' dir='ltr'><strong>Deum</strong></span> <span class='ocrx_word' id='word_1_202' title='bbox 836 2318 936 2379; x_wconf 87' lang='lat' dir='ltr'><strong>latere</strong></span> <span class='ocrx_word' id='word_1_203' title='bbox 966 2336 1031 2379; x_wconf 90' lang='lat' dir='ltr'><strong>non</strong></span> <span class='ocrx_word' id='word_1_204' title='bbox 1065 2327 1183 2400; x_wconf 89' lang='lat' dir='ltr'><strong>potest,</strong></span> <span class='ocrx_word' id='word_1_205' title='bbox 1209 2314 1260 2374; x_wconf 90' lang='lat' dir='ltr'><strong>ali·</strong></span> 
     </span>
     <span class='ocr_line' id='line_1_26' title="bbox 170 2396 1259 2483; baseline -0.001 -25"><span class='ocrx_word' id='word_1_206' title='bbox 170 2397 253 2481; x_wconf 88' lang='lat' dir='ltr'><strong>quid</strong></span> <span class='ocrx_word' id='word_1_207' title='bbox 278 2398 405 2460; x_wconf 88' lang='lat' dir='ltr'><strong>dederit</strong></span> <span class='ocrx_word' id='word_1_208' title='bbox 429 2400 482 2461; x_wconf 78' lang='lat' dir='ltr'><strong>vel</strong></span> <span class='ocrx_word' id='word_1_209' title='bbox 515 2400 703 2483; x_wconf 87' lang='lat' dir='ltr'><strong>acceperit,</strong></span> <span class='ocrx_word' id='word_1_210' title='bbox 725 2400 779 2459; x_wconf 82' lang='lat' dir='ltr'><strong>vel</strong></span> <span class='ocrx_word' id='word_1_211' title='bbox 803 2400 960 2460; x_wconf 89' lang='lat' dir='ltr'><strong>mediator</strong></span> <span class='ocrx_word' id='word_1_212' title='bbox 988 2402 1093 2462; x_wconf 84' lang='lat' dir='ltr'><strong>factus</strong></span> <span class='ocrx_word' id='word_1_213' title='bbox 1115 2396 1259 2474; x_wconf 50' lang='lat' dir='ltr'><strong>fuerint</strong></span> 
     </span>
     <span class='ocr_line' id='line_1_27' title="bbox 170 2479 1259 2563; baseline -0.006 -20"><span class='ocrx_word' id='word_1_214' title='bbox 170 2482 258 2558; x_wconf 87' lang='lat' dir='ltr'><strong>Deo,</strong></span> <span class='ocrx_word' id='word_1_215' title='bbox 282 2479 366 2542; x_wconf 85' lang='lat' dir='ltr'><strong>sicut</strong></span> <span class='ocrx_word' id='word_1_216' title='bbox 384 2482 532 2544; x_wconf 88' lang='lat' dir='ltr'><strong>Canones</strong></span> <span class='ocrx_word' id='word_1_217' title='bbox 550 2483 612 2544; x_wconf 86' lang='lat' dir='ltr'><strong>Dei</strong></span> <span class='ocrx_word' id='word_1_218' title='bbox 628 2480 744 2563; x_wconf 90' lang='lat' dir='ltr'><strong>spiritu</strong></span> <span class='ocrx_word' id='word_1_219' title='bbox 765 2483 886 2542; x_wconf 90' lang='lat' dir='ltr'><strong>conditi</strong></span> <span class='ocrx_word' id='word_1_220' title='bbox 914 2484 1158 2557; x_wconf 73' lang='lat' dir='ltr'><strong>demonstran-t,</strong></span> <span class='ocrx_word' id='word_1_221' title='bbox 1193 2500 1259 2541; x_wconf 89' lang='lat' dir='ltr'><strong>con·</strong></span> 
     </span>
     <span class='ocr_line' id='line_1_28' title="bbox 175 2562 1258 2645; baseline -0.004 -19"><span class='ocrx_word' id='word_1_222' title='bbox 175 2562 348 2626; x_wconf 88' lang='lat' dir='ltr'><strong>demnatur</strong></span> <span class='ocrx_word' id='word_1_223' title='bbox 371 2585 430 2645; x_wconf 90' lang='lat' dir='ltr'><strong>per</strong></span> <span class='ocrx_word' id='word_1_224' title='bbox 446 2564 577 2624; x_wconf 90' lang='lat' dir='ltr'><strong>illorum</strong></span> <span class='ocrx_word' id='word_1_225' title='bbox 600 2564 756 2626; x_wconf 88' lang='lat' dir='ltr'><strong>iudicium</strong></span> <span class='ocrx_word' id='word_1_226' title='bbox 773 2563 921 2644; x_wconf 87' lang='lat' dir='ltr'><strong>quicum</strong></span> <span class='ocrx_word' id='word_1_227' title='bbox 940 2567 1009 2624; x_wconf 88' lang='lat' dir='ltr'><strong>Deo</strong></span> <span class='ocrx_word' id='word_1_228' title='bbox 1037 2565 1071 2623; x_wconf 94' lang='lat' dir='ltr'><strong>in</strong></span> <span class='ocrx_word' id='word_1_229' title='bbox 1089 2563 1184 2642; x_wconf 75' lang='lat' dir='ltr'><strong>caldis</strong></span> <span class='ocrx_word' id='word_1_230' title='bbox 1198 2582 1258 2640; x_wconf 80' lang='lat' dir='ltr'><strong>reg·</strong></span> 
     </span>
     <span class='ocr_line' id='line_1_29' title="bbox 171 2645 1257 2726; baseline -0.007 -18"><span class='ocrx_word' id='word_1_231' title='bbox 171 2652 250 2708; x_wconf 81' lang='lat' dir='ltr'><strong>nant</strong></span> <span class='ocrx_word' id='word_1_232' title='bbox 268 2654 300 2706; x_wconf 88' lang='lat' dir='ltr'><strong>et</strong></span> <span class='ocrx_word' id='word_1_233' title='bbox 317 2645 460 2708; x_wconf 89' lang='lat' dir='ltr'><strong>interris</strong></span> <span class='ocrx_word' id='word_1_234' title='bbox 481 2647 643 2708; x_wconf 89' lang='lat' dir='ltr'><strong>miraculis</strong></span> <span class='ocrx_word' id='word_1_235' title='bbox 656 2656 853 2707; x_wconf 87' lang='lat' dir='ltr'><strong>corruscant.</strong></span> <span class='ocrx_word' id='word_1_236' title='bbox 893 2646 1219 2726; x_wconf 68' lang='lat' dir='ltr'><strong>Damnanturyltique</strong></span> <span class='ocrx_word' id='word_1_237' title='bbox 1230 2645 1257 2700; x_wconf 91' lang='lat' dir='ltr'><strong>in</strong></span> 
     </span>
    </p>

    <p class='ocr_par' dir='ltr' id='par_1_4' title="bbox 169 2720 1257 2814">
     <span class='ocr_line' id='line_1_30' title="bbox 169 2720 1257 2814; baseline -0.006 -26"><span class='ocrx_word' id='word_1_238' title='bbox 169 2727 333 2814; x_wconf 84' lang='lat' dir='ltr'><strong>praesenti</strong></span> <span class='ocrx_word' id='word_1_239' title='bbox 353 2729 483 2806; x_wconf 89' lang='lat' dir='ltr'><strong>seculo,</strong></span> <span class='ocrx_word' id='word_1_240' title='bbox 504 2727 713 2791; x_wconf 87' lang='lat' dir='ltr'><strong>comburendi</strong></span> <span class='ocrx_word' id='word_1_241' title='bbox 735 2728 808 2809; x_wconf 81' lang='lat' dir='ltr'><strong>igne</strong></span> <span class='ocrx_word' id='word_1_242' title='bbox 827 2738 1000 2810; x_wconf 87' lang='lat' dir='ltr'><strong>perpetuo,</strong></span> <span class='ocrx_word' id='word_1_243' title='bbox 1022 2720 1104 2793; x_wconf 68' lang='lat' dir='ltr'><strong>tal‘e&#39;s</strong></span> <span class='ocrx_word' id='word_1_244' title='bbox 1128 2725 1257 2807; x_wconf 83' lang='lat' dir='ltr'><strong>negotia-</strong></span> 
     </span>
    </p>

    <p class='ocr_par' dir='ltr' id='par_1_5' title="bbox 169 2809 1255 2895">
     <span class='ocr_line' id='line_1_31' title="bbox 169 2809 1255 2895; baseline -0.006 -22"><span class='ocrx_word' id='word_1_245' title='bbox 169 2819 256 2873; x_wconf 83' lang='lat' dir='ltr'><strong>tores</strong></span> <span class='ocrx_word' id='word_1_246' title='bbox 277 2811 386 2892; x_wconf 82' lang='lat' dir='ltr'><strong>pravi,</strong></span> <span class='ocrx_word' id='word_1_247' title='bbox 409 2833 483 2872; x_wconf 89' lang='lat' dir='ltr'><strong>cum</strong></span> <span class='ocrx_word' id='word_1_248' title='bbox 500 2813 588 2895; x_wconf 89' lang='lat' dir='ltr'><strong>quod</strong></span> <span class='ocrx_word' id='word_1_249' title='bbox 608 2812 688 2872; x_wconf 90' lang='lat' dir='ltr'><strong>iuste</strong></span> <span class='ocrx_word' id='word_1_250' title='bbox 706 2809 913 2870; x_wconf 84' lang='lat' dir='ltr'><strong>benemeritis</strong></span> <span class='ocrx_word' id='word_1_251' title='bbox 932 2812 1007 2871; x_wconf 89' lang='lat' dir='ltr'><strong>dare</strong></span> <span class='ocrx_word' id='word_1_252' title='bbox 1034 2811 1131 2890; x_wconf 82' lang='lat' dir='ltr'><strong>gratis</strong></span> <span class='ocrx_word' id='word_1_253' title='bbox 1145 2810 1255 2878; x_wconf 81' lang='lat' dir='ltr'><strong>debent,</strong></span> 
     </span>
    </p>

    <p class='ocr_par' dir='ltr' id='par_1_6' title="bbox 170 2890 1255 2972">
     <span class='ocr_line' id='line_1_32' title="bbox 170 2890 1255 2972; baseline -0.008 -18"><span class='ocrx_word' id='word_1_254' title='bbox 170 2892 344 2972; x_wconf 88' lang='lat' dir='ltr'><strong>iustitiam,</strong></span> <span class='ocrx_word' id='word_1_255' title='bbox 379 2891 463 2954; x_wconf 86' lang='lat' dir='ltr'><strong>sicut</strong></span> <span class='ocrx_word' id='word_1_256' title='bbox 488 2895 582 2955; x_wconf 90' lang='lat' dir='ltr'><strong>ludas</strong></span> <span class='ocrx_word' id='word_1_257' title='bbox 609 2891 789 2967; x_wconf 80' lang='lat' dir='ltr'><strong>Christum,</strong></span> <span class='ocrx_word' id='word_1_258' title='bbox 821 2893 886 2972; x_wconf 67' lang='lat' dir='ltr'><strong>qni,</strong></span> <span class='ocrx_word' id='word_1_259' title='bbox 907 2895 954 2968; x_wconf 83' lang='lat' dir='ltr'><strong>(ut</strong></span> <span class='ocrx_word' id='word_1_260' title='bbox 984 2892 1064 2952; x_wconf 90' lang='lat' dir='ltr'><strong>dicit</strong></span> <span class='ocrx_word' id='word_1_261' title='bbox 1091 2890 1255 2972; x_wconf 82' lang='lat' dir='ltr'><strong>Apostolus)</strong></span> 
     </span>
    </p>

    <p class='ocr_par' dir='ltr' id='par_1_7' title="bbox 168 2973 1252 3051">
     <span class='ocr_line' id='line_1_33' title="bbox 168 2973 1252 3051; baseline -0.01 -13"><span class='ocrx_word' id='word_1_262' title='bbox 168 2977 272 3038; x_wconf 74' lang='lat' dir='ltr'><strong>iaetus</strong></span> <span class='ocrx_word' id='word_1_263' title='bbox 296 2985 344 3038; x_wconf 87' lang='lat' dir='ltr'><strong>est</strong></span> <span class='ocrx_word' id='word_1_264' title='bbox 364 2973 457 3036; x_wconf 90' lang='lat' dir='ltr'><strong>nohis</strong></span> <span class='ocrx_word' id='word_1_265' title='bbox 477 2975 581 3037; x_wconf 81' lang='lat' dir='ltr'><strong>alDeo</strong></span> <span class='ocrx_word' id='word_1_266' title='bbox 603 2974 742 3049; x_wconf 90' lang='lat' dir='ltr'><strong>iustitia,</strong></span> <span class='ocrx_word' id='word_1_267' title='bbox 764 2975 930 3051; x_wconf 83' lang='lat' dir='ltr'><strong>vendidit,</strong></span> <span class='ocrx_word' id='word_1_268' title='bbox 953 2973 995 3033; x_wconf 88' lang='lat' dir='ltr'><strong>ita</strong></span> <span class='ocrx_word' id='word_1_269' title='bbox 1014 2984 1057 3034; x_wconf 82' lang='lat' dir='ltr'><strong>et</strong></span> <span class='ocrx_word' id='word_1_270' title='bbox 1079 2973 1132 3034; x_wconf 91' lang='lat' dir='ltr'><strong>isti</strong></span> <span class='ocrx_word' id='word_1_271' title='bbox 1162 2976 1252 3032; x_wconf 87' lang='lat' dir='ltr'><strong>Deum</strong></span> 
     </span>
    </p>

    <p class='ocr_par' dir='ltr' id='par_1_8' title="bbox 169 3055 1254 3142">
     <span class='ocr_line' id='line_1_34' title="bbox 169 3055 1254 3142; baseline -0.008 -25"><span class='ocrx_word' id='word_1_272' title='bbox 169 3065 294 3142; x_wconf 88' lang='lat' dir='ltr'><strong>patrem</strong></span> <span class='ocrx_word' id='word_1_273' title='bbox 310 3055 586 3137; x_wconf 89' lang='lat' dir='ltr'><strong>omnipotentem,</strong></span> <span class='ocrx_word' id='word_1_274' title='bbox 606 3067 640 3117; x_wconf 86' lang='lat' dir='ltr'><strong>et</strong></span> <span class='ocrx_word' id='word_1_275' title='bbox 664 3056 801 3115; x_wconf 87' lang='lat' dir='ltr'><strong>eandem</strong></span> <span class='ocrx_word' id='word_1_276' title='bbox 815 3056 968 3116; x_wconf 88' lang='lat' dir='ltr'><strong>iustitiam</strong></span> <span class='ocrx_word' id='word_1_277' title='bbox 978 3055 1156 3131; x_wconf 83' lang='lat' dir='ltr'><strong>Christum,</strong></span> <span class='ocrx_word' id='word_1_278' title='bbox 1173 3065 1254 3132; x_wconf 85' lang='lat' dir='ltr'><strong>atque</strong></span> 
     </span>
    </p>

    <p class='ocr_par' dir='ltr' id='par_1_9' title="bbox 169 3135 1254 3218">
     <span class='ocr_line' id='line_1_35' title="bbox 169 3135 1254 3218; baseline -0.009 -18"><span class='ocrx_word' id='word_1_279' title='bbox 169 3137 474 3200; x_wconf 83' lang='lat' dir='ltr'><strong>consubstantialem</strong></span> <span class='ocrx_word' id='word_1_280' title='bbox 495 3140 561 3202; x_wconf 92' lang='lat' dir='ltr'><strong>illis</strong></span> <span class='ocrx_word' id='word_1_281' title='bbox 580 3141 731 3200; x_wconf 86' lang='lat' dir='ltr'><strong>Sanctum</strong></span> <span class='ocrx_word' id='word_1_282' title='bbox 752 3138 916 3218; x_wconf 85' lang='lat' dir='ltr'><strong>Spiritum,</strong></span> <span class='ocrx_word' id='word_1_283' title='bbox 939 3137 995 3217; x_wconf 89' lang='lat' dir='ltr'><strong>qni</strong></span> <span class='ocrx_word' id='word_1_284' title='bbox 1016 3159 1076 3218; x_wconf 89' lang='lat' dir='ltr'><strong>per</strong></span> <span class='ocrx_word' id='word_1_285' title='bbox 1094 3135 1254 3218; x_wconf 89' lang='lat' dir='ltr'><strong>impositio-</strong></span> 
     </span>
    </p>

    <p class='ocr_par' dir='ltr' id='par_1_10' title="bbox 169 3214 1255 3300">
     <span class='ocr_line' id='line_1_36' title="bbox 169 3214 1255 3300; baseline -0.011 -18"><span class='ocrx_word' id='word_1_286' title='bbox 169 3241 246 3282; x_wconf 86' lang='lat' dir='ltr'><strong>nem</strong></span> <span class='ocrx_word' id='word_1_287' title='bbox 261 3241 414 3282; x_wconf 89' lang='lat' dir='ltr'><strong>manuum</strong></span> <span class='ocrx_word' id='word_1_288' title='bbox 432 3216 686 3284; x_wconf 78' lang='lat' dir='ltr'><strong>sacerdotalium</strong></span> <span class='ocrx_word' id='word_1_289' title='bbox 705 3218 890 3288; x_wconf 82' lang='lat' dir='ltr'><strong>hominibus</strong></span> <span class='ocrx_word' id='word_1_290' title='bbox 917 3219 1090 3298; x_wconf 81' lang='lat' dir='ltr'><strong>tribuitur,</strong></span> <span class='ocrx_word' id='word_1_291' title='bbox 1120 3214 1255 3300; x_wconf 86' lang='lat' dir='ltr'><strong>qnoniam</strong></span> 
     </span>
    </p>

    <p class='ocr_par' dir='ltr' id='par_1_11' title="bbox 168 3301 1254 3384">
     <span class='ocr_line' id='line_1_37' title="bbox 168 3301 1254 3384; baseline -0.003 -23"><span class='ocrx_word' id='word_1_292' title='bbox 168 3312 297 3372; x_wconf 87' lang='lat' dir='ltr'><strong>sanctae</strong></span> <span class='ocrx_word' id='word_1_293' title='bbox 317 3301 486 3365; x_wconf 89' lang='lat' dir='ltr'><strong>Trinitatis</strong></span> <span class='ocrx_word' id='word_1_294' title='bbox 502 3325 565 3364; x_wconf 85' lang='lat' dir='ltr'><strong>una</strong></span> <span class='ocrx_word' id='word_1_295' title='bbox 580 3313 627 3364; x_wconf 90' lang='lat' dir='ltr'><strong>est</strong></span> <span class='ocrx_word' id='word_1_296' title='bbox 647 3309 778 3376; x_wconf 85' lang='lat' dir='ltr'><strong>natura,</strong></span> <span class='ocrx_word' id='word_1_297' title='bbox 801 3303 949 3362; x_wconf 83' lang='lat' dir='ltr'><strong>voluntas</strong></span> <span class='ocrx_word' id='word_1_298' title='bbox 959 3347 968 3379; x_wconf 90' lang='lat'><strong>,</strong></span> <span class='ocrx_word' id='word_1_299' title='bbox 992 3310 1024 3362; x_wconf 86' lang='lat' dir='ltr'><strong>et</strong></span> <span class='ocrx_word' id='word_1_300' title='bbox 1038 3301 1186 3384; x_wconf 88' lang='lat' dir='ltr'><strong>operatio,</strong></span> <span class='ocrx_word' id='word_1_301' title='bbox 1200 3318 1254 3376; x_wconf 76' lang='lat' dir='ltr'><strong>gra·</strong></span> 
     </span>
    </p>

    <p class='ocr_par' dir='ltr' id='par_1_12' title="bbox 170 3371 1253 3468">
     <span class='ocr_line' id='line_1_38' title="bbox 170 3371 1253 3468; baseline -0.012 -21"><span class='ocrx_word' id='word_1_302' title='bbox 170 3385 231 3447; x_wconf 84' lang='lat' dir='ltr'><strong>slus</strong></span> <span class='ocrx_word' id='word_1_303' title='bbox 254 3384 489 3446; x_wconf 85' lang='lat' dir='ltr'><strong>ecclesiasticos</strong></span> <span class='ocrx_word' id='word_1_304' title='bbox 502 3371 670 3468; x_wconf 79' lang='lat' dir='ltr'><strong>temporali</strong></span> <span class='ocrx_word' id='word_1_305' title='bbox 688 3384 854 3442; x_wconf 80' lang='lat' dir='ltr'><strong>commodo</strong></span> <span class='ocrx_word' id='word_1_306' title='bbox 871 3384 983 3444; x_wconf 89' lang='lat' dir='ltr'><strong>dantes</strong></span> <span class='ocrx_word' id='word_1_307' title='bbox 1000 3384 1053 3443; x_wconf 76' lang='lat' dir='ltr'><strong>vel</strong></span> <span class='ocrx_word' id='word_1_308' title='bbox 1078 3381 1253 3462; x_wconf 84' lang='lat' dir='ltr'><strong>accipientes</strong></span> 
     </span>
    </p>

    <p class='ocr_par' dir='ltr' id='par_1_13' title="bbox 170 3464 1251 3550">
     <span class='ocr_line' id='line_1_39' title="bbox 170 3464 1251 3550; baseline -0.01 -23"><span class='ocrx_word' id='word_1_309' title='bbox 170 3467 338 3538; x_wconf 78' lang='lat' dir='ltr'><strong>vendunt3</strong></span> <span class='ocrx_word' id='word_1_310' title='bbox 362 3475 393 3526; x_wconf 91' lang='lat' dir='ltr'><strong>et</strong></span> <span class='ocrx_word' id='word_1_311' title='bbox 408 3468 464 3548; x_wconf 86' lang='lat' dir='ltr'><strong>q&#39;ui</strong></span> <span class='ocrx_word' id='word_1_312' title='bbox 479 3469 618 3550; x_wconf 89' lang='lat' dir='ltr'><strong>pretium</strong></span> <span class='ocrx_word' id='word_1_313' title='bbox 635 3464 771 3547; x_wconf 91' lang='lat' dir='ltr'><strong>proinde</strong></span> <span class='ocrx_word' id='word_1_314' title='bbox 791 3466 927 3540; x_wconf 90' lang='lat' dir='ltr'><strong>donant,</strong></span> <span class='ocrx_word' id='word_1_315' title='bbox 950 3474 1062 3526; x_wconf 89' lang='lat' dir='ltr'><strong>emunt</strong></span> <span class='ocrx_word' id='word_1_316' title='bbox 1086 3469 1251 3548; x_wconf 86' lang='lat' dir='ltr'><strong>peccatum,</strong></span> 
     </span>
    </p>

    <p class='ocr_par' dir='ltr' id='par_1_14' title="bbox 169 3542 1251 3633">
     <span class='ocr_line' id='line_1_40' title="bbox 169 3542 1251 3633; baseline -0.005 -25"><span class='ocrx_word' id='word_1_317' title='bbox 169 3559 202 3616; x_wconf 83' lang='lat' dir='ltr'><strong>et</strong></span> <span class='ocrx_word' id='word_1_318' title='bbox 224 3547 378 3610; x_wconf 86' lang='lat' dir='ltr'><strong>haeretici</strong></span> <span class='ocrx_word' id='word_1_319' title='bbox 395 3549 495 3619; x_wconf 82' lang='lat' dir='ltr'><strong>frunt;</strong></span> <span class='ocrx_word' id='word_1_320' title='bbox 518 3559 549 3609; x_wconf 89' lang='lat' dir='ltr'><strong>et</strong></span> <span class='ocrx_word' id='word_1_321' title='bbox 567 3548 623 3630; x_wconf 90' lang='lat' dir='ltr'><strong>qui</strong></span> <span class='ocrx_word' id='word_1_322' title='bbox 640 3546 816 3628; x_wconf 88' lang='lat' dir='ltr'><strong>praemium</strong></span> <span class='ocrx_word' id='word_1_323' title='bbox 834 3547 969 3628; x_wconf 88' lang='lat' dir='ltr'><strong>proinde</strong></span> <span class='ocrx_word' id='word_1_324' title='bbox 985 3547 1164 3629; x_wconf 89' lang='lat' dir='ltr'><strong>accipiunt,</strong></span> <span class='ocrx_word' id='word_1_325' title='bbox 1184 3542 1251 3633; x_wconf 70' lang='lat' dir='ltr'><strong>sicul</strong></span> 
     </span>
    </p>

    <p class='ocr_par' dir='ltr' id='par_1_15' title="bbox 169 3629 1249 3710">
     <span class='ocr_line' id='line_1_41' title="bbox 169 3629 1249 3710; baseline -0.014 -18"><span class='ocrx_word' id='word_1_326' title='bbox 169 3633 256 3693; x_wconf 86' lang='lat' dir='ltr'><strong>idem</strong></span> <span class='ocrx_word' id='word_1_327' title='bbox 279 3642 406 3692; x_wconf 88' lang='lat' dir='ltr'><strong>sanctus</strong></span> <span class='ocrx_word' id='word_1_328' title='bbox 428 3632 624 3693; x_wconf 87' lang='lat' dir='ltr'><strong>demonstrat</strong></span> <span class='ocrx_word' id='word_1_329' title='bbox 651 3629 844 3708; x_wconf 78' lang='lat' dir='ltr'><strong>Gregorius,</strong></span> <span class='ocrx_word' id='word_1_330' title='bbox 875 3629 951 3690; x_wconf 87' lang='lat' dir='ltr'><strong>facti</strong></span> <span class='ocrx_word' id='word_1_331' title='bbox 974 3640 1007 3689; x_wconf 89' lang='lat' dir='ltr'><strong>et</strong></span> <span class='ocrx_word' id='word_1_332' title='bbox 1033 3629 1093 3710; x_wconf 90' lang='lat' dir='ltr'><strong>ipsi</strong></span> <span class='ocrx_word' id='word_1_333' title='bbox 1115 3629 1249 3688; x_wconf 83' lang='lat' dir='ltr'><strong>haeretici</strong></span> 
     </span>
    </p>

    <p class='ocr_par' dir='ltr' id='par_1_16' title="bbox 173 3705 1249 3796">
     <span class='ocr_line' id='line_1_42' title="bbox 173 3705 1249 3796; baseline -0.008 -20"><span class='ocrx_word' id='word_1_334' title='bbox 173 3735 227 3776; x_wconf 85' lang='lat' dir='ltr'><strong>eos</strong></span> <span class='ocrx_word' id='word_1_335' title='bbox 248 3714 389 3780; x_wconf 85' lang='lat' dir='ltr'><strong>malitiae</strong></span> <span class='ocrx_word' id='word_1_336' title='bbox 404 3714 488 3792; x_wconf 58' lang='lat' dir='ltr'><strong>:suae</strong></span> <span class='ocrx_word' id='word_1_337' title='bbox 508 3714 621 3796; x_wconf 83' lang='lat' dir='ltr'><strong>gladiis</strong></span> <span class='ocrx_word' id='word_1_338' title='bbox 642 3711 797 3772; x_wconf 90' lang='lat' dir='ltr'><strong>occidunt</strong></span> <span class='ocrx_word' id='word_1_339' title='bbox 816 3733 896 3793; x_wconf 89' lang='lat' dir='ltr'><strong>quos</strong></span> <span class='ocrx_word' id='word_1_340' title='bbox 919 3711 1083 3773; x_wconf 81' lang='lat' dir='ltr'><strong>vivificare</strong></span> <span class='ocrx_word' id='word_1_341' title='bbox 1117 3705 1249 3770; x_wconf 78' lang='lat' dir='ltr'><strong>orationis</strong></span> 
     </span>
    </p>

    <p class='ocr_par' dir='ltr' id='par_1_17' title="bbox 169 3795 703 3859">
     <span class='ocr_line' id='line_1_43' title="bbox 169 3795 703 3859; baseline -0.004 -3"><span class='ocrx_word' id='word_1_342' title='bbox 169 3816 244 3858; x_wconf 87' lang='lat' dir='ltr'><strong>suae</strong></span> <span class='ocrx_word' id='word_1_343' title='bbox 265 3795 495 3858; x_wconf 89' lang='lat' dir='ltr'><strong>intercessione</strong></span> <span class='ocrx_word' id='word_1_344' title='bbox 511 3797 703 3859; x_wconf 88' lang='lat' dir='ltr'><strong>debuerunt.</strong></span> 
     </span>
    </p>

    <p class='ocr_par' dir='ltr' id='par_1_18' title="bbox 170 3871 1248 4291">
     <span class='ocr_line' id='line_1_44' title="bbox 253 3871 1248 3958; baseline -0.012 -18"><span class='ocrx_word' id='word_1_345' title='bbox 253 3875 295 3944; x_wconf 84' lang='lat' dir='ltr'><strong>X.</strong></span> <span class='ocrx_word' id='word_1_346' title='bbox 338 3880 382 3938; x_wconf 71' lang='lat' dir='ltr'><strong>&#39;Ut</strong></span> <span class='ocrx_word' id='word_1_347' title='bbox 407 3899 500 3938; x_wconf 90' lang='lat' dir='ltr'><strong>nemo</strong></span> <span class='ocrx_word' id='word_1_348' title='bbox 519 3879 721 3958; x_wconf 82' lang='lat' dir='ltr'><strong>Episcopus,</strong></span> <span class='ocrx_word' id='word_1_349' title='bbox 746 3897 840 3936; x_wconf 87' lang='lat' dir='ltr'><strong>nemo</strong></span> <span class='ocrx_word' id='word_1_350' title='bbox 862 3874 1033 3957; x_wconf 87' lang='lat' dir='ltr'><strong>Presbyter</strong></span> <span class='ocrx_word' id='word_1_351' title='bbox 1049 3871 1248 3936; x_wconf 84' lang='lat' dir='ltr'><strong>excommnni-</strong></span> 
     </span>
     <span class='ocr_line' id='line_1_45' title="bbox 170 3951 1248 4041; baseline -0.014 -17"><span class='ocrx_word' id='word_1_352' title='bbox 170 3969 222 4024; x_wconf 85' lang='lat' dir='ltr'><strong>cet</strong></span> <span class='ocrx_word' id='word_1_353' title='bbox 239 3961 380 4041; x_wconf 86' lang='lat' dir='ltr'><strong>aliquem</strong></span> <span class='ocrx_word' id='word_1_354' title='bbox 396 3968 569 4041; x_wconf 88' lang='lat' dir='ltr'><strong>antequam</strong></span> <span class='ocrx_word' id='word_1_355' title='bbox 586 3981 679 4021; x_wconf 86' lang='lat' dir='ltr'><strong>cansa</strong></span> <span class='ocrx_word' id='word_1_356' title='bbox 698 3959 852 4040; x_wconf 87' lang='lat' dir='ltr'><strong>probetur</strong></span> <span class='ocrx_word' id='word_1_357' title='bbox 870 3968 1108 4040; x_wconf 88' lang='lat' dir='ltr'><strong>propterquam</strong></span> <span class='ocrx_word' id='word_1_358' title='bbox 1133 3951 1248 4018; x_wconf 87' lang='lat' dir='ltr'><strong>ecclesi·</strong></span> 
     </span>
     <span class='ocr_line' id='line_1_46' title="bbox 173 4039 1247 4120; baseline -0.009 -17"><span class='ocrx_word' id='word_1_359' title='bbox 173 4043 263 4105; x_wconf 76' lang='lat' dir='ltr'><strong>arctici</strong></span> <span class='ocrx_word' id='word_1_360' title='bbox 284 4045 434 4103; x_wconf 85' lang='lat' dir='ltr'><strong>Canoncs</strong></span> <span class='ocrx_word' id='word_1_361' title='bbox 451 4040 513 4103; x_wconf 91' lang='lat' dir='ltr'><strong>boc</strong></span> <span class='ocrx_word' id='word_1_362' title='bbox 531 4043 607 4104; x_wconf 59' lang='lat' dir='ltr'><strong>fieriu</strong></span> <span class='ocrx_word' id='word_1_363' title='bbox 623 4040 753 4115; x_wconf 89' lang='lat' dir='ltr'><strong>iubent,</strong></span> <span class='ocrx_word' id='word_1_364' title='bbox 783 4052 814 4100; x_wconf 87' lang='lat' dir='ltr'><strong>et</strong></span> <span class='ocrx_word' id='word_1_365' title='bbox 833 4041 936 4102; x_wconf 87' lang='lat' dir='ltr'><strong>donec</strong></span> <span class='ocrx_word' id='word_1_366' title='bbox 960 4040 1053 4099; x_wconf 90' lang='lat' dir='ltr'><strong>illum</strong></span> <span class='ocrx_word' id='word_1_367' title='bbox 1072 4039 1126 4120; x_wconf 90' lang='lat' dir='ltr'><strong>qui</strong></span> <span class='ocrx_word' id='word_1_368' title='bbox 1150 4057 1247 4120; x_wconf 88' lang='lat' dir='ltr'><strong>pecca·</strong></span> 
     </span>
     <span class='ocr_line' id='line_1_47' title="bbox 172 4119 1246 4207; baseline -0.01 -23"><span class='ocrx_word' id='word_1_369' title='bbox 172 4130 237 4201; x_wconf 81' lang='lat' dir='ltr'><strong>vit,</strong></span> <span class='ocrx_word' id='word_1_370' title='bbox 261 4133 292 4187; x_wconf 90' lang='lat' dir='ltr'><strong>et</strong></span> <span class='ocrx_word' id='word_1_371' title='bbox 311 4123 387 4186; x_wconf 87' lang='lat' dir='ltr'><strong>inde</strong></span> <span class='ocrx_word' id='word_1_372' title='bbox 410 4133 466 4184; x_wconf 86' lang='lat' dir='ltr'><strong>aut</strong></span> <span class='ocrx_word' id='word_1_373' title='bbox 487 4135 601 4207; x_wconf 89' lang='lat' dir='ltr'><strong>sponte</strong></span> <span class='ocrx_word' id='word_1_374' title='bbox 617 4123 782 4186; x_wconf 87' lang='lat' dir='ltr'><strong>confessus</strong></span> <span class='ocrx_word' id='word_1_375' title='bbox 801 4135 854 4182; x_wconf 88' lang='lat' dir='ltr'><strong>aut</strong></span> <span class='ocrx_word' id='word_1_376' title='bbox 877 4131 986 4204; x_wconf 86' lang='lat' dir='ltr'><strong>aperte</strong></span> <span class='ocrx_word' id='word_1_377' title='bbox 1010 4121 1169 4182; x_wconf 81' lang='lat' dir='ltr'><strong>convictus</strong></span> <span class='ocrx_word' id='word_1_378' title='bbox 1188 4119 1246 4176; x_wconf 83' lang='lat' dir='ltr'><strong>lue·</strong></span> 
     </span>
     <span class='ocr_line' id='line_1_48' title="bbox 172 4198 1246 4291; baseline -0.008 -22"><span class='ocrx_word' id='word_1_379' title='bbox 172 4211 238 4289; x_wconf 76' lang='lat' dir='ltr'><strong>rit,</strong></span> <span class='ocrx_word' id='word_1_380' title='bbox 262 4206 441 4267; x_wconf 87' lang='lat' dir='ltr'><strong>secundnm</strong></span> <span class='ocrx_word' id='word_1_381' title='bbox 457 4206 680 4290; x_wconf 76' lang='lat' dir='ltr'><strong>euangelicum</strong></span> <span class='ocrx_word' id='word_1_382' title='bbox 699 4209 740 4285; x_wconf 81' lang='lat' dir='ltr'><strong>m)</strong></span> <span class='ocrx_word' id='word_1_383' title='bbox 759 4216 984 4291; x_wconf 80' lang='lat' dir='ltr'><strong>praeceptum,</strong></span> <span class='ocrx_word' id='word_1_384' title='bbox 1007 4212 1043 4267; x_wconf 85' lang='lat' dir='ltr'><strong>nt</strong></span> <span class='ocrx_word' id='word_1_385' title='bbox 1060 4204 1099 4266; x_wconf 88' lang='lat' dir='ltr'><strong>sd</strong></span> <span class='ocrx_word' id='word_1_386' title='bbox 1117 4198 1246 4266; x_wconf 81' lang='lat' dir='ltr'><strong>emenda·</strong></span> 
     </span>
    </p>
   </div>
   <div class='ocr_carea' id='block_1_4' title="bbox 205 4300 608 4390">
    <p class='ocr_par' dir='ltr' id='par_1_19' title="bbox 205 4300 608 4390">
     <span class='ocr_line' id='line_1_49' title="bbox 205 4300 608 4390; baseline 0.01 -26"><span class='ocrx_word' id='word_1_387' title='bbox 205 4300 246 4380; x_wconf 70' lang='lat' dir='ltr'><strong>isi)</strong></span> <span class='ocrx_word' id='word_1_388' title='bbox 266 4316 290 4364; x_wconf 83' lang='lat' dir='ltr'><strong>al</strong></span> <span class='ocrx_word' id='word_1_389' title='bbox 319 4331 363 4390; x_wconf 74' lang='lat' dir='ltr'><strong>uns.</strong></span> <span class='ocrx_word' id='word_1_390' title='bbox 386 4315 608 4368; x_wconf 77' lang='lat' dir='ltr'><strong>ecclesiasticum.</strong></span> 
     </span>
    </p>
   </div>
   <div class='ocr_carea' id='block_1_5' title="bbox 0 0 1334 4978">
    <p class='ocr_par' dir='ltr' id='par_1_20' title="bbox 0 0 1334 4978">
     <span class='ocr_line' id='line_1_50' title="bbox 0 0 1334 4978; baseline 0 2"><span class='ocrx_word' id='word_1_391' title='bbox 0 0 1334 4978; x_wconf 95' lang='lat' dir='ltr'><strong> </strong></span> 
     </span>
    </p>
   </div>
  </div>
 </body>
</html>
