2746 4992
206 295 277 364 236
385 314 560 372 -uena-
660 317 893 370 carseolani
996 344 1052 391 aa.

200 473 249 510 ans
278 451 464 529 trucidaret,
485 473 521 515 ac
550 452 680 517 illorum
705 459 786 518 bona
810 460 969 540 diriperet.
1010 455 1142 542 ldeo'qne
1159 465 1255 544 absque

201 533 416 614 legitimorum
438 544 674 598 antecessorum
702 541 887 602 auctoritate
918 563 989 604 enus
1018 546 1259 616 consectarium

200 617 267 696 ipse
284 615 388 676 adbuc
404 624 546 692 testatur,
558 619 615 680 sed
623 622 717 682 tantis
728 623 902 683 terroribus
915 646 950 684 ae
964 625 1040 685 diris
1054 625 1258 686 crudelitatibus

200 706 338 758 coactus.
362 699 454 758 Unde
477 698 511 759 in
531 701 673 764 Niceeno
691 704 837 764 Concilio
860 707 902 764 ita
927 706 967 766 ad
987 705 1091 766 locum
1108 706 1258 768 iuvenitur:

200 777 238 836 Si
261 781 332 860 qrsis
353 800 396 840 ex
426 779 516 843 Clero
548 780 757 865 deprehensus
780 785 883 865 fuerit
911 809 980 848 enm
1007 793 1258 848 excommunicatis

199 863 436 936 consmunicare,
456 865 550 924 etiam
567 865 633 944 ipse
656 870 797 950 privetur
817 870 1047 946 comnnmione,
1068 884 1200 950 tanqrrasn
1221 874 1260 946 arsi

199 942 321 1020 regulas
344 943 518 1024 confundit.
559 947 649 1022 Quae
670 950 764 1030 longe
784 950 911 1032 lateque
934 950 967 1008 in
991 952 1120 1011 diversis
1136 953 1262 1011 Conciliis

198 1033 230 1084 et
258 1023 299 1084 Co
326 1023 494 1088 italaribus
517 1029 639 1108 Regum
660 1032 700 1091 de
727 1033 1010 1092 excommnnicatis
1036 1033 1232 1097 inveniuntur.

280 1045 342 1172 lll.
384 1107 473 1168 lderu
504 1111 598 1170 etiam
624 1113 797 1174 Hilduinus
825 1135 876 1175 res
902 1115 1004 1175 nostri
1026 1114 1114 1196 regui
1137 1136 1173 1173 ex
1194 1137 1263 1196 prar-

194 1187 261 1248 fato
283 1187 453 1270 Episcopio
484 1191 615 1269 invasit,
638 1195 794 1273 diripuit,
821 1205 853 1258 et
878 1217 936 1278 pro
964 1197 1057 1258 libito
1086 1196 1221 1270 abduxit,
1239 1219 1261 1252 a·

194 1289 273 1348 gens
299 1281 409 1331 contra
435 1280 549 1332 statuta
570 1274 715 1336 Auacleti
737 1277 859 1356 Papae,
892 1278 946 1337 ubi
977 1279 1119 1340 dicitur:
1153 1279 1260 1338 Sanctus

194 1351 387 1430 Anncletus,
417 1355 475 1435 qui
499 1356 538 1416 ab
563 1356 631 1438 ipso
655 1360 751 1419 Petro
773 1359 925 1440 Apostolo
947 1361 1114 1420 ordinatur
1130 1369 1172 1420 est
1190 1362 1262 1420 Pres-
1327 1411 1329 1440 ᾗ

194 1433 296 1518 bytcr,
306 1446 412 1514 postea
424 1437 456 1495 iu
474 1439 547 1500 sede
557 1441 697 1499 Romana
709 1462 871 1502 successor
882 1441 970 1503 illius
985 1445 1088 1503 iactus
1104 1442 1262 1520 Episcopus,

185 1527 270 1576 'enm
295 1516 392 1580 totius
423 1520 535 1579 rnundi
559 1522 782 1582 Sacerdotibus
812 1523 975 1585 iudicavit.
1030 1527 1093 1604 Qui
1117 1523 1262 1591 abstulerit,

195 1596 312 1680 inquit,
332 1601 419 1680 patri
442 1601 489 1658 vel
508 1605 602 1661 matri
623 1605 756 1684 attqatd,
779 1605 952 1665 homicidae
968 1609 1125 1688 particeps
1150 1617 1197 1665 est.
1216 1605 1263 1660 Pa-

184 1691 243 1740 'ter
269 1694 376 1740 noster
399 1684 465 1749 sine
486 1682 582 1744 dubio
607 1687 691 1744 Deus
719 1699 772 1751 est.
825 1688 930 1746 Master
952 1709 1029 1747 vcro
1058 1700 1162 1748 nostra
1180 1685 1264 1744 Eccle-

188 1765 241 1822 'sia
265 1775 321 1836 est,
351 1782 429 1842 quae
453 1785 510 1824 nos
531 1767 565 1824 in
589 1767 741 1846 baptismo
767 1770 974 1847 regeneravit.
1015 1771 1099 1847 Ergo
1123 1770 1174 1850 qai
1194 1787 1264 1846 peca-

186 1846 262 1904 'nt'as
283 1843 400 1904 Claristi
420 1859 450 1906 et
472 1849 632 1907 Ecclesiae
654 1852 749 1929 rapit,
772 1851 887 1928 aufert,
913 1852 959 1908 rel
977 1850 1167 1929 fraudatur,
1191 1848 1265 1906 bonsi-

184 1925 265 1986 'cida
290 1939 356 1998 est,
384 1940 475 2008 atqsse
501 1929 659 1988 homicida
681 1934 714 1990 in
737 1945 900 2012 conspectu
927 1935 1002 1991 iusti
1025 1933 1142 1991 Iudicis
1162 1931 1264 2010 depota-

194 2010 287 2068 bitur.
332 2009 395 2090 Qui
416 2011 500 2092 rapit
523 2014 687 2086 pecuniam
703 2015 845 2091 proximi
870 2015 939 2084 sni,
962 2016 1155 2096 iniquitatem
1172 2030 1262 2094 opera·

197 2103 254 2148 tur.
300 2091 363 2170 Qui
389 2106 491 2152 autem
514 2096 677 2173 pecuniam
696 2095 750 2154 vel
777 2116 827 2155 res
856 2095 1014 2154 Ecclesiae
1037 2095 1211 2167 abstulerit,
1231 2112 1264 2148 sa·

193 2172 352 2248 crilegium
364 2171 462 2254 facit,
486 2188 516 2234 et
539 2185 573 2232 ut
593 2178 761 2255 sacrilegus
788 2175 973 2237 indicandas
989 2189 1045 2239 est.

274 2252 333 2313 lV.
373 2255 537 2316 Praesatus
568 2255 708 2338 denique
737 2258 910 2319 Hilduinus
932 2257 1097 2318 thesauros
1129 2254 1263 2316 Ecclesiae

193 2335 391 2414 Tungrensis
411 2346 443 2397 et
463 2336 655 2418 Aquisgrani
673 2339 781 2421 palatii
804 2341 890 2400 iusta
908 2340 990 2401 beati
1018 2339 1175 2398 Lamberti
1197 2339 1262 2395 Mar·

193 2415 271 2500 tyris
296 2439 409 2515 corpus
426 2419 458 2514 in
481 2420 616 2501 quadam
642 2443 713 2481 arca
734 2422 852 2504 positos
874 2423 965 2482 asida
983 2422 1156 2502 cupiditate
1172 2416 1264 2498 rapuit,
1329 2449 1330 2456 ,

191 2521 313 2580 cosque
335 2501 473 2561 inimicis
501 2503 632 2578 nostris,
664 2504 728 2565 suis
749 2505 901 2565 videlicet
925 2504 1122 2578 feruoribus,
1144 2499 1264 2570 contulit,

194 2589 226 2642 el
246 2583 411 2645 Ecclesiae
436 2584 574 2649 abstulit
614 2587 662 2646 De
686 2606 751 2669 quo
770 2588 949 2668 quibusque
969 2583 1187 2644 huiuscemodi
1203 2581 1263 2639 sacri

194 2667 343 2728 Cnnones
366 2666 409 2727 ita
431 2667 626 2738 decernunt;
668 2669 794 2750 Siquis
818 2672 961 2728 inventus
980 2666 1085 2746 fuerit
1107 2663 1218 2745 aliquid
1235 2661 1263 2716 ele

192 2749 374 2806 rtn‘nisteriis
402 2749 560 2808 Ecclesiae
585 2750 766 2810 uendidisse
794 2752 848 2809 vel
879 2752 1061 2820 abstulisse,
1096 2746 1263 2833 sacrilegium

191 2831 354 2894 commisit.
395 2829 519 2890 Placuit
548 2853 617 2890 cum
640 2834 673 2892 iu
701 2831 811 2892 ordine
840 2832 1047 2890 ecclesiastico
1082 2849 1143 2888 non
1171 2827 1263 2914 baben.

192 2911 285 2970 Unde
306 2921 338 2971 et
357 2912 467 2972 beatus
486 2912 682 2994 Augustinus
702 2935 793 2973 xsvss.
808 2911 964 2991 evangelii
987 2911 1120 2970 bomilia
1139 2908 1263 2968 lobannis

193 2991 292 3052 dicit:
326 2997 409 3054 Ecce
432 2995 514 3054 inter
531 3008 654 3053 sanctos
675 3008 721 3053 est
746 2993 852 3071 leaders,
879 3015 948 3052 ecee
964 2992 1026 3072 fur
1049 3007 1097 3052 est
1117 2991 1225 3056 Iudas,-
1243 2997 1263 3041 ct

193 3094 230 3134 ne
257 3089 445 3152 contemnas,
466 3076 527 3155 fair
557 3077 607 3134 bic
638 3079 806 3154 sacrilegus
839 3089 901 3144 est,
934 3095 997 3133 non
1025 3075 1261 3158 praeliumcanqus

185 3153 247 3238 far
274 3156 424 3227 locorum,
456 3156 514 3215 sed
542 3157 785 3226 dominicorum
806 3157 958 3225 locorum,
979 3155 1037 3214 sed
1056 3174 1215 3214 sacrorum.
1234 3148 1264 3207 ht

193 3245 398 3321 postpauca:
437 3241 615 3320 Quicunque
634 3239 757 3320 aliquid
774 3238 814 3297 de
835 3237 976 3299 Ecclesia
1000 3237 1106 3320 aufert
1128 3237 1172 3296 rel
1187 3232 1264 3314 frast*

194 3319 299 3396 datur,
320 3321 419 3382 Iurlae
441 3321 602 3404 proditori
623 3332 829 3401 corriperetur.

276 3403 314 3468 V.
356 3405 420 3464 llos
441 3402 606 3464 Ecclesiae
626 3401 789 3461 thesauros
816 3401 982 3482 Episcopis
1003 3412 1035 3462 et
1060 3399 1225 3464 Comitibus
1243 3402 1265 3452 et

191 3487 369 3545 fautoribus
394 3506 452 3566 pro
473 3507 527 3546 sua
560 3483 759 3545 ordinatione
780 3484 886 3559 dedit,
910 3504 974 3541 non
1003 3505 1079 3564 prae
1108 3483 1203 3544 oculis
1221 3477 1263 3534 ba·

192 3571 271 3630 bens
292 3577 407 3628 statuta
433 3565 576 3628 Africani
601 3565 759 3642 Consilii,
782 3565 898 3647 quihus
914 3565 1111 3646 praecipitur
1126 3575 1160 3622 ut
1176 3559 1263 3618 nullus

193 3673 251 3734 per
280 3649 432 3732 pecunias
458 3648 640 3720 ordinetur,
675 3648 718 3708 ita
745 3647 918 3730 inquiens:
956 3647 992 3706 Si
1018 3649 1087 3728 qais
1114 3646 1263 3730 'Episcopus

191 3751 250 3818 per
267 3735 415 3816 peccunias
442 3733 609 3792 obtinuerit
641 3730 835 3808 dignitatem,
863 3730 1038 3806 deiciatur,
1068 3727 1167 3788 morbis
1188 3741 1264 3781 omas·

195 3817 249 3875 bus
283 3813 437 3876 abiciatur
449 3858 462 3884 ,
493 3815 571 3872 sicut
603 3812 712 3872 Simon
741 3833 846 3890 aragus
875 3813 1027 3871 abscissus
1059 3825 1105 3868 est
1127 3832 1145 3868 a
1177 3805 1263 3864 Paro.

194 3899 273 3959 ltrm
295 3897 327 3955 in
351 3895 498 3956 Concilio
519 3893 790 3954 Clsalocdonensi:
832 3891 869 3952 Si
895 3895 965 3974 quis
984 3893 1166 3974 Episcopus,
1187 3887 1262 3971 Pret-

195 3982 293 4055 byter,
319 3990 371 4038 aut
398 3979 555 4037 Diaconos
576 3976 631 4034 sub
652 3977 754 4057 pretio
775 3975 911 4057 Spiritus
935 3975 1035 4033 satiati
1052 3974 1180 4050 gratiam
1199 3967 1261 4058 ⁰lllj

192 4083 266 4122 nere
295 4061 442 4134 voluerit,
461 4060 586 4142 proprii
614 4058 730 4133 gradus
755 4058 895 4140 periculo
919 4055 1087 4118 subiacebit
1103 4079 1113 4121 ;
1147 4064 1176 4111 et
1201 4043 1264 4140 arleti

195 4165 236 4203 ea·
266 4146 322 4202 leae
347 4142 546 4202 ordinatione
577 4141 623 4198 orl
647 4141 863 4220 promotione,
897 4159 974 4218 quae
1004 4150 1049 4198 est
1069 4156 1125 4220 per
1144 4143 1261 4212 negotia-

196 4231 296 4288 ionem
313 4225 420 4304 fecta,
444 4220 606 4307 proficiat,
632 4219 690 4281 sed
710 4221 990 4282 anatliematiactur.
1210 4227 1212 4234 ’
