2658 4978
201 304 271 398 no
444 324 474 380 a
494 321 571 382 cna.
676 321 919 380 carnonam
1019 326 1082 380 aaa.

196 477 283 529 trum
298 461 498 526 observanda
528 460 688 540 misimus,
717 483 791 524 cnm
818 461 974 545 Capitulis
1005 461 1229 545 episcopalibus
1248 472 1273 523 ct

193 544 438 633 progenitorum
458 552 640 606 nostrorum
668 547 897 627 Imperatorum
921 543 1138 626 adcognitent,
1157 553 1187 606 et
1210 567 1273 626 cog-

198 632 411 714 nitamentum
433 627 519 710 quod
543 627 637 688 modo
660 629 745 709 apud
768 627 975 689 Confluentes
988 625 1124 686 lecimus
1146 627 1273 686 omnibus

196 710 421 781 innotescant3
452 719 484 770 et
506 710 686 770 firmitatem
711 709 749 770 ab
772 708 918 770 omnibus
946 707 1003 790 qui
1026 708 1071 767 ita
1095 719 1199 768 contra
1227 729 1273 768 nos

197 793 406 856 misfecerunt
433 789 517 850 ‘sicut
540 800 651 850 notum
673 800 730 868 est,
749 792 838 852 etde
861 790 977 872 quibus
999 790 1176 852 carissimus
1192 792 1274 850 frater

197 873 307 938 noster
324 872 430 956 petiit,
451 872 508 951 qui
531 871 639 932 alodes
661 871 696 931 in
714 895 814 955 regno
837 880 946 934 nostro
964 870 1084 932 habere
1111 873 1225 949 volunt,
1243 872 1274 931 si·

198 967 253 1020 cut
273 957 307 1016 in
330 954 563 1037 cognitamento
583 962 692 1014 nostro
715 956 868 1038 scriptum
890 963 946 1031 est,
968 955 1198 1015 firmamentum
1209 953 1274 1014 reci·

195 1039 295 1126 piant.
335 1035 385 1098 lta
409 1045 514 1096 tamen
539 1044 574 1095 ut
594 1035 622 1097 si
641 1035 776 1098 maiores
794 1036 941 1098 homines
960 1036 1143 1109 voluerint,
1172 1037 1207 1095 ad
1227 1057 1272 1095 nos

198 1120 332 1184 veniant
360 1128 391 1179 ct
419 1117 452 1177 in
481 1118 661 1197 praesentia
690 1127 798 1179 nostra
826 1118 926 1202 ipsam
948 1117 1129 1178 firmitatem
1154 1117 1271 1186 faciant;

195 1201 344 1264 homines
364 1221 440 1261 vero
462 1200 593 1260 illorum
619 1208 693 1262 ante
714 1198 827 1263 Missos
849 1210 972 1262 nostros
995 1200 1131 1262 eandem
1150 1199 1272 1259 fiirmita·

196 1293 262 1347 tem
282 1282 411 1343 faciant.

278 1363 338 1431 lv.
380 1367 422 1424 Ut
446 1361 533 1426 Missi
552 1360 651 1426 nostri
674 1362 719 1424 eis
739 1362 796 1444 qui
816 1363 997 1427 firmitatem
1013 1362 1162 1441 fecerint,
1182 1361 1270 1423 alodes

196 1449 328 1511 illorum
355 1468 436 1530 quos
463 1447 502 1508 de
531 1445 727 1524 hereditate,
756 1454 788 1506 et
813 1445 852 1508 de
875 1447 932 1508 tali
963 1445 1149 1529 conquisitu
1172 1444 1221 1528 qui
1240 1445 1270 1505 de

196 1539 304 1593 nostra
322 1529 572 1591 donatione'non
588 1528 687 1605 venit,
703 1527 894 1606 habuerunt,
913 1538 946 1591 et
963 1551 1045 1612 quos
1057 1528 1171 1589 Senior
1182 1536 1270 1588 noster

193 1617 339 1677 Domnus
369 1609 547 1692 Imperator
573 1609 619 1671 eis
645 1609 751 1688 dedit,
782 1609 809 1671 si
831 1611 1000 1696 praecepta
1030 1609 1120 1672 illius
1141 1609 1270 1670 ostende-

193 1696 261 1758 rint
289 1703 445 1777 quantum
484 1692 518 1752 in
555 1691 630 1775 ipsis
661 1692 839 1776 praeceptis
869 1693 944 1756 iude
972 1693 1183 1770 continetur,
1218 1689 1269 1749 illis

193 1777 340 1843 reddant.

277 1858 319 1919 V.
360 1861 403 1920 Ut
422 1879 531 1919 omnes
551 1856 608 1938 qui
631 1855 811 1917 firmitatem
830 1859 980 1937 fecerint,
998 1868 1030 1920 et
1050 1857 1165 1941 quibus
1181 1852 1268 1915 alodes

194 1939 406 2018 reddiderint,
429 1941 603 2021 diligenter
623 1939 814 2001 inbrevient.
856 1941 897 2002 Et
922 1943 949 2003 si
973 1941 1075 2032 aliqui
1099 1961 1165 2001 eam
1182 1939 1266 1997 lacere

195 2022 370 2100 noluerint,
397 2021 545 2083 similiter
566 2021 760 2099 inbrevient,
784 2021 928 2094 ctPgnobis
952 2023 1150 2087 renuntient.

266 2107 333 2188 ¹VI.
374 2128 422 2187 De
437 2126 557 2210 rapinis
577 2137 683 2188 autem
712 2136 744 2186 et
767 2127 948 2206 violentiis,
977 2137 1008 2190 et
1030 2117 1163 2190 caeteris
1184 2123 1265 2186 inius-

193 2209 273 2272 titiis
295 2231 372 2291 quas
395 2208 429 2268 in
453 2209 522 2304 istis
541 2208 722 2292 praeteritis
751 2211 863 2286 annis,
894 2221 1063 2294 postquam
1086 2211 1143 2288 ista
1161 2215 1265 2290 pertur-
1310 2209 1311 2220 ¹

194 2292 283 2354 butio
306 2300 414 2352 exorta
434 2300 491 2366 est,
514 2312 547 2350 m
569 2301 670 2373 regno
690 2300 798 2352 nostro
823 2294 990 2371 fecerunt,
1024 2304 1176 2375 quantum
1194 2286 1266 2348 ratio·

195 2373 346 2434 nabiliter
366 2373 540 2455 potuerint,
561 2373 649 2434 Missi
671 2373 770 2433 nostri
790 2374 958 2456 pacificare
980 2383 1163 2456 procurent.
1198 2369 1233 2429 Et
1247 2366 1266 2424 si

195 2457 235 2520 de
258 2455 326 2538 ipsa
349 2453 571 2536 pacificatione
590 2454 685 2516 wadii
706 2455 746 2515 ad
766 2464 904 2516 nostram
923 2467 1046 2538 partem
1073 2453 1220 2527 venerint,
1237 2469 1266 2509 ex

194 2547 273 2613 toto,
294 2537 377 2598 sicut
398 2538 497 2597 frater
517 2546 624 2597 noster
643 2535 822 2606 carissimus
840 2557 900 2599 nos
911 2539 1016 2621 petiit,
1033 2563 1081 2616 ,ex
1103 2546 1199 2598 nostra
1213 2552 1267 2590 auc-

196 2619 324 2681 toritate
345 2620 537 2701 perdonent,
559 2619 592 2678 in
615 2618 677 2680 hoc
705 2629 740 2678 ut
762 2619 839 2680 talia
864 2621 903 2681 de
925 2630 1052 2683 caetero
1081 2643 1143 2682 non
1164 2615 1266 2677 faciant

251 2733 354 2796 ³V11.
394 2735 443 2796 De
466 2733 688 2815 pacificatione
705 2756 783 2795 vero
811 2735 942 2796 illorum
964 2731 1076 2818 quiin
1098 2752 1190 2814 regno
1209 2745 1265 2785 nos-

197 2830 247 2882 tro
269 2817 498 2892 consistentes,
525 2827 692 2898 postquam
713 2818 802 2878 Deus
824 2841 913 2878 suam
944 2819 1035 2879 nobis
1064 2812 1194 2878 ostendit
1211 2827 1266 2889 gra·

196 2903 311 2964 tionem
334 2898 599 2975 miscricordiam,
627 2920 684 2980 per
708 2898 839 2960 illorum
861 2900 1036 2961 indebitam
1063 2889 1265 2981 praesumptio-

196 3006 272 3044 nem
296 2982 423 3076 rapinas
449 2991 481 3041 et
499 2981 686 3057 violentias,
716 2990 811 3062 atque
838 2982 914 3044 alias
938 2983 1109 3045 iniustitias
1132 2975 1265 3042 fecerunt,

198 3066 225 3127 si
246 3063 341 3125 wadii
360 3062 400 3123 ad
415 3072 552 3122 nostram
569 3072 690 3144 partem
708 3062 857 3140 exierint,
879 3063 965 3125 Missi
984 3065 1084 3125 nostri
1102 3055 1263 3142 inbreviessb
1308 3083 1309 3094 ¹

198 3156 232 3210 et
252 3144 344 3205 nobis
365 3144 569 3223 renuntient,
592 3153 627 3205 ut
647 3167 704 3205 nos
724 3145 799 3206 inde
820 3148 1078 3209 commendemus
1097 3141 1171 3227 'quid
1194 3134 1264 3196 nob¹⁵

200 3237 278 3288 tuuc
298 3225 401 3287 visum
424 3226 532 3291 fuerit.
603 3231 605 3236 '
1244 3290 1250 3303 ο

282 3307 387 3370 VIII:
417 3307 459 3367 Et
479 3316 514 3368 ut
534 3329 594 3390 pax
616 3308 648 3367 in
671 3325 771 3391 regno
800 3318 908 3371 nostro
928 3331 986 3391 per
1009 3307 1136 3371 illorum
1156 3298 1263 3361 missati-

201 3413 286 3468 cum,
308 3390 391 3452 sicut
412 3411 468 3450 nos
493 3391 782 3472 adcognitavimus,
804 3401 837 3453 et
857 3393 1003 3474 Capitnla
1024 3413 1040 3450 a
1062 3389 1148 3451 nobis
1167 3381 1262 3466 directa

200 3474 441 3548 commendant,
474 3472 619 3533 omuibus
642 3474 743 3534 modis
763 3474 961 3552 observetur,
988 3473 1156 3556 diligenter
1175 3477 1262 3544 pron·
1307 3467 1308 3470 ’

132 3576 139 3595 ·
202 3559 323 3626 deant;
355 3564 388 3615 et
414 3554 553 3635 qua'iter
577 3576 646 3615 eam
667 3556 803 3636 quisque
832 3558 1066 3633 observaverit,
1097 3554 1201 3628 absque
1227 3557 1262 3597 1⁰·

202 3648 315 3737 spectu
340 3637 474 3697 alicuius
495 3657 664 3718 personae,
689 3647 726 3696 ut
755 3636 920 3699 veritatem
949 3639 1023 3700 inde
1049 3636 1138 3698 nobis
1163 3640 1259 3690 renun-

201 3731 296 3798 tient,
318 3719 490 3801 diligenter
509 3717 689 3800 inspiciant.
729 3717 772 3780 Et
790 3720 945 3801 quicquid
967 3720 1082 3781 exinde
1104 3711 1183 3799 quod
1199 3720 1260 3768 com·

203 3802 388 3865 mendamus
407 3821 466 3883 per
484 3821 516 3861 se
535 3799 709 3883 adimplere
735 3822 800 3862 non
833 3801 1005 3884 potuerint,
1028 3801 1067 3862 ad
1093 3800 1193 3862 Missos
1215 3803 1260 3844 ¹11³·
1306 3831 1307 3852 i

203 3886 288 3947 iores
316 3905 375 3968 per
409 3883 514 3965 ipsum
534 3882 727 3944 missaticum
751 3886 940 3945 constitutos
964 3885 1127 3961 referant,
1154 3886 1185 3938 ul
1205 3884 1259 3930 ⁰⁰³¹

203 3968 337 4030 illorum
363 3963 498 4027 consilio
518 3973 550 4027 et
571 3966 694 4027 auxilio
715 3967 821 4027 omnia
839 3966 1002 4050 impleant

245 4138 250 4152 p
284 4071 433 4135 Firmitas
452 4082 568 4152 autem,
589 4095 685 4170 quam
698 4095 715 4133 a
727 4073 895 4158 praedictis
914 4074 1097 4136 hominibus
1110 4063 1186 4133 Missi
1203 4074 1258 4144 ¹¹⁰⁵?

201 4156 245 4217 tri
272 4153 390 4217 debent
409 4157 573 4239 recipere,
596 4166 654 4218 1sta
675 4165 737 4217 est:
766 4158 815 4218 De
841 4157 899 4218 ista
923 4156 974 4217 die
997 4155 1032 4216 in
1054 4165 1143 4229 ante,
1162 4135 1257 4233 th⁰‚¹'²

201 4235 400 4302 Hludsurici
421 4237 625 4325 Imperatoris
646 4236 724 4318 lilii,
762 4257 897 4322 regnum
922 4237 971 4298 illi
1005 4257 1069 4298 non
1094 4218 1257 4300 forconsilia-
