2746 4992
272 333 302 384 a,
321 330 428 412 cua„
497 327 856 398 necunraancoaun
955 337 1013 401 877·
1144 311 1217 408 217

424 1249 905 1337 CAPITULA

260 1425 1054 1568 Lunovrcrrr

150 1650 463 1747 annconun
504 1653 654 1718 REGIS
694 1653 889 1752 annom
931 1651 1087 1734 cntvt
1132 1651 1169 1722 F.
1206 1679 1209 1686 ’

307 1891 826 2005 ’ΤΙΤΠΙιῙΙΙὸ
889 1943 915 2004 1.

251 2100 412 2158 obturo
449 2101 682 2143 COMPHDH
715 2100 959 2144 COROMTUS
993 2085 1074 2146 lll‘l'.

107 2221 230 2295 Anno
254 2223 535 2300 Inearnotionis
559 2212 787 2297 Dominioae
813 2220 1147 2296 DCCOLXXVII.
1173 2222 1214 2292 in

112 2324 342 2416 Compendio
362 2325 524 2418 palatin,
552 2325 646 2420 bueo
673 2349 767 2416 quoe
791 2337 993 2416 sequuntur
1019 2321 1068 2392 ab
1092 2321 1213 2416 Epie-

106 2423 217 2518 copis
242 2425 364 2516 petita
398 2435 484 2492 aunt
517 2425 622 2517 apud
652 2424 934 2494 Hludouvioum
967 2424 1136 2516 Regem,
1178 2431 1214 2488 et

376 2520 424 2592 ab
454 2546 496 2591 eo
513 2523 705 2616 promisca
734 2523 948 2617 Epi-scopis.

378 2677 567 2740 Purrrro
607 2677 942 2739 Errscoaoaun.

102 2793 156 2897 A
176 2841 266 2916 vobis
287 2853 458 2938 perdonari
477 2855 571 2915 nobis
590 2856 727 2938 petimus
746 2863 782 2914 ut
804 2853 983 2937 unicnique
1005 2854 1045 2915 de
1068 2853 1160 2917 nobis
1180 2863 1213 2916 et

101 2936 261 3000 Ecclesiis
289 2937 380 3000 nobis
405 2937 604 3015 commissis,
652 2937 829 2999 secundum
860 2938 1000 3020 primum
1027 2937 1213 3019 Capitulum

101 3019 196 3102 quod
221 3021 389 3086 novissime
415 3021 448 3080 in
468 3019 628 3083 Carisiaco
652 3021 798 3080 Domnus
826 3021 1003 3102 Imperator
1023 3029 1115 3100 pater
1138 3042 1211 3083 ves·

103 3112 190 3163 tera
207 3113 318 3164 seeta
338 3101 428 3164 robis
447 3112 657 3182 servaturum,
682 3101 959 3164 consentientibus
977 3102 1125 3164 fidelibus
1146 3102 1212 3165 suis

104 3205 143 3244 ac
170 3186 303 3263 restris,
325 3194 421 3266 atque
439 3180 640 3267 Apostolicae
664 3184 749 3246 sedis
773 3183 915 3266 Legatis,
946 3187 1076 3268 legente
1110 3188 1212 3246 Gauz-

102 3267 202 3343 leno,
233 3266 452 3344 denuntiavit,
488 3267 679 3329 canonicum
700 3265 907 3349 privilegium
931 3277 964 3328 et
997 3267 1136 3328 debitam
1168 3270 1213 3330 lc-

103 3369 179 3430 gem
205 3358 301 3432 atque
326 3348 479 3410 iustitiam
502 3348 700 3411 conservetis
719 3358 760 3421 et¹
776 3347 998 3410 defensionem
1022 3349 1210 3427 exhibeatis,

103 3431 190 3493 sicut
217 3433 286 3493 Rex
318 3430 351 3490 in
381 3452 440 3492 suo
470 3451 570 3513 regno
598 3430 777 3512 unicuique
805 3430 966 3516 Episcopo
991 3441 1023 3494 et
1047 3432 1210 3496 Ecclesiae

102 3511 167 3574 sibi
190 3513 374 3578 commissae
399 3533 459 3597 per
481 3523 604 3576 rectum
624 3513 774 3576 exhibere
796 3514 900 3576 debet

422 3663 691 3725 Pnonrssro
738 3664 891 3725 Rects.

185 3766 342 3829 Promitto
368 3779 401 3830 et
423 3767 569 3850 perdono
593 3768 685 3830 robis
705 3768 781 3850 quia
801 3767 980 3848 uuicuique
1005 3766 1045 3827 de
1064 3766 1155 3829 vobis
1179 3777 1212 3830 et

103 3847 259 3911 Ecclesiis
271 3850 360 3911 vobis
380 3849 565 3926 commissis,
578 3851 757 3912 secundum
771 3850 910 3933 primum
924 3848 1111 3931 Capitulum
1123 3851 1211 3932 quod

105 3930 276 3994 novissime
296 3931 329 3994 in
354 3931 515 3993 Carisiaco
541 3933 687 3995 Domnus
710 3933 892 4015 Imperator
910 3940 1002 4012 pater
1022 3953 1112 3992 meus
1133 3954 1151 3991 a
1176 3954 1210 3993 se

104 4021 136 4074 et
167 4037 186 4073 a
212 4033 262 4074 mc
298 4020 524 4092 servaturum,
564 4015 841 4076 consentientibus
861 4012 1029 4076 Fidelibus
1058 4013 1146 4075 illius
1173 4037 1210 4076 ac

105 4095 221 4157 nostris
249 4104 343 4178 atque
367 4097 567 4179 Apostolicae
595 4097 681 4160 sedis
705 4097 852 4180 Legatis‚
882 4097 1010 4179 legente
1031 4097 1211 4173 Gaudenti,

105 4177 316 4256 denuntiavit,
339 4179 532 4240 canonicum
552 4179 758 4261 privilegium
777 4189 810 4240 et
833 4178 971 4240 debitam
995 4178 1099 4260 legem
1116 4187 1211 4260 atquc

1362 4219 1365 4252 „t

105 4258 256 4322 iustitiam
267 4262 471 4340 conservabo,
489 4271 520 4323 et
532 4261 763 4339 defensionem,
784 4272 939 4344 quantum
959 4270 1105 4344 potuero,
1123 4261 1212 4325 adiu·
1318 4263 1319 4266 ’
1362 4269 1364 4346 ξ
