2746 4992
525 285 783 368 mrnnaronuu
1131 271 1201 341 255

111 437 143 493 et
163 427 260 490 nullis
278 425 381 490 modis
393 427 455 489 hoc
468 429 574 490 facere
592 437 795 511 praesumant
811 424 850 487 de
866 422 1004 508 pecunia
1017 435 1091 506 aute
1108 448 1203 512 quam

109 512 285 596 legitimum
304 511 445 593 pretium
460 511 563 572 detur.
942 535 946 548 ·

186 593 283 656 XIII.
308 595 358 654 De
368 593 576 656 Cancellariis
587 591 646 673 qui
658 611 786 654 veraces
795 587 892 652 electi
905 598 990 668 sunt,
1003 590 1044 651 ad
1056 591 1203 656 homines

108 675 248 736 infirmos
261 675 412 754 veniant,
434 685 466 738 et
482 676 660 736 secundum
673 676 779 756 legem
791 671 1001 733 instrumenta
1022 673 1203 738 chartarum

107 759 327 834 conscribant,
350 761 413 821 eta
430 758 565 820 testibus
582 757 784 818 roborentur.
826 756 868 814 Et
887 755 991 816 statim
1015 777 1089 816 cum
1105 758 1204 840 scrip·

107 852 139 902 ta
160 839 268 902 charta
293 839 410 918 fuerit,
442 841 630 902 ostendatur
668 849 741 900 ante
769 837 965 919 Episcopum
989 848 1022 900 et
1045 840 1202 902 Comitem

105 924 173 986 sive
196 922 342 984 Iudicem
367 924 420 988 rel
435 921 600 1002 Vicarios,
621 929 676 981 aut
695 921 730 982 in
745 919 860 1003 plebe,
882 930 920 982 ut
940 941 1069 988 veraces
1091 944 1203 1007 agnos-

107 1014 219 1070 cantur
236 1025 312 1067 esse.

184 1085 277 1152 XIV.
319 1090 367 1158 Ut,
377 1087 529 1150 mulieres
541 1088 701 1150 Romanae
716 1106 799 1168 qnae
822 1081 908 1147 viros
922 1082 1103 1148 habuerunt
1113 1089 1202 1150 Lon-

107 1169 279 1254 gebardus,
310 1169 355 1233 eis
378 1171 578 1233 defunctisd
610 1171 733 1254 legibus
765 1168 909 1230 virorum
924 1166 989 1230 sint
1014 1171 1147 1249 solutae,
1169 1180 1202 1233 et

107 1254 144 1315 ad
165 1274 255 1314 suam
275 1262 478 1316 revertantur
497 1254 612 1335 legem.
659 1253 702 1312 Et
723 1251 785 1312 hoc
809 1257 1001 1330 statuentes,
1039 1260 1075 1316 ut
1102 1251 1200 1325 simili

106 1335 196 1396 modo
210 1345 358 1398 serretur
379 1336 413 1395 in
430 1343 625 1397 caeterarum
641 1334 771 1395 natione
789 1329 970 1399 mulierum.
1009 1364 1012 1371 ·

183 1415 256 1479 XV.
276 1417 404 1480 Placuit
418 1417 509 1478 nobis
522 1428 560 1478 ut
576 1418 601 1480 si
615 1439 673 1501 pro
696 1413 895 1497 quibuslibet
907 1413 1010 1498 culpis
1026 1426 1082 1479 aut
1097 1417 1202 1480 crimi-

106 1501 197 1562 nibus
211 1520 426 1584 quaecunque
437 1497 817 1582 persona'totienssuerit
827 1507 973 1581 correpta
989 1508 1024 1559 ut
1037 1501 1130 1562 etiam
1146 1523 1200 1562 ex·
1224 1552 1227 1556 .

105 1581 392 1646 communicatione
406 1582 579 1666 episcopali
590 1604 648 1664 pro
657 1589 843 1662 contemptu
854 1577 950 1662 digna
962 1579 1126 1661 habeatur,
1136 1585 1201 1644 Co-

103 1668 212 1728 mitem
231 1687 325 1726 suum
335 1667 512 1749 Episcopus
533 1665 593 1726 sihi
611 1663 787 1740 consociet,
810 1671 842 1724 et
866 1683 925 1743 per
943 1662 1107 1726 amborum
1125 1686 1201 1726 con·

101 1771 229 1811 sensum
245 1748 694 1829 huiuscemodidistringatur
709 1753 927 1826 contemptor,
949 1753 985 1806 ut
999 1746 1132 1808 iussioni
1148 1747 1200 1808 sui

101 1829 252 1915 Episcopi
271 1831 423 1892 obediens
436 1829 557 1894 existat.
576 1829 609 1890 Si
624 1851 700 1898 vero
720 1847 880 1888 assensum
894 1848 959 1890 non
972 1829 1109 1907 dederit,
1118 1830 1200 1890 ban-

104 1935 180 1974 num
190 1911 440 1973 nostrumnobis
451 1911 561 1976 solvat.
575 1911 671 1988 Quod
679 1910 705 1971 si
720 1909 824 1970 adhuc
832 1919 1002 1972 contumax
1013 1910 1199 1993 perstiterit,

104 2004 179 2068 tunc
203 1993 243 2054 ab
253 1993 414 2077 Episcopo
428 1994 733 2057 excommunicetur.
755 1991 788 2052 si
810 2013 887 2053 vero
905 1993 1198 2055 excommunicatus

105 2077 219 2159 corrigi
230 2077 453 2158 nequiverit,d
466 2076 590 2137 Comite
608 2076 640 2134 in
655 2073 794 2136 vinculis
808 2074 1016 2157 distringatur
1028 2097 1197 2157 quousque

104 2169 246 2220 nostrum
260 2158 286 2219 is
307 2169 508 2240 contemptor
523 2157 674 2240 suscipiat
688 2156 850 2221 iudicium.
869 2156 903 2217 Si
927 2169 1006 2220 vero
1025 2157 1060 2218 in
1080 2158 1197 2220 talibus

104 2244 216 2303 Comes
236 2239 382 2323 repertus
401 2241 501 2302 fuerit
527 2242 659 2315 noxius,
693 2259 751 2320 per
779 2238 975 2321 Episcopum
1000 2238 1070 2302 eius
1104 2238 1197 2302 nobis

102 2324 280 2384 nuntietur.
329 2325 364 2384 Si
387 2333 494 2384 autem
522 2321 672 2382 vassallus
693 2331 802 2382 noster
826 2319 859 2380 in
884 2320 943 2384 hae
970 2322 1066 2406 culpa
1090 2322 1197 2406 lapsus

100 2407 216 2482 suerit,
238 2404 427 2488 sicutsupra
442 2426 501 2487 per
526 2404 682 2464 Comitem
703 2402 917 2485 distringatur.
960 2405 1056 2483 Quod
1083 2405 1109 2466 si
1131 2427 1196 2467 non

101 2488 258 2565 audierit,
279 2489 371 2550 nobis
389 2487 566 2548 innoteseat
585 2496 657 2546 ante
672 2508 766 2567 quam
785 2485 817 2544 in
845 2486 984 2548 vinculis
1002 2487 1155 2548 mittatur.

179 2569 273 2632 XVI.
315 2572 472 2646 Volumus
487 2579 521 2629 ut
544 2569 630 2628 omni
646 2569 741 2629 modo
768 2568 956 2635 emunitates
979 2591 1038 2651 pro
1060 2570 1196 2630 Genito-

100 2653 144 2716 ris
167 2652 266 2714 nostri
281 2653 429 2714 mercede
449 2673 506 2712 seu
525 2661 631 2712 nostra
652 2651 792 2732 pleniter
805 2671 840 2708 ac
858 2649 939 2712 iuste
956 2645 1195 2722 conserventurss

182 2735 292 2800 XVII.
334 2735 491 2798 Volumus
514 2741 550 2792 ut
571 2744 621 2794 res
646 2755 728 2813 quae
753 2733 771 2792 la
798 2731 909 2794 liberis
938 2733 1083 2814 personis
1115 2735 1196 2796 locis

98 2820 170 2878 Deo
187 2816 299 2878 dicatis
320 2818 555 2890 conferuntur,
576 2815 671 2876 liceat
688 2814 747 2874 sihi
763 2816 995 2876 usumfructum
1018 2824 1050 2876 et
1069 2816 1195 2877 ordina·

99 2901 222 2962 tionem
250 2898 432 2960 earumdem
453 2920 575 2974 rerum,
611 2898 637 2958 si
671 2896 765 2957 aliter
797 2897 856 2958 sibi
886 2897 1061 2979 placuerit,
1087 2897 1194 2962 reserss

98 3003 186 3047 vare.
228 2981 262 3042 Si
278 2982 371 3042 aliter
391 3002 442 3042 cas
459 3002 523 3042 non
541 2979 751 3055 ordinaverit,
772 2978 816 3039 ita
838 2988 988 3041 maneant
1003 2980 1087 3042 sicut
1101 2978 1193 3066 prius

99 3064 192 3125 datae
213 3063 344 3128 fuerint.
1194 3059 1196 3064 ’

180 3145 309 3210 XVIII.
351 3143 494 3226 Singulis
509 3141 697 3223 Episcopis,
719 3141 905 3220 Abbatibus,
924 3143 1099 3208 AbbatissIs
1112 3146 1192 3209 dnos
1247 3221 1248 3224 Ἰ

99 3230 306 3291 concedimus
327 3226 445 3287 habere
463 3224 659 3293 Advocatos;
682 3221 818 3306 eosque,
848 3227 991 3310 quandiu
1011 3227 1194 3292 advocatio·

98 3334 174 3373 nem
195 3308 376 3384 tenuerint,
398 3309 437 3367 ab
458 3308 549 3367 hoste
564 3307 755 3366 relaxemus.

179 3393 273 3456 XIX.
314 3389 525 3454 Prohibemus
549 3397 582 3457 ot
605 3409 700 3448 nemo
726 3409 854 3449 usuram
881 3389 987 3452 facere
1011 3405 1192 3472 praesumat

97 3487 170 3561 post
186 3476 336 3558 Episcopi
361 3473 410 3534 sui
434 3470 707 3534 contestationem.
749 3471 845 3547 Quod
871 3471 897 3532 si
925 3471 997 3554 quis
1024 3484 1095 3554 post
1120 3475 1191 3538 eius

99 3559 307 3622 interdictum
334 3558 440 3617 facere
464 3553 731 3636 praesumpserit,
753 3553 770 3610 b
794 3553 992 3631 Comitihus,
1027 3557 1110 3618 sicut
1140 3579 1191 3618 su-

96 3664 154 3727 pra
181 3642 365 3704 dictumest
381 3639 420 3701 de
438 3633 728 3718 contemptoribus,
755 3636 968 3720 praecipimus
996 3646 1032 3699 ut
1057 3638 1190 3702 distrin-

96 3735 223 3810 gantur.

179 3803 257 3868 XX.
296 3799 513 3884 Praccipimus
531 3807 567 3860 ut
591 3799 736 3881 singulae
756 3798 866 3880 plebes
898 3801 1075 3863 seeundum
1105 3801 1190 3864 anti·

96 3912 193 3970 qnam
214 3885 478 3949 consuetudinem
497 3882 575 3941 fiant
593 3891 794 3942 restauratae.
836 3884 931 3960 Quod
959 3884 986 3946 si
1015 3882 1074 3943 lilii
1104 3885 1189 3946 eius-

97 3974 170 4033 dem
193 3970 356 4032 Ecclesiae
380 3988 431 4028 eas
460 3976 638 4026 restaurare
667 3963 846 4042 noluerint,
869 3965 888 4026 d
910 3963 1062 4028 ministris
1083 3965 1190 4049 reipu-

97 4055 200 4116 blicae
213 4051 444 4132 distringantur
468 4056 502 4108 ut
523 4046 666 4109 volentes
685 4047 895 4130 nolentesque
918 4059 1057 4111 nostram
1084 4048 1189 4112 obser·

99 4146 175 4200 vent
194 4131 458 4216 praeceptionem.
799 4209 802 4216 .

176 4217 265 4282 XXI.
305 4218 353 4278 De
371 4209 523 4295 precariis
549 4231 679 4293 quoque
705 4230 786 4292 quae
813 4231 831 4270 a
860 4211 1047 4275 Rectoribus
1073 4213 1188 4276 Eccle-
