2746 4992
236 1662 1091 1840 MARGULFJ

396 1894 936 1973 ΜοΝΑοΗΙ

199 2069 1132 2170 FORMULARUM

464 2274 854 2340 emmone.

552 2461 787 2479 m

353 2624 429 2698 IN
488 2583 973 2701 oEINoMlNE

97 2863 100 2870 y
213 2779 413 2846 INCIPIT
452 2776 729 2845 PRAEFATIO
770 2781 908 2847 LIBRI
945 2781 1109 2847 HUIUS.

109 3064 269 3191 Domino
291 3122 428 3202 Sancto,
454 3115 800 3203 meritis‘heetissimo,
830 3132 864 3187 et
891 3125 1068 3211 apostolico
1094 3145 1222 3213 semper

110 3203 235 3268 honore
262 3205 479 3290 suscipiendo,
502 3205 655 3288 omnique
689 3209 862 3289 praeconio
892 3211 988 3273 laude
1024 3211 1221 3273 celebrando

109 3290 237 3350 Domno
264 3311 301 3350 ee
332 3288 603 3351 Reverentissimo
632 3290 738 3371 Papae
766 3291 945 3353 Landerieo
970 3302 1004 3367 a)
1041 3294 1221 3355 Marculfus

110 3371 244 3432 ultimus
266 3393 302 3431 ee
324 3371 495 3434 vilissimus
510 3373 656 3432 omnium
672 3372 913 3442 Monachorum.
953 3377 1095 3453 Utinam,
1111 3384 1220 3438 sancte

109 3455 226 3531 Peter,
262 3453 436 3516 iussionem
460 3462 598 3517 vestram
624 3463 690 3514 tam
714 3451 888 3516 efficaciter
919 3478 1015 3540 quem
1044 3469 1220 3541 spontanee

112 3536 331 3618 obtemperare
351 3537 530 3616 voluissem,
553 3537 629 3620 quia
650 3538 713 3596 iam
733 3559 827 3621 supra
847 3539 932 3602 vires
953 3561 1042 3604 meae
1063 3540 1222 3624 possibili·
1269 3574 1271 3579 ,

111 3617 183 3678 tatis
206 3630 338 3680 conatus
360 3642 430 3681 sum
450 3619 637 3681 iniunctum
657 3643 674 3680 a
696 3621 787 3682 vobis
809 3619 916 3682 subire
939 3622 1124 3706 negotium,
1147 3645 1221 3684 eum

109 3701 179 3761 fere
201 3702 401 3784 septuaginta
423 3711 478 3762 aut
498 3702 635 3785 amplius
651 3724 752 3764 annos
768 3706 917 3786 expleam
938 3706 1087 3777 vivendi3
1111 3715 1143 3766 et
1160 3727 1220 3767 nec

110 3784 174 3842 iem
195 3787 331 3846 tremule
353 3785 393 3846 ed
419 3783 625 3848 scribendum
645 3808 756 3847 manus
779 3797 827 3848 est
851 3797 934 3868 epta,
957 3809 1018 3848 nec
1041 3789 1081 3848 ad
1103 3789 1221 3850 viden-

110 3866 189 3926 dum
209 3867 288 3926 mihi
323 3869 409 3929 oculi
439 3868 607 3930 sufficiunt
638 3869 830 3951 caliganteS,
866 3890 927 3930 nee
948 3871 989 3930 ed
1013 3871 1221 3953 cogitandum

109 3948 230 4009 sufficit
249 3948 413 4013 hebetudo
434 3951 560 4012 mentis.
604 3951 688 4030 Quia
710 3953 800 4012 iuxta
821 3951 945 4012 dictum
965 3953 1133 4014 cuiusdam
1146 3976 1222 4035 pru·

110 4031 290 4093 deotissimi
313 4033 386 4110 viri,
408 4033 443 4093 in
455 4033 565 4118 pueris
586 4034 702 4096 erescit
722 4056 845 4112 sensus,
868 4035 902 4094 in
924 4034 1098 4097 iuvenibus
1120 4037 1219 4118 viget,

110 4113 145 4174 in
167 4114 298 4176 senibus
318 4115 483 4179 minuiter.
535 4117 711 4202 Propterea
737 4117 795 4201 qui
825 4117 991 4204 eleganter
1020 4119 1129 4182 faeere
1153 4140 1218 4180 non

112 4234 394 4250 ——n-—-

143 4287 176 4358 a)
195 4288 231 4345 al.
252 4305 298 4342 ms.
321 4287 453 4364 Glidulfo.
