2786 4980
142 317 192 391 tto
389 334 422 392 a
439 313 519 394 cae.
554 336 580 352 '¹
623 335 868 394 manuisum
968 340 1029 398 sse.

140 479 249 541 viomo
273 478 368 540 vinae
392 475 572 560 dequibus
593 477 773 540 secundum
797 478 949 562 temporis
972 479 1159 562 qualitatem
1179 479 1246 541 col·

139 563 288 644 liguntur
310 561 416 622 modio
441 568 572 622 centum
596 559 721 643 viginti.
763 563 826 624 Has
851 563 993 644 denique
1016 583 1077 641 res,
1099 561 1182 623 sicut
1208 564 1245 622 ia

139 645 566 731 privilegio=Episcoporum
584 644 785 720 continetur,
807 646 986 706 secundum
1006 644 1248 727 praenominati

140 728 313 790 reverendi
346 725 511 788 Pontificis
539 727 689 791 Immonis
720 727 944 788 rationabilem
970 728 1245 805 constitutionem,

140 811 320 892 sumptibus
341 819 373 869 et
392 809 590 869 indumentis
610 812 790 892 ceterisque
823 810 1017 870 utilitatibus
1036 811 1249 892 praesignatis

141 893 314 956 canonicis
327 902 453 954 sanctae
465 892 594 968 Mariae,
610 893 753 953 eiusdem
768 893 942 974 saepedicti
958 894 1137 953 venerandi
1153 896 1248 954 Prae-

141 977 220 1038 sulis
237 976 375 1056 supplici
397 975 633 1054 deprecatione,
655 977 844 1057 perenniter
862 976 1024 1038 habendos
1042 976 1248 1038 decernimus

143 1068 175 1119 et
196 1060 374 1129 firmamus3
410 1057 562 1118 videlicet
583 1067 618 1118 ut
642 1067 768 1130 remota¹
785 1060 983 1120 necessitatis
1004 1059 1246 1138 inquictudine,

141 1142 218 1222 ipsis
239 1139 515 1202 etsuccessoribus
533 1161 644 1200 eorum
662 1141 795 1202 liberius
812 1163 870 1222 per
890 1143 997 1201 omnia
1015 1152 1170 1221 tempora,
1185 1162 1247 1222 pro

142 1225 234 1284 uobis
255 1232 287 1283 et
304 1225 395 1305 regni
412 1221 594 1300 stabilitate,
616 1223 736 1284 Christi
754 1223 1156 1309 misericordiamxassiduis
1175 1245 1249 1306 pre·

142 1307 231 1367 cibus
252 1306 425 1388 implorare
449 1306 596 1366 delectet.
637 1349 640 1356 ⁴

222 1391 395 1450 Praeterea
420 1390 586 1448 statuimus
611 1396 646 1447 ut
673 1388 756 1448 ultra
780 1386 989 1448 tricenarium
1017 1409 1189 1448 numerum
1211 1387 1248 1447 in

142 1472 390 1552 congregatione
414 1473 549 1531 fratrum
567 1470 749 1552 praedictae
764 1471 929 1532 Ecclesiae
951 1479 1078 1534 sanctae
1102 1472 1164 1531 Dei
1189 1491 1250 1552 gc-

142 1555 267 1614 nitricis
288 1556 405 1615 Mariae
426 1554 537 1612 nullus
564 1553 767 1614 Clericorum
790 1553 977 1630 adiicietur,
1000 1553 1062 1612 nisi
1087 1555 1172 1614 sorte
1196 1575 1249 1614 sa·

140 1637 341 1721 peradiectae
363 1636 488 1698 fuerint
509 1637 589 1695 aliae
609 1645 737 1716 praeter
754 1636 826 1696 istas
842 1658 892 1697 res
916 1658 998 1718 quae
1023 1636 1063 1695 ad
1088 1657 1165 1696 usus
1191 1657 1250 1696 eo-

141 1741 213 1780 rum
242 1719 311 1778 sine
340 1718 593 1780 murmuratione
616 1718 797 1789 sufficiant;
825 1730 982 1799 quatenus
1007 1719 1171 1778 moderata
1192 1740 1249 1778 re-

140 1825 213 1863 rum
232 1801 414 1862 distributio
446 1803 663 1882 praefatorum
683 1801 883 1861 Clericorum
914 1802 948 1860 in
976 1810 1152 1861 memorato
1174 1801 1249 1862 loco

140 1886 318 1964 secundum
339 1884 462 1966 proprii
485 1884 651 1945 Pontificis
667 1883 1162 1960 administrationemsufficiens,
1181 1905 1251 1944 non

141 1968 203 2026 alia
218 1968 448 2028 constitutione
469 1977 636 2027 moveatur
649 1987 730 2048 quae
747 1987 859 2026 eorum
871 1966 993 2026 animos
1008 1966 1117 2048 aliqua
1136 1967 1251 2028 turbe-

141 2051 171 2110 la
192 2050 223 2109 in
243 2051 355 2110 divino
378 2049 510 2111 servitio
528 2060 692 2130 tepescere
715 2057 815 2130 cogat.

222 2134 266 2193 Ut
279 2144 392 2192 autem
420 2133 500 2192 haec
521 2132 772 2213 praecellentiae
800 2140 927 2191 nostrae
955 2128 1156 2191 confirmatio
1177 2151 1251 2212 per-

139 2224 275 2298 petuam
290 2215 323 2273 in
348 2213 407 2275 Dei
427 2215 558 2274 nomine
580 2215 726 2275 obtineat
749 2213 910 2296 vigorem,
939 2211 979 2274 de
1010 2212 1109 2272 anulo
1137 2222 1250 2274 nostro

139 2299 252 2360 subter
272 2319 340 2357 eam
358 2297 506 2358 iussimus
528 2296 673 2378 sigillari.

226 2384 546 2445 Gurar.·anuus......,
569 2381 609 2440 ad
631 2380 734 2440 vicem
756 2379 915 2440 Luoovrcr
936 2377 1132 2460 recognovit.

221 2466 301 2524 Data
323 2485 393 2522 vui.
415 2461 576 2523 Kalendas
605 2462 760 2544 Augusti,
791 2459 972 2522 Indictione
1001 2483 1050 2539 tv,
1072 2479 1158 2520 anno
1180 2481 1244 2538 xv,

138 2557 295 2630 regnante
317 2546 450 2605 Kanoao
474 2545 701 2625 gloriosissimo
722 2547 820 2625 Rege.

221 2630 339 2692 Actum
361 2627 529 2691 Vermeria
550 2625 670 2710 palatio
691 2625 792 2709 regio.

342 2804 771 2868 TITULUS
833 2803 1038 2869 XVlll.

139 2952 229 3024 Hoc
252 2963 305 3020 est
328 2950 531 3020 Consilium
548 2950 648 3041 qnod
661 2950 845 3041 Episcopi
867 2963 902 3018 et
921 2947 1089 3021 Abbatee
1111 2960 1146 3017 et
1163 2971 1249 3017 cne-

139 3054 211 3121 teri
227 3051 363 3142 fideles
382 3049 525 3116 Domni
552 3051 688 3117 K'ornli
706 3051 810 3140 opud
834 3049 1027 3118 Bonoilnm
1045 3047 1249 3116 conrintini-

138 3163 196 3220 ter
216 3149 271 3218 illi
295 3149 486 3228 dederunt,
514 3172 613 3216 αηηο
639 3149 912 3217 incarnationis
937 3148 1097 3216 Domini
1127 3146 1249 3215 nostri

222 3249 310 3318 Iesu
341 3245 480 3316 Christi
502 3245 737 3318 DCCCLVl.
767 3249 806 3316 in
830 3271 952 3316 merare
976 3245 1161 3338 Augusto.

141 3383 336 3516 Increpatio
355 3456 451 3515 quam
473 3433 506 3494 in
533 3435 666 3516 epistola
681 3436 812 3497 Domini
827 3436 1004 3519 Apostolici
1028 3437 1195 3499 nobiscum
1210 3439 1249 3508 l)

141 3531 262 3583 etcum
280 3518 350 3577 aliis
367 3516 515 3578 fidelibus
535 3518 647 3578 vestris
667 3519 867 3595 andivimus,
890 3519 1088 3581 severissime
1109 3542 1166 3582 nos
1178 3531 1251 3580 tan·

140 3612 241 3686 geret,
262 3600 288 3662 si
315 3622 372 3660 nos
391 3600 486 3660 aliter
511 3621 575 3658 non
600 3601 773 3680 egissemus
798 3623 894 3682 quarn
912 3601 1012 3660 isdem
1038 3604 1183 3663 Domnus
1201 3603 1248 3662 A·

139 3684 315 3769 postolicus
340 3704 397 3742 nos
425 3681 546 3762 egisse,
576 3683 755 3743 seeundum
782 3685 870 3765 quod
897 3683 964 3762 ipse
986 3684 1150 3763 audierat,
1172 3707 1251 3746 cum

139 3788 253 3847 magna
271 3764 458 3825 auctoritate
486 3765 657 3828 mandavit.
679 3765 843 3846 Namquia
861 3787 919 3826 nos
941 3764 973 3822 in
996 3765 1054 3826 isto
1073 3769 1170 3844 facto,
1189 3789 1250 3826 un-

140 3851 180 3911 de
204 3871 262 3909 nos
288 3847 470 3928 specialiter
491 3847 665 3927 redarguit,
688 3848 927 3908 consentientes
955 3869 1020 3907 non
1046 3850 1185 3926 fuimus,
1217 3858 1250 3909 et

140 3954 196 3993 vos
217 3953 253 3990 ac
275 3932 387 3990 fideles
406 3937 540 4002 vestros,
563 3951 642 4008 quos
660 3930 735 3990 inde
757 3931 927 3990 admonere
947 3932 1111 4007 convenit,
1130 3942 1162 3992 et
1179 3954 1253 3991 ver·

138 4015 187 4075 bis
207 4023 239 4072 ct
259 4012 397 4092 scriptis,
418 4012 501 4070 sicut
519 4011 578 4092 ipsi
601 4012 699 4086 scitis,
721 4021 752 4072 et
771 4011 932 4071 manentia
948 4014 1065 4092 scripta
1077 4023 1250 4089 testantur,

138 4099 331 4176 {requenter
346 4102 378 4154 et
396 4092 568 4156 salubriter
585 4091 864 4171 commonuimus,
894 4103 930 4154 ut
946 4095 1035 4178 quod
1060 4108 1175 4160 contra
1197 4118 1252 4156 sa-

139 4229 474 4244 mnu—u

175 4274 207 4345 l)
226 4276 252 4326 al
280 4291 340 4330 mss.
359 4275 503 4331 vobiscum.
