2786 4980
173 318 222 392 stt
372 339 404 394 s.
436 335 521 395 oua
627 335 870 392 canrumnn
973 331 1034 404 ⁸54⁹.

251 476 305 542 111
358 479 407 538 De
424 475 485 539 viis
504 495 564 560 per
584 495 692 560 aquas,
713 474 867 537 videlicet
885 483 919 535 ut
936 475 991 536 nbi
1006 474 1134 539 noviter
1152 475 1280 540 clausae

171 570 275 633 erant,
299 561 516 646 aperirentur,
539 560 622 620 sicut
643 559 822 639 antiquitus
842 559 975 618 fuerunt
996 569 1133 642 apertae.

252 643 311 710 lV,
354 647 402 703 De
426 642 579 724 pontibus
602 641 839 717 restaurandis,
862 640 1015 702 videlicet
1036 652 1072 702 ut
1098 642 1280 703 secundum

169 725 369 806 Capitularia
391 728 440 786 avi
464 735 496 784 et
514 725 612 806 patris
636 724 697 795 sui,
720 723 776 782 ubi
794 723 972 806 antiquitus
996 725 1147 802 fuerunt,
1169 726 1280 786 relici-

169 817 265 868 antur
282 810 320 868 ah
342 809 392 869 his
413 808 470 889 qui
491 806 631 868 honores
648 805 722 867 illos
737 814 850 868 tenent
874 807 913 868 de
932 806 1049 889 quibus
1068 817 1141 868 ante
1162 818 1279 890 pontes

168 888 246 952 facti
268 892 322 952 rel
346 889 515 951 restaurati
536 891 679 950 fuerunt.

250 975 290 1035 V.
331 976 380 1034 De
404 973 536 1033 navibus
555 993 637 1052 quae
659 969 855 1032 vaduntsub
870 970 1042 1053 pontibus,
1065 971 1220 1034 videlicet
1240 981 1280 1032 nt

169 1052 246 1115 inde
268 1057 522 1116 teloneum'non
547 1054 702 1132 exigatur.

250 1139 308 1204 Vt,
349 1142 398 1199 De
416 1136 545 1198 advenis
567 1156 648 1216 quos
663 1132 813 1215 affligunt
827 1133 966 1196 ministri
982 1135 1190 1218 reipublicae,
1213 1137 1279 1198 sci-

167 1217 246 1280 licet
267 1221 377 1302 utqui
400 1219 439 1280 ab
465 1219 530 1278 illis
556 1239 637 1299 quos
656 1217 847 1278 Nortmanni
873 1221 927 1278 vel
955 1219 1116 1280 Brittones
1140 1219 1278 1280 adflixe-

166 1312 263 1379 runt,
287 1313 320 1363 et
341 1303 415 1363 ideo
435 1300 651 1362 mendicando
680 1299 714 1358 in
743 1299 828 1360 istud
852 1322 988 1380 regnum
1017 1303 1279 1379 venerunt,ch

167 1386 224 1466 qui
249 1395 382 1467 propter
405 1383 622 1444 adflictionem
648 1381 874 1464 Aquitanicam
894 1384 961 1444 huc
987 1393 1168 1461 venerunt,
1197 1406 1278 1444 cen-

165 1490 236 1528 sum
256 1469 308 1530 vel
322 1467 524 1549 operationes
541 1475 729 1545 exegerunt,
745 1463 895 1525 heccum
914 1489 970 1525 sua
990 1467 1061 1546 lege
1082 1467 1148 1526 illis
1165 1489 1277 1527 emen-

166 1550 255 1610 dent.
297 1551 339 1610 Et
353 1550 411 1630 qui
430 1549 581 1628 deinceps
601 1547 662 1608 hoc
678 1547 784 1608 facere
811 1550 1070 1632 praesumpserit,
1092 1550 1188 1610 simul
1203 1571 1277 1611 cum

168 1631 394 1694 emendatione
414 1630 611 1692 dominicum
628 1630 770 1688 bannum
789 1641 969 1710 componat.

248 1713 324 1779 VlI.
366 1717 414 1774 Dc
425 1713 605 1774 latronibus
620 1712 677 1792 qui
697 1734 784 1772 nunc
798 1713 880 1772 nihil
899 1714 974 1772 mali
988 1712 1123 1788 faciunt,
1141 1721 1172 1772 et
1187 1712 1277 1794 quod

164 1797 286 1856 iamdiu
306 1798 456 1856 fecerunt
477 1795 683 1855 emendatum
704 1793 841 1872 liabent,
865 1805 896 1856 et
920 1797 1032 1857 nullus
1061 1797 1156 1855 modo
1180 1817 1278 1878 super

165 1901 219 1942 eos
240 1879 365 1956 clamat,
388 1878 543 1938 videlicet
562 1887 596 1936 ut
613 1885 746 1958 propter
761 1877 823 1938 hoc
850 1878 945 1938 niodo
964 1900 1028 1938 non
1048 1877 1235 1959 puniantur.

250 1961 345 2022 Vlll.
387 1964 435 2021 De
453 1959 636 2020 hominibus
650 1959 706 2039 qui
722 1959 754 2017 in
771 1961 878 2020 banno
893 1969 924 2020 et
940 1962 973 2018 in
991 1959 1190 2042 poenitentia
1204 1960 1279 2022 mis·

166 2044 192 2108 si
218 2053 304 2121 sunt,
333 2052 365 2103 et
383 2042 475 2123 peius
490 2063 616 2124 semper
634 2041 770 2120 saciuut,
792 2043 918 2104 scilicet
934 2052 971 2103 ut
989 2066 1007 2102 a
1028 2043 1132 2106 Missis
1148 2044 1277 2126 capian-

164 2137 220 2188 tur
242 2137 274 2188 et
296 2125 567 2206 constringantur.

249 2207 309 2269 lX.
351 2209 400 2268 De
422 2208 576 2282 monetis,
600 2214 630 2266 et
651 2205 788 2266 falsariis
813 2206 929 2285 fabris,
951 2207 1107 2270 videlicet
1138 2216 1175 2267 ut
1196 2207 1276 2269 dili-

165 2301 280 2376 genter
305 2290 513 2371 inquirantur
538 2299 571 2374 et
592 2289 815 2362 emendentur.

248 2373 291 2436 Χ.
333 2377 382 2433 De
405 2374 501 2432 rebus
524 2371 743 2432 Ecclesiarum
770 2373 802 2430 in
833 2373 959 2434 alodem
985 2371 1093 2450 datis,
1123 2372 1277 2434 videlicet

156 2461 204 2518 'ut
225 2478 242 2514 a
263 2457 367 2518 Missis
395 2455 621 2537 inquirantur,
653 2463 684 2512 et
720 2451 959 2534 describantur,
990 2465 1023 2517 et
1043 2454 1123 2538 Regi
1145 2456 1276 2516 denun-

166 2541 301 2600 tientur.
489 2536 491 2542 ’
1257 2559 1258 2564 ’

247 2621 307 2687 Xl.
348 2623 397 2683 De
420 2618 620 2682 monasteriis
642 2620 894 2697 circumeundis,
918 2620 951 2680 id
972 2629 1031 2697 est,
1059 2629 1095 2680 ut
1120 2620 1203 2681 sicut
1225 2643 1277 2683 cr·

164 2702 312 2766 dinatum
333 2707 405 2782 luit,
430 2706 473 2764 ita
492 2702 581 2763 Missi
597 2705 731 2788 exsequi
755 2713 943 2787 procurent.

246 2787 325 2848 XlI.
369 2791 416 2849 De
432 2785 618 2848 hominibus
642 2791 699 2871 qui
722 2787 875 2847 iteruma
904 2804 989 2847 novo
1009 2782 1115 2866 raptos
1137 2783 1276 2864 faciunt,

62 2859 64 2867 ¹
126 2911 128 2914 -
162 2877 199 2929 ut
220 2893 238 2930 a
262 2871 366 2932 Missis
394 2867 728 2950 comprehendantur,
755 2879 788 2933 et
809 2869 1082 2952 constringantur,
1106 2869 1193 2929 etad
1214 2869 1278 2929 Re·

164 2953 212 3034 gis
230 2953 445 3035 praesentiam
467 2951 678 3015 deducantur.
1233 3009 1236 3016 .

248 3035 344 3097 Xlll.
387 3038 434 3094 De
457 3032 611 3094 fidelitate
633 3037 713 3119 Regi
739 3032 975 3117 promittenda,
1005 3032 1038 3092 id
1067 3040 1132 3110 est,
1164 3054 1276 3094 omnes

163 3138 224 3200 per
242 3138 378 3198 regnum
400 3116 487 3178 illius
505 3117 622 3176 Franci
645 3120 832 3180 fidelitatem
850 3117 900 3174 illi
918 3117 1114 3198 promittant.
1156 3116 1197 3176 Et
1215 3116 1276 3194 qui

165 3200 281 3258 dicunt
312 3222 344 3260 se
361 3199 458 3258 -illam
478 3199 681 3282 promisisse,
712 3211 767 3261 aut
791 3199 888 3262 certis
913 3198 1045 3258 testibus
1070 3197 1132 3258 hoc
1156 3197 1276 3278 adpro-

163 3281 254 3358 hent,
276 3293 331 3343 aut
341 3280 455 3340 iurent
471 3303 504 3342 se
525 3280 615 3342 illam
639 3292 713 3345 ante
734 3284 866 3360 iurasse,
889 3291 944 3342 aut
965 3281 1055 3342 illam
1075 3280 1175 3364 ipsam
1197 3279 1278 3342 fide·

163 3362 287 3426 litatem
308 3363 507 3448 promittant.

362 3465 600 3528 Sacramentum
622 3479 725 3528 autem
738 3468 915 3552 fidelitatis
938 3469 999 3528 tale
1021 3483 1076 3530 est.

244 3549 314 3632 Ego
337 3547 383 3609 ill.
405 3549 525 3612 Karolo
545 3551 740 3611 Hludouvici
761 3563 792 3612 et
809 3551 970 3612 Iudithtae
992 3551 1060 3612 lilio
1085 3551 1124 3611 al)
1142 3551 1201 3612 ista
1221 3550 1275 3613 die

163 3635 275 3694 inante
299 3631 405 3692 fidelis
426 3655 480 3693 ero
500 3634 680 3693 secundum
704 3655 810 3694 meum
833 3636 989 3710 savirum,
1024 3635 1108 3695 sicut
1127 3637 1274 3696 Francus

159 3717 257 3777 homo
280 3725 465 3795 perrectum
484 3735 550 3777 esse
571 3715 667 3778 dehet
686 3739 744 3780 suo
763 3716 853 3800 Regi.
896 3717 949 3780 Sic
975 3738 1025 3778 me
1041 3719 1129 3780 Deus
1142 3716 1276 3778 adiuvet

162 3809 195 3860 et
217 3799 296 3859 istae
317 3797 498 3879 Reliquiae.

159 3916 251 3976 Anno
283 3914 516 3973 Iitcarnationis
539 3913 673 3973 Domini
703 3935 863 3992 necerim,
897 3937 927 3974 v.
951 3915 1059 3975 Nonas
1083 3915 1205 3990 Iulias,
1240 3915 1278 3974 in

201 3997 297 4059 mullo
316 3997 420 4056 Remis
439 3996 494 4057 isti
509 3997 699 4136 iurauerglanlt
716 3997 803 4078 quod
827 4002 962 4058 iuratam
991 3995 1232 4080 laudatissentfi-

657 4092 803 4144 ertatem.

246 4169 272 4266 ,¹
354 4182 447 4246 Isrr
490 4205 757 4246 ruaavnaurr
792 4207 1060 4260 anrrourrus.

244 4266 442 4336 Teudaorus.
473 4268 664 4336 Amalricus.
695 4263 883 4337 Rotboldus.
917 4271 1134 4336 amalbertus.
1168 4271 1276 4336 Dodo.
