<?xml version="1.0" encoding="UTF-8"?>
<!DOCTYPE html PUBLIC "-//W3C//DTD XHTML 1.0 Transitional//EN"
    "http://www.w3.org/TR/xhtml1/DTD/xhtml1-transitional.dtd">
<html xmlns="http://www.w3.org/1999/xhtml" xml:lang="en" lang="en">
 <head>
  <title>
</title>
<meta http-equiv="Content-Type" content="text/html;charset=utf-8" />
  <meta name='ocr-system' content='tesseract 3.04.00' />
  <meta name='ocr-capabilities' content='ocr_page ocr_carea ocr_par ocr_line ocrx_word'/>
</head>
<body>
  <div class='ocr_page' id='page_1' title='image "./corpusiurisgerm01visigoog_0021.png"; bbox 0 0 2786 4980; ppageno 0'>
   <div class='ocr_carea' id='block_1_1' title="bbox 131 307 1140 426">
    <p class='ocr_par' dir='ltr' id='par_1_1' title="bbox 131 307 1140 426">
     <span class='ocr_line' id='line_1_1' title="bbox 131 307 1140 426; baseline 0.002 -30"><span class='ocrx_word' id='word_1_1' title='bbox 131 307 182 396; x_wconf 79' lang='grc'><strong>’8</strong></span> <span class='ocrx_word' id='word_1_2' title='bbox 417 345 447 399; x_wconf 81' lang='lat' dir='ltr'><strong>a.</strong></span> <span class='ocrx_word' id='word_1_3' title='bbox 467 343 547 401; x_wconf 86' lang='lat' dir='ltr'><strong>cna.</strong></span> <span class='ocrx_word' id='word_1_4' title='bbox 652 339 895 398; x_wconf 73' lang='lat' dir='ltr'><strong>saturninus</strong></span> <span class='ocrx_word' id='word_1_5' title='bbox 979 345 1059 413; x_wconf 73' lang='lat' dir='ltr'><strong>aas.</strong></span> <span class='ocrx_word' id='word_1_6' title='bbox 1082 391 1100 398; x_wconf 18' lang='lat' dir='ltr'><strong>r.</strong></span> <span class='ocrx_word' id='word_1_7' title='bbox 1136 419 1140 426; x_wconf 89' lang='lat'>.</span> 
     </span>
    </p>
   </div>
   <div class='ocr_carea' id='block_1_2' title="bbox 101 480 1268 4371">
    <p class='ocr_par' dir='ltr' id='par_1_2' title="bbox 152 480 1267 3192">
     <span class='ocr_line' id='line_1_2' title="bbox 153 480 1249 568; baseline 0.007 -24"><span class='ocrx_word' id='word_1_8' title='bbox 153 480 419 550; x_wconf 65' lang='lat' dir='ltr'><strong>christianissimi</strong></span> <span class='ocrx_word' id='word_1_9' title='bbox 431 483 611 568; x_wconf 78' lang='lat' dir='ltr'><strong>Principes,</strong></span> <span class='ocrx_word' id='word_1_10' title='bbox 629 480 860 545; x_wconf 84' lang='lat' dir='ltr'><strong>venerabiliter</strong></span> <span class='ocrx_word' id='word_1_11' title='bbox 871 481 1097 568; x_wconf 82' lang='lat' dir='ltr'><strong>admonemus,</strong></span> <span class='ocrx_word' id='word_1_12' title='bbox 1117 498 1151 554; x_wconf 88' lang='lat' dir='ltr'><strong>et</strong></span> <span class='ocrx_word' id='word_1_13' title='bbox 1167 489 1249 554; x_wconf 82' lang='lat' dir='ltr'><strong>dero</strong></span> 
     </span>
     <span class='ocr_line' id='line_1_3' title="bbox 152 565 1264 652; baseline 0.006 -26"><span class='ocrx_word' id='word_1_14' title='bbox 152 565 272 627; x_wconf 80' lang='lat' dir='ltr'><strong>tissime</strong></span> <span class='ocrx_word' id='word_1_15' title='bbox 286 567 487 630; x_wconf 80' lang='lat' dir='ltr'><strong>obsecramus</strong></span> <span class='ocrx_word' id='word_1_16' title='bbox 501 576 537 627; x_wconf 93' lang='lat' dir='ltr'><strong>ut</strong></span> <span class='ocrx_word' id='word_1_17' title='bbox 550 587 707 628; x_wconf 84' lang='lat' dir='ltr'><strong>memores</strong></span> <span class='ocrx_word' id='word_1_18' title='bbox 717 565 829 626; x_wconf 89' lang='lat' dir='ltr'><strong>salutis</strong></span> <span class='ocrx_word' id='word_1_19' title='bbox 847 577 987 645; x_wconf 79' lang='lat' dir='ltr'><strong>restrae,</strong></span> <span class='ocrx_word' id='word_1_20' title='bbox 1009 574 1185 652; x_wconf 89' lang='lat' dir='ltr'><strong>praesentis</strong></span> <span class='ocrx_word' id='word_1_21' title='bbox 1203 571 1264 634; x_wconf 86' lang='lat' dir='ltr'><strong>sci=</strong></span> 
     </span>
     <span class='ocr_line' id='line_1_4' title="bbox 153 648 1261 734; baseline 0.01 -27"><span class='ocrx_word' id='word_1_22' title='bbox 153 649 279 711; x_wconf 73' lang='lat' dir='ltr'><strong>linotet</strong></span> <span class='ocrx_word' id='word_1_23' title='bbox 294 658 456 728; x_wconf 90' lang='lat' dir='ltr'><strong>aeternae,</strong></span> <span class='ocrx_word' id='word_1_24' title='bbox 477 671 634 713; x_wconf 86' lang='lat' dir='ltr'><strong>memores</strong></span> <span class='ocrx_word' id='word_1_25' title='bbox 649 648 744 708; x_wconf 89' lang='lat' dir='ltr'><strong>etiam</strong></span> <span class='ocrx_word' id='word_1_26' title='bbox 760 648 1170 734; x_wconf 80' lang='lat' dir='ltr'><strong>largitatisProgenitorum</strong></span> <span class='ocrx_word' id='word_1_27' title='bbox 1188 677 1261 718; x_wconf 79' lang='lat' dir='ltr'><strong>res-</strong></span> 
     </span>
     <span class='ocr_line' id='line_1_5' title="bbox 153 732 1262 821; baseline 0.005 -29"><span class='ocrx_word' id='word_1_28' title='bbox 153 741 278 792; x_wconf 83' lang='lat' dir='ltr'><strong>trorum</strong></span> <span class='ocrx_word' id='word_1_29' title='bbox 291 753 366 814; x_wconf 87' lang='lat' dir='ltr'><strong>erga</strong></span> <span class='ocrx_word' id='word_1_30' title='bbox 382 741 505 794; x_wconf 87' lang='lat' dir='ltr'><strong>sanctas</strong></span> <span class='ocrx_word' id='word_1_31' title='bbox 524 732 685 808; x_wconf 85' lang='lat' dir='ltr'><strong>eeclesias,</strong></span> <span class='ocrx_word' id='word_1_32' title='bbox 693 739 825 813; x_wconf 90' lang='lat' dir='ltr'><strong>propter</strong></span> <span class='ocrx_word' id='word_1_33' title='bbox 840 754 937 814; x_wconf 87' lang='lat' dir='ltr'><strong>qnam</strong></span> <span class='ocrx_word' id='word_1_34' title='bbox 950 735 1092 797; x_wconf 78' lang='lat' dir='ltr'><strong>feliciter</strong></span> <span class='ocrx_word' id='word_1_35' title='bbox 1105 758 1262 821; x_wconf 79' lang='lat' dir='ltr'><strong>regnave·</strong></span> 
     </span>
     <span class='ocr_line' id='line_1_6' title="bbox 152 815 1262 900; baseline 0.003 -25"><span class='ocrx_word' id='word_1_36' title='bbox 152 823 231 875; x_wconf 87' lang='lat' dir='ltr'><strong>runt</strong></span> <span class='ocrx_word' id='word_1_37' title='bbox 248 822 280 876; x_wconf 90' lang='lat' dir='ltr'><strong>et</strong></span> <span class='ocrx_word' id='word_1_38' title='bbox 296 815 357 876; x_wconf 89' lang='lat' dir='ltr'><strong>sibi</strong></span> <span class='ocrx_word' id='word_1_39' title='bbox 377 815 553 876; x_wconf 90' lang='lat' dir='ltr'><strong>contrarios</strong></span> <span class='ocrx_word' id='word_1_40' title='bbox 571 822 816 897; x_wconf 87' lang='lat' dir='ltr'><strong>superaverunt,</strong></span> <span class='ocrx_word' id='word_1_41' title='bbox 825 835 980 876; x_wconf 87' lang='lat' dir='ltr'><strong>memores</strong></span> <span class='ocrx_word' id='word_1_42' title='bbox 1003 819 1163 900; x_wconf 88' lang='lat' dir='ltr'><strong>siquidem</strong></span> <span class='ocrx_word' id='word_1_43' title='bbox 1188 841 1262 881; x_wconf 87' lang='lat' dir='ltr'><strong>cum</strong></span> 
     </span>
     <span class='ocr_line' id='line_1_7' title="bbox 153 895 1261 984; baseline 0.005 -28"><span class='ocrx_word' id='word_1_44' title='bbox 153 904 275 978; x_wconf 85' lang='lat' dir='ltr'><strong>quauta</strong></span> <span class='ocrx_word' id='word_1_45' title='bbox 292 897 463 980; x_wconf 81' lang='lat' dir='ltr'><strong>religione,</strong></span> <span class='ocrx_word' id='word_1_46' title='bbox 485 898 669 978; x_wconf 48' lang='lat' dir='ltr'><strong>etiamjlante</strong></span> <span class='ocrx_word' id='word_1_47' title='bbox 680 895 800 956; x_wconf 87' lang='lat' dir='ltr'><strong>Christi</strong></span> <span class='ocrx_word' id='word_1_48' title='bbox 812 896 1012 979; x_wconf 82' lang='lat' dir='ltr'><strong>sanguinem,</strong></span> <span class='ocrx_word' id='word_1_49' title='bbox 1025 911 1057 961; x_wconf 91' lang='lat' dir='ltr'><strong>et</strong></span> <span class='ocrx_word' id='word_1_50' title='bbox 1068 901 1102 961; x_wconf 89' lang='lat' dir='ltr'><strong>in</strong></span> <span class='ocrx_word' id='word_1_51' title='bbox 1118 912 1261 984; x_wconf 88' lang='lat' dir='ltr'><strong>tempore</strong></span> 
     </span>
     <span class='ocr_line' id='line_1_8' title="bbox 154 978 1261 1064; baseline 0.003 -25"><span class='ocrx_word' id='word_1_52' title='bbox 154 979 247 1041; x_wconf 85' lang='lat' dir='ltr'><strong>lamis</strong></span> <span class='ocrx_word' id='word_1_53' title='bbox 265 978 299 1039; x_wconf 89' lang='lat' dir='ltr'><strong>in</strong></span> <span class='ocrx_word' id='word_1_54' title='bbox 316 980 481 1063; x_wconf 77' lang='lat' dir='ltr'><strong>Aegypto,</strong></span> <span class='ocrx_word' id='word_1_55' title='bbox 505 980 698 1042; x_wconf 88' lang='lat' dir='ltr'><strong>discretione</strong></span> <span class='ocrx_word' id='word_1_56' title='bbox 722 979 950 1061; x_wconf 87' lang='lat' dir='ltr'><strong>sanctilosepb</strong></span> <span class='ocrx_word' id='word_1_57' title='bbox 971 983 1057 1064; x_wconf 90' lang='lat' dir='ltr'><strong>apud</strong></span> <span class='ocrx_word' id='word_1_58' title='bbox 1078 979 1261 1046; x_wconf 78' lang='lat' dir='ltr'><strong>&#39;nefandum</strong></span> 
     </span>
     <span class='ocr_line' id='line_1_9' title="bbox 152 1061 1261 1158; baseline 0.005 -36"><span class='ocrx_word' id='word_1_59' title='bbox 152 1061 480 1158; x_wconf 72' lang='lat' dir='ltr'><strong>Regemearaouem</strong></span> <span class='ocrx_word' id='word_1_60' title='bbox 493 1071 579 1123; x_wconf 88' lang='lat' dir='ltr'><strong>terra</strong></span> <span class='ocrx_word' id='word_1_61' title='bbox 593 1061 799 1124; x_wconf 89' lang='lat' dir='ltr'><strong>sacerdotalis</strong></span> <span class='ocrx_word' id='word_1_62' title='bbox 813 1063 932 1134; x_wconf 84' lang='lat' dir='ltr'><strong>extitit,</strong></span> <span class='ocrx_word' id='word_1_63' title='bbox 953 1063 1120 1127; x_wconf 90' lang='lat' dir='ltr'><strong>innumera</strong></span> <span class='ocrx_word' id='word_1_64' title='bbox 1131 1087 1261 1148; x_wconf 88' lang='lat' dir='ltr'><strong>qnoque</strong></span> 
     </span>
     <span class='ocr_line' id='line_1_10' title="bbox 153 1145 1262 1226; baseline 0.004 -21"><span class='ocrx_word' id='word_1_65' title='bbox 153 1154 385 1226; x_wconf 76' lang='lat' dir='ltr'><strong>scripturarum</strong></span> <span class='ocrx_word' id='word_1_66' title='bbox 397 1146 553 1226; x_wconf 86' lang='lat' dir='ltr'><strong>exempla,</strong></span> <span class='ocrx_word' id='word_1_67' title='bbox 576 1155 611 1206; x_wconf 88' lang='lat' dir='ltr'><strong>ut</strong></span> <span class='ocrx_word' id='word_1_68' title='bbox 630 1147 713 1208; x_wconf 86' lang='lat' dir='ltr'><strong>lacte</strong></span> <span class='ocrx_word' id='word_1_69' title='bbox 732 1145 899 1206; x_wconf 80' lang='lat' dir='ltr'><strong>Ecclesiae</strong></span> <span class='ocrx_word' id='word_1_70' title='bbox 912 1146 1038 1226; x_wconf 85' lang='lat' dir='ltr'><strong>nutriti,</strong></span> <span class='ocrx_word' id='word_1_71' title='bbox 1059 1158 1091 1210; x_wconf 91' lang='lat' dir='ltr'><strong>et</strong></span> <span class='ocrx_word' id='word_1_72' title='bbox 1110 1149 1262 1210; x_wconf 81' lang='lat' dir='ltr'><strong>scientiae</strong></span> 
     </span>
     <span class='ocr_line' id='line_1_11' title="bbox 156 1226 1262 1311; baseline 0.005 -24"><span class='ocrx_word' id='word_1_73' title='bbox 156 1226 257 1309; x_wconf 86' lang='lat' dir='ltr'><strong>ipsius</strong></span> <span class='ocrx_word' id='word_1_74' title='bbox 278 1226 430 1288; x_wconf 85' lang='lat' dir='ltr'><strong>uberibus</strong></span> <span class='ocrx_word' id='word_1_75' title='bbox 451 1228 647 1289; x_wconf 89' lang='lat' dir='ltr'><strong>sufficienter</strong></span> <span class='ocrx_word' id='word_1_76' title='bbox 667 1227 795 1311; x_wconf 87' lang='lat' dir='ltr'><strong>repleti,</strong></span> <span class='ocrx_word' id='word_1_77' title='bbox 822 1236 896 1288; x_wconf 87' lang='lat' dir='ltr'><strong>ante</strong></span> <span class='ocrx_word' id='word_1_78' title='bbox 915 1230 1025 1292; x_wconf 90' lang='lat' dir='ltr'><strong>oculos</strong></span> <span class='ocrx_word' id='word_1_79' title='bbox 1050 1231 1262 1308; x_wconf 74' lang='lat' dir='ltr'><strong>reducentes,</strong></span> 
     </span>
     <span class='ocr_line' id='line_1_12' title="bbox 152 1308 1263 1394; baseline 0.005 -25"><span class='ocrx_word' id='word_1_80' title='bbox 152 1308 296 1370; x_wconf 88' lang='lat' dir='ltr'><strong>tunicam</strong></span> <span class='ocrx_word' id='word_1_81' title='bbox 306 1308 511 1392; x_wconf 88' lang='lat' dir='ltr'><strong>Christi,qui</strong></span> <span class='ocrx_word' id='word_1_82' title='bbox 528 1333 585 1373; x_wconf 87' lang='lat' dir='ltr'><strong>vos</strong></span> <span class='ocrx_word' id='word_1_83' title='bbox 600 1310 697 1394; x_wconf 83' lang='lat' dir='ltr'><strong>elegit</strong></span> <span class='ocrx_word' id='word_1_84' title='bbox 716 1310 926 1388; x_wconf 68' lang='lat' dir='ltr'><strong>eleuabant,</strong></span> <span class='ocrx_word' id='word_1_85' title='bbox 947 1333 1043 1393; x_wconf 89' lang='lat' dir='ltr'><strong>quam</strong></span> <span class='ocrx_word' id='word_1_86' title='bbox 1060 1334 1120 1374; x_wconf 89' lang='lat' dir='ltr'><strong>nee</strong></span> <span class='ocrx_word' id='word_1_87' title='bbox 1144 1313 1263 1376; x_wconf 84' lang='lat' dir='ltr'><strong>milites</strong></span> 
     </span>
     <span class='ocr_line' id='line_1_13' title="bbox 154 1391 1262 1475; baseline 0.004 -23"><span class='ocrx_word' id='word_1_88' title='bbox 154 1391 553 1471; x_wconf 80' lang='lat' dir='ltr'><strong>ansilnerunt&#39;seiudere,</strong></span> <span class='ocrx_word' id='word_1_89' title='bbox 577 1402 722 1475; x_wconf 83' lang='lat' dir='ltr'><strong>tempora</strong></span> <span class='ocrx_word' id='word_1_90' title='bbox 746 1402 854 1454; x_wconf 88' lang='lat' dir='ltr'><strong>vestro</strong></span> <span class='ocrx_word' id='word_1_91' title='bbox 871 1395 1062 1474; x_wconf 89' lang='lat' dir='ltr'><strong>quantocius</strong></span> <span class='ocrx_word' id='word_1_92' title='bbox 1078 1396 1262 1458; x_wconf 85' lang='lat' dir='ltr'><strong>reconsuite</strong></span> 
     </span>
     <span class='ocr_line' id='line_1_14' title="bbox 155 1473 1264 1563; baseline 0.002 -27"><span class='ocrx_word' id='word_1_93' title='bbox 155 1483 189 1536; x_wconf 88' lang='lat' dir='ltr'><strong>et</strong></span> <span class='ocrx_word' id='word_1_94' title='bbox 206 1473 378 1553; x_wconf 89' lang='lat' dir='ltr'><strong>resarcite,</strong></span> <span class='ocrx_word' id='word_1_95' title='bbox 400 1484 438 1536; x_wconf 90' lang='lat' dir='ltr'><strong>et</strong></span> <span class='ocrx_word' id='word_1_96' title='bbox 453 1497 514 1536; x_wconf 90' lang='lat' dir='ltr'><strong>nec</strong></span> <span class='ocrx_word' id='word_1_97' title='bbox 531 1476 674 1538; x_wconf 84' lang='lat' dir='ltr'><strong>violenta</strong></span> <span class='ocrx_word' id='word_1_98' title='bbox 686 1475 931 1554; x_wconf 88' lang='lat' dir='ltr'><strong>ablatione,nee</strong></span> <span class='ocrx_word' id='word_1_99' title='bbox 955 1477 1156 1541; x_wconf 89' lang='lat' dir='ltr'><strong>inlicitorum</strong></span> <span class='ocrx_word' id='word_1_100' title='bbox 1174 1499 1264 1563; x_wconf 87' lang='lat' dir='ltr'><strong>prae-</strong></span> 
     </span>
     <span class='ocr_line' id='line_1_15' title="bbox 153 1556 1263 1640; baseline 0.001 -22"><span class='ocrx_word' id='word_1_101' title='bbox 153 1565 320 1640; x_wconf 88' lang='lat' dir='ltr'><strong>ceptorum</strong></span> <span class='ocrx_word' id='word_1_102' title='bbox 335 1556 590 1637; x_wconf 85' lang='lat' dir='ltr'><strong>confirmatione,</strong></span> <span class='ocrx_word' id='word_1_103' title='bbox 598 1579 648 1620; x_wconf 90' lang='lat' dir='ltr'><strong>res</strong></span> <span class='ocrx_word' id='word_1_104' title='bbox 667 1559 706 1619; x_wconf 88' lang='lat' dir='ltr'><strong>ab</strong></span> <span class='ocrx_word' id='word_1_105' title='bbox 720 1557 874 1620; x_wconf 88' lang='lat' dir='ltr'><strong>Ecclesiis</strong></span> <span class='ocrx_word' id='word_1_106' title='bbox 889 1558 980 1622; x_wconf 80' lang='lat' dir='ltr'><strong>robis</strong></span> <span class='ocrx_word' id='word_1_107' title='bbox 1001 1561 1042 1622; x_wconf 89' lang='lat' dir='ltr'><strong>ad</strong></span> <span class='ocrx_word' id='word_1_108' title='bbox 1059 1563 1218 1624; x_wconf 91' lang='lat' dir='ltr'><strong>tuendum</strong></span> <span class='ocrx_word' id='word_1_109' title='bbox 1231 1569 1263 1620; x_wconf 91' lang='lat' dir='ltr'><strong>et</strong></span> 
     </span>
     <span class='ocr_line' id='line_1_16' title="bbox 154 1638 1264 1724; baseline 0.001 -22"><span class='ocrx_word' id='word_1_110' title='bbox 154 1638 388 1702; x_wconf 83' lang='lat' dir='ltr'><strong>defensandum</strong></span> <span class='ocrx_word' id='word_1_111' title='bbox 405 1661 441 1702; x_wconf 87' lang='lat' dir='ltr'><strong>ac</strong></span> <span class='ocrx_word' id='word_1_112' title='bbox 455 1641 695 1724; x_wconf 83' lang='lat' dir='ltr'><strong>propagandum</strong></span> <span class='ocrx_word' id='word_1_113' title='bbox 708 1641 894 1719; x_wconf 84' lang='lat' dir='ltr'><strong>commissis,</strong></span> <span class='ocrx_word' id='word_1_114' title='bbox 909 1643 1034 1704; x_wconf 85' lang='lat' dir='ltr'><strong>auferre</strong></span> <span class='ocrx_word' id='word_1_115' title='bbox 1048 1653 1185 1706; x_wconf 87' lang='lat' dir='ltr'><strong>tentate:</strong></span> <span class='ocrx_word' id='word_1_116' title='bbox 1206 1643 1264 1705; x_wconf 91' lang='lat' dir='ltr'><strong>sed</strong></span> 
     </span>
     <span class='ocr_line' id='line_1_17' title="bbox 156 1723 1265 1806; baseline 0.002 -23"><span class='ocrx_word' id='word_1_117' title='bbox 156 1731 194 1783; x_wconf 89' lang='lat' dir='ltr'><strong>ut</strong></span> <span class='ocrx_word' id='word_1_118' title='bbox 212 1730 339 1784; x_wconf 89' lang='lat' dir='ltr'><strong>sanctae</strong></span> <span class='ocrx_word' id='word_1_119' title='bbox 354 1723 526 1785; x_wconf 82' lang='lat' dir='ltr'><strong>memoriae</strong></span> <span class='ocrx_word' id='word_1_120' title='bbox 543 1723 628 1786; x_wconf 82' lang='lat' dir='ltr'><strong>Avus</strong></span> <span class='ocrx_word' id='word_1_121' title='bbox 646 1727 780 1786; x_wconf 86' lang='lat' dir='ltr'><strong>etPater</strong></span> <span class='ocrx_word' id='word_1_122' title='bbox 789 1733 895 1785; x_wconf 81' lang='lat' dir='ltr'><strong>vester</strong></span> <span class='ocrx_word' id='word_1_123' title='bbox 911 1746 963 1787; x_wconf 88' lang='lat' dir='ltr'><strong>eas</strong></span> <span class='ocrx_word' id='word_1_124' title='bbox 977 1725 1199 1806; x_wconf 78' lang='lat' dir='ltr'><strong>gubernandas</strong></span> <span class='ocrx_word' id='word_1_125' title='bbox 1211 1746 1265 1786; x_wconf 78' lang='grc' dir='ltr'><strong>ιο-</strong></span> 
     </span>
     <span class='ocr_line' id='line_1_18' title="bbox 155 1803 1267 1893; baseline 0.004 -27"><span class='ocrx_word' id='word_1_126' title='bbox 155 1803 226 1882; x_wconf 90' lang='lat' dir='ltr'><strong>bis,</strong></span> <span class='ocrx_word' id='word_1_127' title='bbox 248 1805 372 1867; x_wconf 86' lang='lat' dir='ltr'><strong>fautore</strong></span> <span class='ocrx_word' id='word_1_128' title='bbox 390 1808 479 1883; x_wconf 87' lang='lat' dir='ltr'><strong>Deo,</strong></span> <span class='ocrx_word' id='word_1_129' title='bbox 502 1806 704 1885; x_wconf 89' lang='lat' dir='ltr'><strong>dimiserunt,</strong></span> <span class='ocrx_word' id='word_1_130' title='bbox 726 1807 955 1890; x_wconf 79' lang='lat' dir='ltr'><strong>redintegrate,</strong></span> <span class='ocrx_word' id='word_1_131' title='bbox 978 1818 1010 1868; x_wconf 90' lang='lat' dir='ltr'><strong>et</strong></span> <span class='ocrx_word' id='word_1_132' title='bbox 1029 1818 1198 1893; x_wconf 89' lang='lat' dir='ltr'><strong>praecepta</strong></span> <span class='ocrx_word' id='word_1_133' title='bbox 1215 1829 1267 1870; x_wconf 51' lang='lat' dir='ltr'><strong>ree</strong></span> 
     </span>
     <span class='ocr_line' id='line_1_19' title="bbox 156 1888 1266 1970; baseline 0.001 -23"><span class='ocrx_word' id='word_1_134' title='bbox 156 1888 240 1970; x_wconf 84' lang='lat' dir='ltr'><strong>galia</strong></span> <span class='ocrx_word' id='word_1_135' title='bbox 254 1889 429 1948; x_wconf 86' lang='lat' dir='ltr'><strong>earundem</strong></span> <span class='ocrx_word' id='word_1_136' title='bbox 437 1889 654 1950; x_wconf 82' lang='lat' dir='ltr'><strong>Eccleslarum</strong></span> <span class='ocrx_word' id='word_1_137' title='bbox 672 1899 857 1951; x_wconf 87' lang='lat' dir='ltr'><strong>conservate</strong></span> <span class='ocrx_word' id='word_1_138' title='bbox 867 1911 903 1951; x_wconf 91' lang='lat' dir='ltr'><strong>ae</strong></span> <span class='ocrx_word' id='word_1_139' title='bbox 914 1891 1109 1963; x_wconf 61' lang='lat' dir='ltr'><strong>confirmate</strong></span> <span class='ocrx_word' id='word_1_140' title='bbox 1126 1912 1167 1952; x_wconf 91' lang='lat' dir='ltr'><strong>ne</strong></span> <span class='ocrx_word' id='word_1_141' title='bbox 1181 1890 1266 1952; x_wconf 88' lang='lat' dir='ltr'><strong>sieut</strong></span> 
     </span>
     <span class='ocr_line' id='line_1_20' title="bbox 157 1970 1263 2054; baseline 0 -24"><span class='ocrx_word' id='word_1_142' title='bbox 157 1970 329 2032; x_wconf 82' lang='lat' dir='ltr'><strong>intentavit</strong></span> <span class='ocrx_word' id='word_1_143' title='bbox 352 1972 488 2032; x_wconf 83' lang='lat' dir='ltr'><strong>Samuel·</strong></span> <span class='ocrx_word' id='word_1_144' title='bbox 498 1973 659 2054; x_wconf 88' lang='lat' dir='ltr'><strong>Propheta</strong></span> <span class='ocrx_word' id='word_1_145' title='bbox 672 1974 712 2036; x_wconf 90' lang='lat' dir='ltr'><strong>ad</strong></span> <span class='ocrx_word' id='word_1_146' title='bbox 741 1972 882 2032; x_wconf 87' lang='lat' dir='ltr'><strong>Roboam</strong></span> <span class='ocrx_word' id='word_1_147' title='bbox 902 1973 1005 2033; x_wconf 90' lang='lat' dir='ltr'><strong>filium</strong></span> <span class='ocrx_word' id='word_1_148' title='bbox 1026 1973 1205 2036; x_wconf 88' lang='lat' dir='ltr'><strong>Salomonis</strong></span> <span class='ocrx_word' id='word_1_149' title='bbox 1229 1972 1263 2031; x_wconf 90' lang='lat' dir='ltr'><strong>in</strong></span> 
     </span>
     <span class='ocr_line' id='line_1_21' title="bbox 157 2052 1265 2138; baseline 0 -24"><span class='ocrx_word' id='word_1_150' title='bbox 157 2052 373 2114; x_wconf 87' lang='lat' dir='ltr'><strong>conscissione</strong></span> <span class='ocrx_word' id='word_1_151' title='bbox 390 2054 503 2137; x_wconf 87' lang='lat' dir='ltr'><strong>pallii,</strong></span> <span class='ocrx_word' id='word_1_152' title='bbox 525 2076 675 2137; x_wconf 89' lang='lat' dir='ltr'><strong>praesens</strong></span> <span class='ocrx_word' id='word_1_153' title='bbox 690 2077 843 2137; x_wconf 81' lang='lat' dir='ltr'><strong>regnum,</strong></span> <span class='ocrx_word' id='word_1_154' title='bbox 864 2057 953 2138; x_wconf 90' lang='lat' dir='ltr'><strong>quod</strong></span> <span class='ocrx_word' id='word_1_155' title='bbox 980 2056 1071 2136; x_wconf 84' lang='lat' dir='ltr'><strong>absit,</strong></span> <span class='ocrx_word' id='word_1_156' title='bbox 1090 2056 1179 2118; x_wconf 84' lang='lat' dir='ltr'><strong>vobis</strong></span> <span class='ocrx_word' id='word_1_157' title='bbox 1206 2077 1265 2138; x_wconf 89' lang='lat' dir='ltr'><strong>pa·</strong></span> 
     </span>
     <span class='ocr_line' id='line_1_22' title="bbox 158 2134 1264 2221; baseline 0.002 -25"><span class='ocrx_word' id='word_1_158' title='bbox 158 2146 244 2196; x_wconf 89' lang='lat' dir='ltr'><strong>trum</strong></span> <span class='ocrx_word' id='word_1_159' title='bbox 256 2134 366 2197; x_wconf 88' lang='lat' dir='ltr'><strong>labore</strong></span> <span class='ocrx_word' id='word_1_160' title='bbox 384 2136 581 2218; x_wconf 86' lang='lat' dir='ltr'><strong>adquisitum</strong></span> <span class='ocrx_word' id='word_1_161' title='bbox 608 2147 640 2199; x_wconf 92' lang='lat' dir='ltr'><strong>et</strong></span> <span class='ocrx_word' id='word_1_162' title='bbox 665 2138 841 2200; x_wconf 83' lang='lat' dir='ltr'><strong>hereditate</strong></span> <span class='ocrx_word' id='word_1_163' title='bbox 866 2140 1056 2217; x_wconf 81' lang='lat' dir='ltr'><strong>relictum,s&#39;a</strong></span> <span class='ocrx_word' id='word_1_164' title='bbox 1080 2139 1172 2201; x_wconf 84' lang='lat' dir='ltr'><strong>vobis</strong></span> <span class='ocrx_word' id='word_1_165' title='bbox 1197 2139 1264 2221; x_wconf 80' lang='lat' dir='ltr'><strong>ipsc</strong></span> 
     </span>
     <span class='ocr_line' id='line_1_23' title="bbox 158 2217 1263 2305; baseline -0.002 -25"><span class='ocrx_word' id='word_1_166' title='bbox 158 2217 304 2280; x_wconf 89' lang='lat' dir='ltr'><strong>Christus</strong></span> <span class='ocrx_word' id='word_1_167' title='bbox 319 2217 456 2296; x_wconf 84' lang='lat' dir='ltr'><strong>dividat,</strong></span> <span class='ocrx_word' id='word_1_168' title='bbox 478 2229 511 2280; x_wconf 90' lang='lat' dir='ltr'><strong>et</strong></span> <span class='ocrx_word' id='word_1_169' title='bbox 537 2229 703 2282; x_wconf 89' lang='lat' dir='ltr'><strong>aeternum</strong></span> <span class='ocrx_word' id='word_1_170' title='bbox 721 2241 874 2302; x_wconf 82' lang='lat' dir='ltr'><strong>regnum,</strong></span> <span class='ocrx_word' id='word_1_171' title='bbox 896 2222 984 2305; x_wconf 87' lang='lat' dir='ltr'><strong>qnod</strong></span> <span class='ocrx_word' id='word_1_172' title='bbox 1001 2222 1167 2305; x_wconf 82' lang='lat' dir='ltr'><strong>promisit„</strong></span> <span class='ocrx_word' id='word_1_173' title='bbox 1198 2241 1263 2281; x_wconf 90' lang='lat' dir='ltr'><strong>non</strong></span> 
     </span>
     <span class='ocr_line' id='line_1_24' title="bbox 157 2302 1263 2367; baseline 0 -7"><span class='ocrx_word' id='word_1_174' title='bbox 157 2302 287 2362; x_wconf 89' lang='lat' dir='ltr'><strong>tribuat.</strong></span> <span class='ocrx_word' id='word_1_175' title='bbox 307 2303 375 2362; x_wconf 85' lang='lat' dir='ltr'><strong>Nec</strong></span> <span class='ocrx_word' id='word_1_176' title='bbox 390 2310 501 2364; x_wconf 90' lang='lat' dir='ltr'><strong>contra</strong></span> <span class='ocrx_word' id='word_1_177' title='bbox 520 2303 582 2363; x_wconf 91' lang='lat' dir='ltr'><strong>Dei</strong></span> <span class='ocrx_word' id='word_1_178' title='bbox 601 2304 715 2365; x_wconf 84' lang='lat' dir='ltr'><strong>faciem</strong></span> <span class='ocrx_word' id='word_1_179' title='bbox 736 2304 828 2364; x_wconf 86' lang='lat' dir='ltr'><strong>iratas</strong></span> <span class='ocrx_word' id='word_1_180' title='bbox 844 2302 1012 2364; x_wconf 88' lang='lat' dir='ltr'><strong>bominum</strong></span> <span class='ocrx_word' id='word_1_181' title='bbox 1030 2305 1126 2367; x_wconf 88' lang='lat' dir='ltr'><strong>facies</strong></span> <span class='ocrx_word' id='word_1_182' title='bbox 1156 2303 1263 2365; x_wconf 91' lang='lat' dir='ltr'><strong>consi-</strong></span> 
     </span>
     <span class='ocr_line' id='line_1_25' title="bbox 157 2384 1263 2469; baseline -0.002 -23"><span class='ocrx_word' id='word_1_183' title='bbox 157 2384 289 2455; x_wconf 87' lang='lat' dir='ltr'><strong>daretis,</strong></span> <span class='ocrx_word' id='word_1_184' title='bbox 305 2385 381 2466; x_wconf 90' lang='lat' dir='ltr'><strong>quia</strong></span> <span class='ocrx_word' id='word_1_185' title='bbox 399 2384 426 2447; x_wconf 89' lang='lat' dir='ltr'><strong>si</strong></span> <span class='ocrx_word' id='word_1_186' title='bbox 450 2385 490 2446; x_wconf 83' lang='lat' dir='ltr'><strong>ad</strong></span> <span class='ocrx_word' id='word_1_187' title='bbox 505 2395 629 2469; x_wconf 88' lang='lat' dir='ltr'><strong>tempus</strong></span> <span class='ocrx_word' id='word_1_188' title='bbox 645 2387 710 2448; x_wconf 91' lang='lat' dir='ltr'><strong>illis</strong></span> <span class='ocrx_word' id='word_1_189' title='bbox 739 2385 985 2466; x_wconf 82' lang='lat' dir='ltr'><strong>displicueritis,</strong></span> <span class='ocrx_word' id='word_1_190' title='bbox 1020 2409 1095 2448; x_wconf 91' lang='lat' dir='ltr'><strong>cum</strong></span> <span class='ocrx_word' id='word_1_191' title='bbox 1115 2409 1170 2449; x_wconf 82' lang='lat' dir='ltr'><strong>vos</strong></span> <span class='ocrx_word' id='word_1_192' title='bbox 1192 2388 1263 2447; x_wconf 89' lang='lat' dir='ltr'><strong>Deo</strong></span> 
     </span>
     <span class='ocr_line' id='line_1_26' title="bbox 156 2467 1260 2553; baseline 0.002 -28"><span class='ocrx_word' id='word_1_193' title='bbox 156 2467 336 2550; x_wconf 82' lang='lat' dir='ltr'><strong>placebitis,</strong></span> <span class='ocrx_word' id='word_1_194' title='bbox 358 2468 392 2528; x_wconf 91' lang='lat' dir='ltr'><strong>in</strong></span> <span class='ocrx_word' id='word_1_195' title='bbox 411 2467 501 2530; x_wconf 86' lang='lat' dir='ltr'><strong>vobis</strong></span> <span class='ocrx_word' id='word_1_196' title='bbox 521 2469 577 2530; x_wconf 91' lang='lat' dir='ltr'><strong>ille</strong></span> <span class='ocrx_word' id='word_1_197' title='bbox 595 2469 681 2551; x_wconf 92' lang='lat' dir='ltr'><strong>quod</strong></span> <span class='ocrx_word' id='word_1_198' title='bbox 696 2468 852 2553; x_wconf 80' lang='lat' dir='ltr'><strong>promisit,</strong></span> <span class='ocrx_word' id='word_1_199' title='bbox 862 2470 1026 2553; x_wconf 84' lang='lat' dir='ltr'><strong>implebit:</strong></span> <span class='ocrx_word' id='word_1_200' title='bbox 1048 2469 1260 2551; x_wconf 60' lang='lat' dir='ltr'><strong>Cum‘placue·</strong></span> 
     </span>
     <span class='ocr_line' id='line_1_27' title="bbox 159 2539 1265 2632; baseline -0.001 -23"><span class='ocrx_word' id='word_1_201' title='bbox 159 2551 237 2622; x_wconf 83' lang='lat' dir='ltr'><strong>rint,</strong></span> <span class='ocrx_word' id='word_1_202' title='bbox 256 2539 420 2632; x_wconf 70' lang='lat' dir='ltr'><strong>inq‘uie&#39;ns,</strong></span> <span class='ocrx_word' id='word_1_203' title='bbox 432 2551 569 2613; x_wconf 86' lang='lat' dir='ltr'><strong>Domino</strong></span> <span class='ocrx_word' id='word_1_204' title='bbox 590 2554 656 2613; x_wconf 80' lang='lat' dir='ltr'><strong>viae</strong></span> <span class='ocrx_word' id='word_1_205' title='bbox 671 2553 933 2622; x_wconf 83' lang='lat' dir='ltr'><strong>bominis‚omnes</strong></span> <span class='ocrx_word' id='word_1_206' title='bbox 950 2555 1095 2615; x_wconf 85' lang='lat' dir='ltr'><strong>inimicos</strong></span> <span class='ocrx_word' id='word_1_207' title='bbox 1109 2554 1175 2612; x_wconf 84' lang='lat' dir='ltr'><strong>cius</strong></span> <span class='ocrx_word' id='word_1_208' title='bbox 1192 2571 1265 2610; x_wconf 88' lang='lat' dir='ltr'><strong>con-</strong></span> 
     </span>
     <span class='ocr_line' id='line_1_28' title="bbox 158 2631 1263 2718; baseline -0.002 -26"><span class='ocrx_word' id='word_1_209' title='bbox 158 2645 262 2693; x_wconf 77' lang='lat' dir='ltr'><strong>vertet</strong></span> <span class='ocrx_word' id='word_1_210' title='bbox 281 2631 326 2693; x_wconf 86' lang='lat' dir='ltr'><strong>ad</strong></span> <span class='ocrx_word' id='word_1_211' title='bbox 334 2653 453 2717; x_wconf 79' lang='lat' dir='ltr'><strong>pacem.</strong></span> <span class='ocrx_word' id='word_1_212' title='bbox 475 2635 575 2712; x_wconf 89' lang='lat' dir='ltr'><strong>Quod</strong></span> <span class='ocrx_word' id='word_1_213' title='bbox 596 2645 631 2697; x_wconf 93' lang='lat' dir='ltr'><strong>ut</strong></span> <span class='ocrx_word' id='word_1_214' title='bbox 653 2635 850 2696; x_wconf 89' lang='lat' dir='ltr'><strong>commodius</strong></span> <span class='ocrx_word' id='word_1_215' title='bbox 865 2635 995 2696; x_wconf 88' lang='lat' dir='ltr'><strong>valeatis</strong></span> <span class='ocrx_word' id='word_1_216' title='bbox 1013 2636 1263 2718; x_wconf 88' lang='lat' dir='ltr'><strong>implere,nnns·</strong></span> 
     </span>
     <span class='ocr_line' id='line_1_29' title="bbox 159 2716 1264 2796; baseline 0 -23"><span class='ocrx_word' id='word_1_217' title='bbox 159 2716 296 2796; x_wconf 88' lang='lat' dir='ltr'><strong>quisque</strong></span> <span class='ocrx_word' id='word_1_218' title='bbox 333 2716 385 2778; x_wconf 86' lang='lat' dir='ltr'><strong>vir</strong></span> <span class='ocrx_word' id='word_1_219' title='bbox 406 2717 651 2794; x_wconf 87' lang='lat' dir='ltr'><strong>ecclesiasticus,</strong></span> <span class='ocrx_word' id='word_1_220' title='bbox 670 2727 705 2778; x_wconf 89' lang='lat' dir='ltr'><strong>et</strong></span> <span class='ocrx_word' id='word_1_221' title='bbox 724 2718 964 2779; x_wconf 87' lang='lat' dir='ltr'><strong>intercessionis</strong></span> <span class='ocrx_word' id='word_1_222' title='bbox 983 2718 1199 2791; x_wconf 87' lang='lat' dir='ltr'><strong>adiutorium,</strong></span> <span class='ocrx_word' id='word_1_223' title='bbox 1231 2721 1264 2775; x_wconf 84' lang='lat' dir='ltr'><strong>et</strong></span> 
     </span>
     <span class='ocr_line' id='line_1_30' title="bbox 158 2797 1264 2882; baseline -0.004 -23"><span class='ocrx_word' id='word_1_224' title='bbox 158 2799 264 2859; x_wconf 86' lang='lat' dir='ltr'><strong>solatii</strong></span> <span class='ocrx_word' id='word_1_225' title='bbox 279 2821 346 2878; x_wconf 92' lang='lat' dir='ltr'><strong>qno</strong></span> <span class='ocrx_word' id='word_1_226' title='bbox 359 2798 553 2882; x_wconf 89' lang='lat' dir='ltr'><strong>respublica</strong></span> <span class='ocrx_word' id='word_1_227' title='bbox 577 2800 704 2882; x_wconf 80' lang='lat' dir='ltr'><strong>indiget</strong></span> <span class='ocrx_word' id='word_1_228' title='bbox 726 2799 923 2878; x_wconf 87' lang='lat' dir='ltr'><strong>subsidium,</strong></span> <span class='ocrx_word' id='word_1_229' title='bbox 945 2803 1033 2862; x_wconf 82' lang='lat' dir='ltr'><strong>iuxta</strong></span> <span class='ocrx_word' id='word_1_230' title='bbox 1051 2797 1264 2882; x_wconf 87' lang='lat' dir='ltr'><strong>quantitatem</strong></span> 
     </span>
     <span class='ocr_line' id='line_1_31' title="bbox 155 2878 1263 2962; baseline -0.003 -22"><span class='ocrx_word' id='word_1_231' title='bbox 155 2901 264 2942; x_wconf 87' lang='lat' dir='ltr'><strong>rerum</strong></span> <span class='ocrx_word' id='word_1_232' title='bbox 279 2881 445 2942; x_wconf 88' lang='lat' dir='ltr'><strong>Ecclesiae</strong></span> <span class='ocrx_word' id='word_1_233' title='bbox 459 2881 521 2942; x_wconf 88' lang='lat' dir='ltr'><strong>sibi</strong></span> <span class='ocrx_word' id='word_1_234' title='bbox 538 2881 834 2960; x_wconf 80' lang='lat' dir='ltr'><strong>commissae,salvo</strong></span> <span class='ocrx_word' id='word_1_235' title='bbox 849 2882 918 2944; x_wconf 87' lang='lat' dir='ltr'><strong>iure</strong></span> <span class='ocrx_word' id='word_1_236' title='bbox 935 2883 1023 2962; x_wconf 91' lang='lat' dir='ltr'><strong>quod</strong></span> <span class='ocrx_word' id='word_1_237' title='bbox 1038 2882 1156 2944; x_wconf 82' lang='lat' dir='ltr'><strong>exinde</strong></span> <span class='ocrx_word' id='word_1_238' title='bbox 1176 2878 1263 2939; x_wconf 83' lang='lat' dir='ltr'><strong>diri-</strong></span> 
     </span>
     <span class='ocr_line' id='line_1_32' title="bbox 159 2963 1265 3048; baseline -0.004 -26"><span class='ocrx_word' id='word_1_239' title='bbox 159 2963 209 3022; x_wconf 91' lang='lat' dir='ltr'><strong>nis</strong></span> <span class='ocrx_word' id='word_1_240' title='bbox 227 2963 517 3045; x_wconf 86' lang='lat' dir='ltr'><strong>dispensationibus</strong></span> <span class='ocrx_word' id='word_1_241' title='bbox 537 2965 633 3048; x_wconf 86' lang='lat' dir='ltr'><strong>debet</strong></span> <span class='ocrx_word' id='word_1_242' title='bbox 647 2964 801 3046; x_wconf 88' lang='lat' dir='ltr'><strong>impendi,</strong></span> <span class='ocrx_word' id='word_1_243' title='bbox 814 2973 958 3045; x_wconf 83' lang='lat' dir='ltr'><strong>prompte</strong></span> <span class='ocrx_word' id='word_1_244' title='bbox 977 2974 1009 3024; x_wconf 88' lang='lat' dir='ltr'><strong>ct</strong></span> <span class='ocrx_word' id='word_1_245' title='bbox 1027 2985 1066 3025; x_wconf 87' lang='lat' dir='ltr'><strong>ex</strong></span> <span class='ocrx_word' id='word_1_246' title='bbox 1087 2963 1193 3023; x_wconf 89' lang='lat' dir='ltr'><strong>animo</strong></span> <span class='ocrx_word' id='word_1_247' title='bbox 1209 2982 1265 3042; x_wconf 85' lang='lat' dir='ltr'><strong>pn·</strong></span> 
     </span>
     <span class='ocr_line' id='line_1_33' title="bbox 157 3045 1263 3131; baseline -0.005 -25"><span class='ocrx_word' id='word_1_248' title='bbox 157 3063 247 3120; x_wconf 88' lang='lat' dir='ltr'><strong>rare,</strong></span> <span class='ocrx_word' id='word_1_249' title='bbox 269 3056 302 3106; x_wconf 89' lang='lat' dir='ltr'><strong>et</strong></span> <span class='ocrx_word' id='word_1_250' title='bbox 323 3045 718 3131; x_wconf 82' lang='lat' dir='ltr'><strong>impigre,sicuttempore</strong></span> <span class='ocrx_word' id='word_1_251' title='bbox 733 3053 970 3109; x_wconf 87' lang='lat' dir='ltr'><strong>antecessorum</strong></span> <span class='ocrx_word' id='word_1_252' title='bbox 990 3057 1165 3110; x_wconf 87' lang='lat' dir='ltr'><strong>vestrorum</strong></span> <span class='ocrx_word' id='word_1_253' title='bbox 1187 3063 1263 3104; x_wconf 92' lang='lat' dir='ltr'><strong>con-</strong></span> 
     </span>
     <span class='ocr_line' id='line_1_34' title="bbox 158 3128 1205 3192; baseline 0.001 -3"><span class='ocrx_word' id='word_1_254' title='bbox 158 3137 317 3192; x_wconf 75' lang='lat' dir='ltr'><strong>sueverat,</strong></span> <span class='ocrx_word' id='word_1_255' title='bbox 327 3128 468 3191; x_wconf 89' lang='lat' dir='ltr'><strong>studebit</strong></span> <span class='ocrx_word' id='word_1_256' title='bbox 485 3130 599 3190; x_wconf 80' lang='lat' dir='ltr'><strong>offerre</strong></span> <span class='ocrx_word' id='word_1_257' title='bbox 809 3141 813 3151; x_wconf 79' lang='lat'><strong><em>‘</em></strong></span> <span class='ocrx_word' id='word_1_258' title='bbox 1201 3145 1205 3153; x_wconf 83' lang='lat'><strong>·</strong></span> 
     </span>
    </p>

    <p class='ocr_par' dir='ltr' id='par_1_3' title="bbox 101 3208 1268 4371">
     <span class='ocr_line' id='line_1_35' title="bbox 216 3208 1263 3293; baseline 0 -24"><span class='ocrx_word' id='word_1_259' title='bbox 216 3208 256 3275; x_wconf 90' lang='lat' dir='ltr'><strong>V.</strong></span> <span class='ocrx_word' id='word_1_260' title='bbox 297 3209 426 3293; x_wconf 85' lang='lat' dir='ltr'><strong>thuia</strong></span> <span class='ocrx_word' id='word_1_261' title='bbox 435 3222 544 3274; x_wconf 86' lang='lat' dir='ltr'><strong>sancta</strong></span> <span class='ocrx_word' id='word_1_262' title='bbox 551 3213 695 3277; x_wconf 84' lang='lat' dir='ltr'><strong>Ecclesia</strong></span> <span class='ocrx_word' id='word_1_263' title='bbox 710 3215 745 3276; x_wconf 93' lang='lat' dir='ltr'><strong>in</strong></span> <span class='ocrx_word' id='word_1_264' title='bbox 756 3234 830 3276; x_wconf 88' lang='lat' dir='ltr'><strong>area</strong></span> <span class='ocrx_word' id='word_1_265' title='bbox 845 3214 977 3275; x_wconf 84' lang='lat' dir='ltr'><strong>triturae</strong></span> <span class='ocrx_word' id='word_1_266' title='bbox 991 3210 1171 3274; x_wconf 90' lang='lat' dir='ltr'><strong>dominicae</strong></span> <span class='ocrx_word' id='word_1_267' title='bbox 1185 3209 1263 3270; x_wconf 79' lang='lat' dir='ltr'><strong>doc-</strong></span> 
     </span>
     <span class='ocr_line' id='line_1_36' title="bbox 154 3293 1265 3388; baseline -0.001 -35"><span class='ocrx_word' id='word_1_268' title='bbox 154 3301 185 3353; x_wconf 86' lang='lat' dir='ltr'><strong>ta</strong></span> <span class='ocrx_word' id='word_1_269' title='bbox 200 3293 358 3374; x_wconf 86' lang='lat' dir='ltr'><strong>quaedam</strong></span> <span class='ocrx_word' id='word_1_270' title='bbox 382 3296 473 3356; x_wconf 82' lang='lat' dir='ltr'><strong>novit</strong></span> <span class='ocrx_word' id='word_1_271' title='bbox 489 3296 721 3379; x_wconf 83' lang='lat' dir='ltr'><strong>redarguenda,</strong></span> <span class='ocrx_word' id='word_1_272' title='bbox 741 3297 899 3380; x_wconf 83' lang='lat' dir='ltr'><strong>quaedam</strong></span> <span class='ocrx_word' id='word_1_273' title='bbox 913 3293 1265 3388; x_wconf 52' lang='lat' dir='ltr'><strong>dissimulandadquae-</strong></span> 
     </span>
     <span class='ocr_line' id='line_1_37' title="bbox 158 3375 1265 3462; baseline -0.003 -26"><span class='ocrx_word' id='word_1_274' title='bbox 158 3375 229 3436; x_wconf 84' lang='lat' dir='ltr'><strong>dum</strong></span> <span class='ocrx_word' id='word_1_275' title='bbox 244 3376 338 3435; x_wconf 91' lang='lat' dir='ltr'><strong>etiam</strong></span> <span class='ocrx_word' id='word_1_276' title='bbox 351 3379 505 3457; x_wconf 79' lang='lat' dir='ltr'><strong>gemenda</strong></span> <span class='ocrx_word' id='word_1_277' title='bbox 520 3399 622 3460; x_wconf 90' lang='lat' dir='ltr'><strong>usque</strong></span> <span class='ocrx_word' id='word_1_278' title='bbox 637 3382 677 3440; x_wconf 89' lang='lat' dir='ltr'><strong>ad</strong></span> <span class='ocrx_word' id='word_1_279' title='bbox 686 3391 809 3462; x_wconf 91' lang='lat' dir='ltr'><strong>tempus</strong></span> <span class='ocrx_word' id='word_1_280' title='bbox 825 3377 1028 3461; x_wconf 85' lang='lat' dir='ltr'><strong>perferenda,</strong></span> <span class='ocrx_word' id='word_1_281' title='bbox 1043 3389 1265 3460; x_wconf 73' lang='lat' dir='ltr'><strong>perspeximus</strong></span> 
     </span>
     <span class='ocr_line' id='line_1_38' title="bbox 158 3459 1261 3542; baseline -0.002 -24"><span class='ocrx_word' id='word_1_282' title='bbox 158 3481 197 3518; x_wconf 89' lang='lat' dir='ltr'><strong>eo</strong></span> <span class='ocrx_word' id='word_1_283' title='bbox 217 3459 407 3519; x_wconf 82' lang='lat' dir='ltr'><strong>ferventiori</strong></span> <span class='ocrx_word' id='word_1_284' title='bbox 424 3461 495 3520; x_wconf 86' lang='lat' dir='ltr'><strong>zelo</strong></span> <span class='ocrx_word' id='word_1_285' title='bbox 511 3482 576 3542; x_wconf 90' lang='lat' dir='ltr'><strong>quo</strong></span> <span class='ocrx_word' id='word_1_286' title='bbox 594 3463 712 3523; x_wconf 86' lang='lat' dir='ltr'><strong>maiora</strong></span> <span class='ocrx_word' id='word_1_287' title='bbox 729 3461 918 3542; x_wconf 81' lang='lat' dir='ltr'><strong>corrigenda</strong></span> <span class='ocrx_word' id='word_1_288' title='bbox 941 3471 1025 3539; x_wconf 91' lang='lat' dir='ltr'><strong>sunt,</strong></span> <span class='ocrx_word' id='word_1_289' title='bbox 1042 3470 1178 3520; x_wconf 81' lang='lat' dir='ltr'><strong>restrum</strong></span> <span class='ocrx_word' id='word_1_290' title='bbox 1198 3478 1261 3541; x_wconf 90' lang='lat' dir='ltr'><strong>po-</strong></span> 
     </span>
     <span class='ocr_line' id='line_1_39' title="bbox 158 3535 1263 3623; baseline -0.003 -22"><span class='ocrx_word' id='word_1_291' title='bbox 158 3549 322 3618; x_wconf 84' lang='lat' dir='ltr'><strong>testatem,</strong></span> <span class='ocrx_word' id='word_1_292' title='bbox 343 3551 376 3602; x_wconf 91' lang='lat' dir='ltr'><strong>et</strong></span> <span class='ocrx_word' id='word_1_293' title='bbox 405 3543 609 3605; x_wconf 88' lang='lat' dir='ltr'><strong>sacerdotalis</strong></span> <span class='ocrx_word' id='word_1_294' title='bbox 636 3545 764 3606; x_wconf 90' lang='lat' dir='ltr'><strong>consilii</strong></span> <span class='ocrx_word' id='word_1_295' title='bbox 790 3544 1025 3620; x_wconf 86' lang='lat' dir='ltr'><strong>auctoritatem,</strong></span> <span class='ocrx_word' id='word_1_296' title='bbox 1045 3541 1201 3623; x_wconf 84' lang='lat' dir='ltr'><strong>quaedam</strong></span> <span class='ocrx_word' id='word_1_297' title='bbox 1221 3535 1263 3599; x_wconf 87' lang='lat' dir='ltr'><strong>ad</strong></span> 
     </span>
     <span class='ocr_line' id='line_1_40' title="bbox 157 3621 1265 3708; baseline 0 -26"><span class='ocrx_word' id='word_1_298' title='bbox 157 3644 307 3706; x_wconf 89' lang='lat' dir='ltr'><strong>praesens</strong></span> <span class='ocrx_word' id='word_1_299' title='bbox 327 3645 364 3685; x_wconf 87' lang='lat' dir='ltr'><strong>ex</strong></span> <span class='ocrx_word' id='word_1_300' title='bbox 385 3647 451 3686; x_wconf 88' lang='lat' dir='ltr'><strong>usse</strong></span> <span class='ocrx_word' id='word_1_301' title='bbox 467 3648 531 3686; x_wconf 91' lang='lat' dir='ltr'><strong>non</strong></span> <span class='ocrx_word' id='word_1_302' title='bbox 551 3627 659 3689; x_wconf 81' lang='lat' dir='ltr'><strong>valere</strong></span> <span class='ocrx_word' id='word_1_303' title='bbox 674 3627 845 3708; x_wconf 83' lang='lat' dir='ltr'><strong>corrigere.</strong></span> <span class='ocrx_word' id='word_1_304' title='bbox 865 3627 908 3686; x_wconf 89' lang='lat' dir='ltr'><strong>Et</strong></span> <span class='ocrx_word' id='word_1_305' title='bbox 928 3625 1001 3686; x_wconf 90' lang='lat' dir='ltr'><strong>ideo</strong></span> <span class='ocrx_word' id='word_1_306' title='bbox 1021 3627 1060 3687; x_wconf 92' lang='lat' dir='ltr'><strong>de</strong></span> <span class='ocrx_word' id='word_1_307' title='bbox 1084 3621 1265 3684; x_wconf 78' lang='lat' dir='ltr'><strong>Cauonieo&#39;·</strong></span> 
     </span>
     <span class='ocr_line' id='line_1_41' title="bbox 121 3706 1264 3789; baseline -0.003 -22"><span class='ocrx_word' id='word_1_308' title='bbox 121 3730 122 3736; x_wconf 50' lang='lat'>¹</span> <span class='ocrx_word' id='word_1_309' title='bbox 154 3713 227 3767; x_wconf 81' lang='lat' dir='ltr'><strong>rum</strong></span> <span class='ocrx_word' id='word_1_310' title='bbox 247 3707 449 3770; x_wconf 83' lang='lat' dir='ltr'><strong>monasteriis</strong></span> <span class='ocrx_word' id='word_1_311' title='bbox 475 3719 506 3770; x_wconf 90' lang='lat' dir='ltr'><strong>et</strong></span> <span class='ocrx_word' id='word_1_312' title='bbox 520 3709 820 3772; x_wconf 77' lang='lat' dir='ltr'><strong>sanctimonialium</strong></span> <span class='ocrx_word' id='word_1_313' title='bbox 845 3729 927 3789; x_wconf 89' lang='lat' dir='ltr'><strong>quae</strong></span> <span class='ocrx_word' id='word_1_314' title='bbox 944 3709 1004 3768; x_wconf 90' lang='lat' dir='ltr'><strong>sub</strong></span> <span class='ocrx_word' id='word_1_315' title='bbox 1026 3706 1137 3769; x_wconf 88' lang='lat' dir='ltr'><strong>eadem</strong></span> <span class='ocrx_word' id='word_1_316' title='bbox 1160 3706 1264 3766; x_wconf 82' lang='lat' dir='ltr'><strong>forma</strong></span> 
     </span>
     <span class='ocr_line' id='line_1_42' title="bbox 155 3788 1264 3872; baseline -0.005 -22"><span class='ocrx_word' id='word_1_317' title='bbox 155 3792 265 3852; x_wconf 86' lang='lat' dir='ltr'><strong>vivere</strong></span> <span class='ocrx_word' id='word_1_318' title='bbox 286 3790 451 3868; x_wconf 82' lang='lat' dir='ltr'><strong>dicuntur,</strong></span> <span class='ocrx_word' id='word_1_319' title='bbox 471 3792 754 3869; x_wconf 85' lang='lat' dir='ltr'><strong>consideravimus,</strong></span> <span class='ocrx_word' id='word_1_320' title='bbox 766 3791 1024 3872; x_wconf 84' lang='lat' dir='ltr'><strong>sieutApostolns</strong></span> <span class='ocrx_word' id='word_1_321' title='bbox 1036 3788 1156 3852; x_wconf 84' lang='lat' dir='ltr'><strong>Paulus</strong></span> <span class='ocrx_word' id='word_1_322' title='bbox 1172 3788 1264 3865; x_wconf 84' lang='lat' dir='ltr'><strong>dicit,</strong></span> 
     </span>
     <span class='ocr_line' id='line_1_43' title="bbox 141 3870 1267 3955; baseline -0.004 -22"><span class='ocrx_word' id='word_1_323' title='bbox 141 3871 322 3955; x_wconf 39' lang='lat' dir='ltr'><strong>&#39;secundnm</strong></span> <span class='ocrx_word' id='word_1_324' title='bbox 340 3872 578 3952; x_wconf 80' lang='lat' dir='ltr'><strong>indulgentiam,</strong></span> <span class='ocrx_word' id='word_1_325' title='bbox 595 3881 666 3936; x_wconf 83' lang='lat' dir='ltr'><strong>non&#39;</strong></span> <span class='ocrx_word' id='word_1_326' title='bbox 678 3873 847 3934; x_wconf 83' lang='lat' dir='ltr'><strong>secundum</strong></span> <span class='ocrx_word' id='word_1_327' title='bbox 869 3875 1044 3955; x_wconf 80' lang='lat' dir='ltr'><strong>imperinm,</strong></span> <span class='ocrx_word' id='word_1_328' title='bbox 1070 3879 1106 3930; x_wconf 92' lang='lat' dir='ltr'><strong>ut</strong></span> <span class='ocrx_word' id='word_1_329' title='bbox 1124 3870 1151 3931; x_wconf 89' lang='lat' dir='ltr'><strong>si</strong></span> <span class='ocrx_word' id='word_1_330' title='bbox 1169 3891 1267 3952; x_wconf 87' lang='lat' dir='ltr'><strong>prop-</strong></span> 
     </span>
     <span class='ocr_line' id='line_1_44' title="bbox 152 3949 1266 4039; baseline -0.004 -25"><span class='ocrx_word' id='word_1_331' title='bbox 152 3965 203 4016; x_wconf 88' lang='lat' dir='ltr'><strong>ter</strong></span> <span class='ocrx_word' id='word_1_332' title='bbox 220 3949 440 4016; x_wconf 82' lang='lat' dir='ltr'><strong>imminentem</strong></span> <span class='ocrx_word' id='word_1_333' title='bbox 456 3957 654 4039; x_wconf 85' lang='lat' dir='ltr'><strong>reipublicae</strong></span> <span class='ocrx_word' id='word_1_334' title='bbox 674 3956 896 4018; x_wconf 87' lang='lat' dir='ltr'><strong>necessitatem</strong></span> <span class='ocrx_word' id='word_1_335' title='bbox 914 3955 1003 4016; x_wconf 89' lang='lat' dir='ltr'><strong>laicis</strong></span> <span class='ocrx_word' id='word_1_336' title='bbox 1025 3953 1154 4015; x_wconf 88' lang='lat' dir='ltr'><strong>interim</strong></span> <span class='ocrx_word' id='word_1_337' title='bbox 1174 3973 1266 4013; x_wconf 85' lang='lat' dir='ltr'><strong>cotn-</strong></span> 
     </span>
     <span class='ocr_line' id='line_1_45' title="bbox 153 4035 1265 4122; baseline -0.002 -26"><span class='ocrx_word' id='word_1_338' title='bbox 153 4038 337 4116; x_wconf 86' lang='lat' dir='ltr'><strong>mittuutur,</strong></span> <span class='ocrx_word' id='word_1_339' title='bbox 352 4039 504 4121; x_wconf 89' lang='lat' dir='ltr'><strong>Episcopi</strong></span> <span class='ocrx_word' id='word_1_340' title='bbox 520 4039 777 4122; x_wconf 85' lang='lat' dir='ltr'><strong>providentia,in</strong></span> <span class='ocrx_word' id='word_1_341' title='bbox 794 4038 888 4098; x_wconf 89' lang='lat' dir='ltr'><strong>cuius</strong></span> <span class='ocrx_word' id='word_1_342' title='bbox 905 4037 1054 4119; x_wconf 86' lang='lat' dir='ltr'><strong>parocbia</strong></span> <span class='ocrx_word' id='word_1_343' title='bbox 1070 4035 1265 4110; x_wconf 83' lang='lat' dir='ltr'><strong>consistunt,</strong></span> 
     </span>
     <span class='ocr_line' id='line_1_46' title="bbox 153 4116 1268 4204; baseline 0.001 -29"><span class='ocrx_word' id='word_1_344' title='bbox 153 4120 307 4180; x_wconf 76' lang='lat' dir='ltr'><strong>adiuncto</strong></span> <span class='ocrx_word' id='word_1_345' title='bbox 325 4122 386 4182; x_wconf 86' lang='lat' dir='ltr'><strong>sibi</strong></span> <span class='ocrx_word' id='word_1_346' title='bbox 403 4123 514 4204; x_wconf 89' lang='lat' dir='ltr'><strong>aliquo</strong></span> <span class='ocrx_word' id='word_1_347' title='bbox 533 4122 654 4182; x_wconf 82' lang='lat' dir='ltr'><strong>Abbate</strong></span> <span class='ocrx_word' id='word_1_348' title='bbox 677 4123 749 4183; x_wconf 84' lang='lat' dir='ltr'><strong>viro</strong></span> <span class='ocrx_word' id='word_1_349' title='bbox 765 4120 929 4203; x_wconf 81' lang='lat' dir='ltr'><strong>religioso,</strong></span> <span class='ocrx_word' id='word_1_350' title='bbox 941 4118 1107 4180; x_wconf 88' lang='lat' dir='ltr'><strong>studeatur</strong></span> <span class='ocrx_word' id='word_1_351' title='bbox 1122 4116 1268 4198; x_wconf 86' lang='lat' dir='ltr'><strong>qualiter</strong></span> 
     </span>
     <span class='ocr_line' id='line_1_47' title="bbox 101 4199 1267 4281; baseline 0.001 -25"><span class='ocrx_word' id='word_1_352' title='bbox 101 4239 116 4256; x_wconf 49' lang='lat' dir='ltr'><strong>,s</strong></span> <span class='ocrx_word' id='word_1_353' title='bbox 152 4205 342 4264; x_wconf 74' lang='lat' dir='ltr'><strong>restauratio</strong></span> <span class='ocrx_word' id='word_1_354' title='bbox 354 4205 510 4280; x_wconf 86' lang='lat' dir='ltr'><strong>locorum,</strong></span> <span class='ocrx_word' id='word_1_355' title='bbox 531 4215 562 4264; x_wconf 90' lang='lat' dir='ltr'><strong>et</strong></span> <span class='ocrx_word' id='word_1_356' title='bbox 573 4205 715 4265; x_wconf 89' lang='lat' dir='ltr'><strong>studium</strong></span> <span class='ocrx_word' id='word_1_357' title='bbox 728 4226 764 4264; x_wconf 85' lang='lat' dir='ltr'><strong>ac</strong></span> <span class='ocrx_word' id='word_1_358' title='bbox 782 4203 926 4264; x_wconf 90' lang='lat' dir='ltr'><strong>custodia</strong></span> <span class='ocrx_word' id='word_1_359' title='bbox 941 4201 1037 4262; x_wconf 89' lang='lat' dir='ltr'><strong>officii</strong></span> <span class='ocrx_word' id='word_1_360' title='bbox 1052 4211 1083 4261; x_wconf 92' lang='lat' dir='ltr'><strong>et</strong></span> <span class='ocrx_word' id='word_1_361' title='bbox 1094 4199 1267 4281; x_wconf 77' lang='lat' dir='ltr'><strong>religionis</strong></span> 
     </span>
     <span class='ocr_line' id='line_1_48' title="bbox 152 4282 1267 4371; baseline 0.003 -29"><span class='ocrx_word' id='word_1_362' title='bbox 152 4301 247 4364; x_wconf 74' lang='lat' dir='ltr'><strong>atquc</strong></span> <span class='ocrx_word' id='word_1_363' title='bbox 268 4286 445 4348; x_wconf 84' lang='lat' dir='ltr'><strong>subsidium</strong></span> <span class='ocrx_word' id='word_1_364' title='bbox 465 4287 650 4371; x_wconf 87' lang='lat' dir='ltr'><strong>temporalis</strong></span> <span class='ocrx_word' id='word_1_365' title='bbox 669 4284 924 4368; x_wconf 76' lang='lat' dir='ltr'><strong>necessitatis,]iu</strong></span> <span class='ocrx_word' id='word_1_366' title='bbox 949 4285 1069 4348; x_wconf 87' lang='lat' dir='ltr'><strong>eisdem</strong></span> <span class='ocrx_word' id='word_1_367' title='bbox 1094 4283 1176 4348; x_wconf 68' lang='lat' dir='ltr'><strong>locis,</strong></span> <span class='ocrx_word' id='word_1_368' title='bbox 1208 4282 1267 4346; x_wconf 72' lang='lat' dir='ltr'><strong>de-</strong></span> 
     </span>
    </p>
   </div>
   <div class='ocr_carea' id='block_1_3' title="bbox 0 0 1404 4980">
    <p class='ocr_par' dir='ltr' id='par_1_4' title="bbox 0 0 1404 4980">
     <span class='ocr_line' id='line_1_49' title="bbox 0 0 1404 4980; baseline 0 0"><span class='ocrx_word' id='word_1_369' title='bbox 0 0 1404 4980; x_wconf 95' lang='lat' dir='ltr'><strong> </strong></span> 
     </span>
    </p>
   </div>
  </div>
 </body>
</html>
