2658 4978
179 332 252 408 150
406 347 536 405 aena
642 343 886 402 cararuusun
994 348 1051 406 aaa,

260 485 406 552 XXVII.
448 487 491 547 Ut
510 485 599 546 iuxta
619 484 745 566 regium
768 482 955 565 Capitulare
972 487 1056 566 quod
1073 489 1200 552 Domnus
1221 499 1248 554 et

179 571 315 636 Genitor
332 577 459 646 noster,
482 588 568 627 anno
591 567 760 648 xv1,regni
776 567 844 641 sui,
867 566 1008 646 capitulo
1025 591 1081 646 un,
1097 573 1247 646 constituit,

179 655 320 715 Comites
335 652 390 713 vel
403 649 493 712 Missi
510 650 610 710 nostri
634 647 808 730 diligenter
828 648 995 729 inquirant
1007 653 1114 731 quanti
1127 652 1249 716 homines

178 736 275 797 liberi
298 735 332 794 in
366 732 500 816 singulis
526 729 728 793 comitatibus
751 740 901 791 maneant
929 732 986 811 qui
1006 753 1063 814 per
1084 755 1115 794 se
1139 748 1251 828 possunt

179 817 419 901 expeditionem
437 817 555 891 facere,
573 812 625 874 rel
641 812 752 895 quanti
768 814 808 874 de
822 812 874 874 his
887 813 1005 893 quibus
1018 837 1098 876 naus
1108 817 1196 876 anum
1206 819 1251 878 ad-

177 899 278 978 iuvet,
288 899 399 980 quanti
409 899 506 958 etiam
518 897 558 957 de
573 894 623 954 his
638 895 695 976 qui
716 896 733 954 h
751 894 876 956 duobus
896 896 1009 959 tertius
1023 897 1190 975 adiuvetur,
1209 901 1251 962 rel

177 991 397 1066 praeparetur,
419 1000 547 1042 necnon
568 977 608 1038 de
622 976 672 1038 his
689 977 777 1059 quib
793 978 895 1038 tribus
912 989 1045 1060 quartus
1065 980 1216 1042 adiuvetur
1228 991 1252 1042 st

175 1061 461 1148 praeparetursIve
476 1058 639 1140 dehisqui
649 1061 816 1141 hquotuor
824 1059 960 1141 quintus
970 1061 1137 1124 adiuvetur
1145 1071 1173 1122 et
1180 1085 1252 1146 prae·

175 1155 310 1230 paretur
323 1154 359 1205 ut
376 1142 616 1226 expeditionem
632 1142 841 1204 exercitalem
853 1143 959 1203 facere
972 1145 1104 1224 possint,
1122 1153 1252 1206 eteorum

176 1249 331 1290 summam
346 1227 384 1288 ud
403 1235 544 1286 nostram
562 1223 710 1284 notitiam
723 1226 885 1295 deferant3
909 1235 946 1286 nt
964 1225 1015 1285 illi
1035 1227 1090 1306 qui
1108 1225 1140 1286 in
1152 1224 1254 1288 hostem

175 1331 312 1394 pergere
327 1331 391 1369 non
405 1306 592 1390 potuerint,
614 1305 708 1367 iuxta'
730 1306 896 1388 antiquam
923 1316 955 1368 et
979 1306 1113 1368 aliarum
1134 1309 1254 1390 gentium
1316 1349 1317 1354 κ

177 1392 447 1454 consuetudinem
464 1390 504 1450 ad
521 1390 666 1450 civitates
682 1410 779 1450 novas
793 1398 826 1448 et
842 1399 955 1471 pontes
969 1412 1006 1451 ac
1021 1391 1166 1452 transitus
1179 1393 1254 1474 palu-s

177 1475 268 1536 dium
289 1483 484 1557 operentur,
507 1480 539 1532 et
557 1471 590 1531 in
614 1471 744 1532 civitate
769 1478 864 1552 atque
887 1471 921 1530 in
939 1472 1069 1534 marcha
1086 1480 1191 1534 wactas
1215 1474 1254 1532 f·
1316 1513 1317 1538 2

178 1557 281 1634 ciant,
303 1556 344 1616 ad
365 1554 587 1616 defensionem
609 1553 729 1632 patriae
758 1574 869 1614 ornnes
891 1554 960 1614 sine
984 1555 1055 1614 nlla
1075 1557 1254 1616 excusatione
1316 1593 1317 1626 i

175 1639 324 1701 veniant.
366 1638 408 1698 Et
423 1637 480 1718 qui
502 1636 540 1697 de
553 1635 668 1697 talibus
694 1635 819 1697 hostem
839 1635 1040 1714 dimiserint,
1068 1635 1254 1697 heribannum
1316 1675 1317 1709 3

175 1722 265 1780 iuxta
284 1720 519 1782 discretionem
543 1739 626 1799 quae
651 1718 684 1778 in
709 1717 952 1801 progenitorum
979 1729 1157 1780 nostrornm
1179 1720 1255 1780 tertio
1316 1759 1317 1778 2

175 1803 260 1864 libro
277 1802 525 1885 capitulorum,
548 1801 689 1881 capitulo
708 1823 774 1872 xiv,
794 1800 997 1879 continetur,
1020 1802 1202 1884 persolvant.
1224 1803 1255 1862 Et
1316 1819 1317 1862 t

176 1885 234 1966 qni
251 1883 291 1944 ad
305 1883 527 1944 defensionem
547 1883 669 1964 patriae
690 1903 754 1942 non
771 1882 995 1960 occurrerint,
1024 1885 1194 1946 secundum
1211 1905 1256 1942 an·
1316 1922 1317 1948 i

181 1967 306 2048 tiquam
317 1966 586 2027 consuetudinem
602 1975 634 2026 et
661 1964 887 2047 capitulorum
910 1966 1172 2028 constitutionem
1188 1965 1256 2024 iudi·
1316 2005 1317 2034 2

177 2057 302 2114 centur.

260 2127 425 2192 XXVIII.
466 2131 510 2190 Ut
525 2129 574 2188 illi
595 2129 711 2190 Franci
729 2131 787 2212 qui
807 2151 937 2192 censum
965 2131 1006 2192 de
1021 2154 1080 2193 suo
1102 2129 1196 2212 capite
1215 2129 1255 2188 rel
1316 2179 1317 2200 ,

176 2213 216 2276 de
232 2213 298 2276 suis
318 2211 414 2274 rebus
433 2211 472 2272 ad
487 2221 610 2292 partem
625 2213 745 2295 regiam
762 2214 900 2289 debent,
921 2213 991 2274 sine
1014 2225 1122 2274 nostra
1148 2211 1255 2270 lieentia
1316 2259 1317 2276 ,

177 2297 216 2357 ad
238 2317 342 2357 casam
360 2294 421 2355 Dei
437 2293 489 2355 rel
509 2294 548 2353 ad
568 2295 701 2355 alterius
725 2297 949 2375 cuiuscunque
974 2297 1140 2357 servitium
1159 2317 1187 2354 se
1205 2315 1254 2352 nou
1316 2337 1317 2366 3

177 2378 322 2454 tradant,
346 2386 381 2436 ut
396 2376 578 2457 respublica
593 2377 681 2458 qnod
695 2377 734 2438 de
761 2377 825 2439 illis
843 2377 1107 2452 haheredebent,
1129 2398 1188 2452 non
1203 2396 1256 2455 per·
1316 2416 1317 2424 κ

178 2461 241 2522 dat.
284 2459 382 2536 Quod
401 2458 427 2520 si
449 2466 504 2517 ant
524 2461 643 2540 seipsos
659 2469 713 2518 aut
735 2482 785 2520 res
802 2483 873 2520 suas
890 2461 930 2519 ad
947 2482 1053 2520 casam
1073 2459 1149 2534 Del,
1171 2457 1257 2516 autad

177 2541 547 2622 alteriuseniuscunque
571 2540 760 2618 servitium,
783 2542 852 2602 sine
869 2542 1000 2604 licentia
1024 2553 1131 2603 nostra
1155 2541 1256 2599 tradere

175 2625 357 2700 volueriut,
383 2625 466 2684 siout
486 2623 519 2681 in
547 2623 725 2704 Capitulari
749 2626 797 2683 avi
825 2624 926 2684 nostri
955 2626 1141 2684 continetur
1164 2623 1198 2682 de
1218 2620 1257 2678 bis
1316 2669 1317 2680 a

177 2707 235 2789 qui
252 2728 310 2788 pro
329 2705 416 2767 furto
435 2726 467 2766 se
491 2705 524 2764 in
550 2705 718 2766 servitium
735 2707 861 2767 tradere
884 2707 1040 2786 cupiunt,
1064 2705 1195 2766 Comites
1219 2703 1256 2762 vel
1316 2745 1317 2750 κ

176 2788 299 2852 Vicarii
322 2787 385 2849 boc
405 2788 450 2848 eis
469 2809 533 2846 non
555 2788 775 2864 consentiant,
797 2789 853 2849 seul
874 2811 913 2848 ex
934 2789 1043 2849 banno
1073 2798 1175 2850 nostro
1198 2806 1257 2868 pro·

175 2872 320 2934 hibeant.
362 2870 459 2947 Quod
478 2870 503 2930 si
524 2879 634 2930 contra
651 2871 794 2929 bannum
809 2881 954 2931 nostrum
968 2872 1126 2947 fecerint,
1148 2869 1201 2950 ipsi
1215 2865 1257 2947 qui

178 2976 233 3014 eos
248 2953 430 3035 receperint
451 2951 594 3012 lauranum
623 2953 844 3025 nostrum,-id
873 2962 937 3028 est,
971 2954 1092 3014 solidos
1117 2951 1257 3030 sexaginta
1316 2991 1317 2996 κ

178 3043 381 3115 componant.
424 3035 502 3093 Etsi
521 3037 604 3116 ipsos
625 3034 657 3092 in
674 3034 804 3096 servitio
826 3025 888 3094 suo¹
900 3034 1017 3096 habere
1040 3033 1205 3108 volueriut,
1219 3030 1257 3092 vel

177 3117 308 3177 illorum
332 3138 383 3176 res
403 3116 442 3177 de
460 3117 576 3196 quibus
597 3136 712 3176 census
729 3116 768 3176 ad
790 3126 912 3196 partem
928 3117 1050 3196 regiam
1077 3117 1207 3191 exiebat,
1225 3123 1259 3172 te·

177 3220 255 3258 nere
269 3199 445 3274 voluerint,
460 3219 590 3258 censum
609 3219 705 3279 quem
723 3198 781 3278 ipsi
792 3199 908 3258 Franci
926 3200 1099 3274 debebunt,
1112 3199 1159 3258 vel
1170 3196 1217 3278 qui
1228 3193 1257 3254 de

177 3281 309 3341 illorum
321 3280 416 3340 rebus
431 3280 521 3340 exire
539 3280 680 3356 solebat,
704 3282 743 3340 ad
762 3290 901 3340 nostram
918 3281 1037 3363 regium
1057 3292 1176 3360 partem
1193 3300 1258 3340 com·

176 3373 316 3447 ponunt,
339 3363 423 3423 sicut
441 3363 473 3421 in
491 3364 633 3443 praefato
647 3363 871 3444 capitulorum
887 3363 970 3423 libro
986 3366 1083 3424 tertio
1093 3409 1102 3440 ,
1125 3363 1257 3444 capitur,

178 3455 210 3508 et
231 3467 360 3522 cxxxvr,
383 3456 414 3508 et
427 3445 568 3518 inlibro
588 3467 631 3521 av,
655 3446 784 3526 capitul.
805 3467 917 3522 xxxva,
939 3445 1085 3506 habetur.
1128 3447 1167 3506 Et
1188 3443 1257 3523 quia,

175 3529 260 3590 sicut
283 3528 315 3586 ln
341 3528 437 3588 sacris
455 3521 678 3588 ecclesiasticis
696 3527 817 3609 regulis
842 3526 1024 3600 invenitur,
1054 3529 1144 3610 prior
1172 3527 1258 3585 obser

176 3610 262 3674 vatio
279 3609 401 3688 durior,
423 3608 584 3691 posterior
600 3618 708 3669 autem
726 3609 875 3690 exigente
894 3632 986 3670 causa
1004 3611 1187 3671 inclinatior
1200 3603 1257 3678 fait,

174 3702 247 3776 post
261 3691 340 3752 baec
354 3695 495 3772 praefata
516 3693 665 3772 Capitale
683 3692 886 3752 decessorum
905 3707 935 3752 et
952 3693 1191 3774 progenitorum
1203 3709 1257 3747 uos·

175 3788 320 3850 trorum,
343 3773 545 3849 huiusmodi,
568 3774 650 3834 sicut
668 3773 902 3855 praediximus,
935 3777 1066 3847 Francis
1093 3772 1258 3837 hominibus

177 3881 229 3918 res
247 3879 318 3918 suras
343 3857 382 3916 ad
402 3879 502 3917 casam
521 3855 582 3916 Dei
601 3856 653 3918 vel
672 3856 742 3915 aliis
760 3855 886 3915 tradere
908 3879 944 3917 ac
968 3858 1127 3935 vendere,
1157 3872 1257 3935 eosque

176 3939 217 4000 ad
238 3939 383 4000 divinum
401 3939 569 3998 servitium
594 3938 758 4016 converti,
782 3937 808 3998 si
840 3940 981 4016 vellent,
1010 3962 1074 4000 uon
1103 3938 1258 4022 prohibue-

176 4032 272 4099 runt,
295 4021 379 4080 sicut
395 4021 425 4080 in
447 4019 603 4102 Capitulis
620 4020 694 4080 libri
710 4019 817 4102 primi,
834 4022 965 4104 capitul.
984 4045 1099 4100 cxxxn,
1111 4033 1143 4084 et
1154 4037 1257 4084 urruu'

175 4115 209 4167 et
225 4106 258 4164 in
280 4102 362 4163 libro
384 4127 417 4179 u,
435 4103 565 4185 capitul.
583 4125 673 4180 xxxi,
696 4113 726 4162 et
742 4101 774 4161 in
792 4101 865 4164 libri
895 4126 939 4181 iv,
955 4104 1086 4186 capitul.
1100 4127 1178 4180 ¹aux,
1193 4120 1259 4162 con-

175 4189 311 4250 tinetur.
353 4183 387 4246 Si
411 4185 483 4266 quis
499 4185 538 4246 de
557 4185 674 4246 talibus
700 4185 833 4246 Francis
867 4186 907 4246 de
934 4186 1000 4248 suis
1031 4188 1128 4253 rebus
1150 4183 1258 4246 tradere

174 4269 228 4333 vul
244 4267 387 4332 vendere
402 4267 564 4346 voluerit,
588 4287 653 4328 non
676 4265 893 4350 probibemus.
919 4271 1074 4338 *Tantum
1097 4278 1134 4334 nt
1155 4267 1201 4330 ius
1220 4282 1258 4325 re·
