2786 4980
290 353 323 410 n.
352 356 431 410 can
541 309 910 412 nseosrrnncol'on
1023 303 1084 414 iar.
1193 321 1248 414 '77

122 493 219 578 stare,
242 505 283 558 ut
322 497 387 558 ltoc
417 493 571 578 possimus
598 517 672 556 cum
701 496 763 558 Dei
792 496 953 559 adiutorio
980 505 1013 558 et
1048 503 1157 559 vestro
1190 499 1249 560 ob-

125 604 266 647 serrare.

396 679 699 759 Annunrtarto
728 695 977 760 llsornantr.

208 807 307 870 Sicut
330 827 421 867 meus
449 802 631 864 avunculus
650 799 742 864 vobis
767 800 857 875 dicit,
887 808 1044 884 quantum
1061 801 1150 865 Deus
1170 803 1251 865 mihi

122 889 211 954 scire
237 900 272 952 et
291 909 385 972 posse
403 884 573 952 donaverit
594 894 626 946 et
641 885 673 945 in
691 886 747 946 illa
763 884 911 944 firmitate
926 905 999 944 cum
1023 886 1159 948 Seniore
1178 909 1252 950 mco

124 975 215 1033 faeta
229 972 265 1031 in
284 991 349 1052 qua
368 989 419 1028 me
441 967 591 1052 suscepit,
614 975 645 1028 ct
663 989 761 1050 quam
780 965 898 1028 Senior
917 987 1007 1026 meus
1024 979 1135 1031 contra
1154 969 1249 1032 illum

130 1054 226 1131 fecit,
247 1053 321 1114 volo
341 1071 573 1133 perseverare,
596 1060 628 1111 ct
648 1051 738 1111 illam
752 1072 848 1132 quarn
862 1059 974 1110 contra
990 1068 1065 1112 eum
1084 1053 1161 1134 feci,
1176 1076 1250 1116 cum

133 1138 203 1202 Det
220 1136 390 1213 adiutorio,
414 1135 490 1195 volo
505 1133 639 1194 firmiter
659 1133 840 1196 observare.

234 1247 342 1307 tran
386 1261 725 1304 sunuurtsrro
767 1241 957 1303 Kanott
999 1241 1154 1306 Recte.

222 1353 378 1416 Volumus
395 1373 450 1412 vos
468 1350 551 1412 scire
569 1349 646 1432 quia
667 1357 802 1432 propter
823 1349 897 1410 istas
916 1349 1044 1433 rapinas
1065 1358 1097 1409 et
1115 1350 1252 1433 deprae-

131 1436 285 1500 dationes
310 1455 393 1518 quae
419 1435 452 1493 in
480 1455 582 1516 regno
603 1444 714 1494 nostro
740 1434 971 1512 increverunt,
993 1454 1033 1493 ex
1060 1441 1150 1514 parte
1174 1433 1251 1514 quia

130 1518 375 1602 Paganinobis
395 1525 675 1599 supervenerunt,
706 1537 746 1576 ex
768 1526 859 1597 parte
880 1538 939 1599 pro
964 1514 1084 1577 talibus
1108 1515 1252 1580 occasio-

131 1605 230 1666 nibus
250 1621 336 1684 quae
358 1601 392 1660 in
414 1621 516 1682 regno
539 1610 649 1660 nostro
668 1601 868 1676 acciderunt,
889 1600 1048 1682 synodum
1071 1599 1252 1682 Episcopo-

129 1709 209 1748 rum
228 1694 261 1747 et
277 1685 458 1766 aliquantos
476 1683 515 1743 de
536 1684 652 1743 nostris
674 1683 823 1743 fidelibus
839 1703 897 1766 pro
919 1681 1159 1766 opportunitate
1174 1692 1254 1742 tcm-

130 1769 222 1855 poris
244 1766 506 1843 convocavimus,
529 1776 560 1825 et
574 1766 848 1828 consideravimus
863 1787 937 1826 cum
954 1763 1031 1860 ipsis
1054 1771 1090 1824 ut
1109 1786 1168 1847 per
1187 1787 1254 1825 om·

136 1873 180 1914 ne
205 1872 344 1933 regnum
367 1860 513 1912 nostrum
537 1849 691 1930 Episcopi
714 1858 746 1908 et
766 1847 854 1909 Missi
878 1858 979 1909 nostra
1001 1867 1038 1907 ac
1058 1847 1199 1910 Comites
1217 1847 1251 1905 in

140 1935 274 2018 singulis
291 1932 455 2016 parochiis
478 1953 514 1994 ac
536 1932 740 1993 comitatibus
759 1931 879 2014 placita
904 1939 1053 2006 teneant,
1075 1938 1108 1991 et
1133 1932 1173 1992 ad
1195 1929 1252 1989 illa

139 2019 256 2104 placita
273 2015 377 2077 omnis
400 2014 497 2077 homo
513 2013 571 2096 qui
591 2015 746 2098 placitum
761 2013 924 2076 custodire
946 2013 1054 2090 debet,
1081 2023 1114 2074 et
1133 2012 1252 2076 inillis

137 2098 344 2164 comitatibus
363 2107 552 2175 commanet,
575 2099 644 2158 sino
669 2098 862 2180 exceptione
884 2107 916 2158 ct
938 2095 1148 2158 excusatione
1177 2117 1254 2157 con·

135 2184 256 2246 veniat.
296 2183 340 2242 Et
362 2181 514 2265 Episcopi
535 2181 684 2242 omnihus
712 2182 934 2241 demonstrent
951 2201 1048 2262 quarn
1069 2200 1167 2261 grave
1188 2179 1252 2240 hoc

133 2276 308 2350 peccatum
333 2263 392 2341 sit,
419 2274 452 2326 et
476 2264 606 2361 qualem
629 2264 866 2346 poenitentiam
887 2263 1034 2345 quaerit,
1069 2271 1101 2322 et
1123 2263 1254 2346 qualem

137 2348 399 2424 damnationem,
429 2347 492 2409 nist
521 2344 723 2428 poenitentia
756 2347 970 2426 succurrerit,
1011 2344 1170 2426 adquirat.
1211 2347 1255 2406 Et

136 2433 229 2492 Missi
246 2430 348 2492 nostri
366 2430 507 2512 capitula
524 2429 604 2511 legis
620 2438 653 2492 et
670 2439 910 2492 antecessorum
929 2438 1114 2491 nostrorum
1135 2428 1254 2490 dehoc

139 2515 291 2600 omnibus
309 2515 490 2589 ostendant,
513 2521 684 2573 ettantam
705 2513 866 2581 miseriam
885 2512 1092 2573 interdicant.
1134 2513 1177 2572 Et
1194 2513 1255 2574 sci·

137 2606 196 2658 ant
217 2617 330 2658 omnes
351 2596 427 2678 quia
451 2595 659 2686 quiscunqup
688 2596 803 2656 abinde
835 2594 910 2653 talia
937 2596 1043 2656 lacere
1064 2615 1255 2678 praesump-

136 2680 235 2758 serit,
267 2687 300 2740 et
322 2680 515 2740 canonicam
541 2687 573 2738 et
603 2679 745 2761 regalem
765 2677 944 2739 vindictam
969 2673 1141 2758 suscipiet,
1171 2677 1256 2746 sicut

141 2773 220 2824 tunc
252 2761 400 2823 omnihus
431 2773 463 2824 et
494 2761 646 2845 Episcopi
675 2770 707 2824 et
726 2759 815 2822 Missi
838 2759 939 2821 nostri
964 2759 1097 2844 plenius
1125 2759 1254 2822 adnun-

136 2845 280 2912 tiabunt.
342 2894 349 2899 .

413 2929 491 2989 lrnn
535 2947 747 2988 nnnunvrarro
792 2929 982 2994 ttmmnn.

229 3060 254 3098 t.
298 3037 413 3100 Sciatis
440 3038 535 3098 etiam
562 3035 639 3117 quia
666 3036 943 3098 consideravimus
978 3049 1015 3102 ut
1046 3036 1252 3122 quiscunque

139 3121 329 3184 malefactor
354 3121 393 3182 de
418 3142 483 3181 uno
514 3139 616 3202 regno
640 3130 751 3180 nostro
775 3119 808 3180 in
838 3120 976 3182 alterum
996 3122 1135 3201 venerit,
1156 3122 1253 3205 Epis-

140 3225 242 3288 copus
262 3204 315 3265 vel
335 3204 467 3280 Missus,
490 3201 556 3264 sive
577 3204 709 3278 Comes,
744 3203 784 3264 de
809 3225 947 3285 qnorum
969 3205 1149 3266 ministerio
1171 3205 1255 3268 ellu-

139 3287 226 3372 gerit
254 3295 291 3347 ut
318 3286 471 3347 iustitiam
497 3305 563 3344 uon
592 3283 706 3345 reddat
732 3294 788 3347 aut
817 3288 947 3368 dignam
976 3287 1151 3352 vindictam
1186 3310 1253 3349 non

136 3371 306 3447 sustineat,
329 3369 395 3431 illis
419 3368 524 3430 Missis
538 3367 570 3427 in
591 3388 729 3449 quorum
751 3368 910 3430 missatico
933 3371 966 3429 iu
991 3371 1055 3432 alio
1077 3393 1179 3453 regno
1198 3373 1255 3432 fu-

139 3451 245 3536 gerit,
275 3451 535 3525 notumfaciant,
559 3461 591 3510 et
615 3449 673 3532 ipsi
698 3451 791 3510 illurn
818 3452 926 3511 taliter
954 3453 1195 3536 constringant,
1218 3461 1256 3512 ut
1300 3462 1303 3468 '

138 3545 197 3596 aut
221 3535 262 3596 ad
285 3534 551 3616 compositionem
577 3543 632 3592 aut
658 3533 699 3595 ad
726 3531 902 3594 vindictam
925 3533 1006 3595 illuc
1026 3535 1176 3599 reveniat
1196 3533 1255 3596 ubi

138 3619 261 3678 malum
282 3618 491 3702 perpetravit.

220 3721 252 3761 a.
294 3703 335 3761 Et
364 3697 469 3762 sciatis
486 3697 564 3780 qnia
589 3697 672 3759 sicut
695 3698 784 3759 Deus
807 3719 866 3781 per
890 3719 980 3760 suam
999 3697 1255 3761 misericordiam

137 3795 170 3845 et
188 3806 247 3865 per
266 3784 328 3844 mei
353 3783 505 3844 avunculi
531 3781 708 3840 bonitatem
731 3789 762 3841 et
782 3803 841 3860 per
862 3781 926 3842 mei
952 3779 1096 3843 Senioris
1125 3803 1162 3842 ac
1188 3803 1255 3844 me·

122 3875 231 3950 ‚orum
252 3866 402 3928 fidelium
428 3865 648 3940 adiutorium,
680 3885 752 3923 meo
771 3864 900 3925 Seniori
925 3865 958 3924 in
978 3886 1013 3924 re
1038 3885 1080 3924 no
1102 3866 1254 3944 successi,

138 3949 182 4009 ita
204 3950 286 4010 etin
306 3947 394 4010 omni
416 3948 558 4016 bonitate
581 3947 668 4006 etin
692 3947 913 4010 observatione
936 3947 976 4009 de
1009 3885 1076 4006 iltis
1102 3948 1254 4029 capitulis

135 4054 218 4114 quos
233 4054 324 4092 meus
337 4031 454 4091 Senior
473 4054 547 4091 cum
562 4028 627 4092 suis
644 4028 800 4090 fratribus
816 4030 894 4091 meis
913 4028 1084 4093 avunculis
1097 4031 1138 4090 ad
1151 4031 1253 4094 atars-

135 4136 211 4176 nam
234 4115 274 4176 de
293 4114 356 4176 Dei
381 4115 548 4174 voluntate
566 4122 598 4172 et
618 4121 748 4177 sanctae
769 4111 935 4174 Ecclesiae
957 4111 1082 4173 honore
1107 4121 1140 4173 et
1159 4111 1253 4195 regni

134 4197 323 4275 stabilitate,
348 4205 379 4256 et
401 4205 528 4258 sanctae
549 4195 715 4258 Ecclesiae
739 4217 775 4256 ac
795 4196 888 4277 regni
909 4193 1056 4256 fidelium
1075 4194 1254 4257 salvamen-
1304 4213 1307 4220 ·

134 4289 178 4358 to,
200 4280 421 4344 consideravit
443 4288 485 4350 et,
502 4278 704 4341 confirmavit
717 4323 726 4356 ,
757 4299 832 4340 cum
858 4277 921 4338 Dei
943 4277 1106 4342 adiutorio
1134 4287 1166 4342 et
1187 4278 1251 4341 mei
