2746 4992
168 308 247 386 274
409 330 440 386 a
469 331 569 385 cna..
649 331 889 389 amessian
988 295 1094 409 aas

166 493 231 554 que
254 477 381 533 nosnos
400 470 528 531 nleant
547 470 704 555 recipere,
727 495 768 536 ne
790 473 938 558 gravetur
952 475 1101 543 Ecclesia.
1127 479 1249 558 Quando

168 554 265 618 etiam
285 555 481 638 Episcopus,
502 553 662 635 Abbates,
684 557 736 619 vel
759 559 918 634 Comites,
941 580 997 620 seu
1013 559 1166 623 'Fideliam
1184 585 1251 625 uos·

164 647 289 700 trorum
310 636 496 721 quempiam
517 637 550 696 iu
571 641 703 722 propria
730 641 808 702 villa
839 641 955 701 morari
983 644 1160 725 contigerit,
1188 666 1252 710 cum

164 721 234 784 suis
255 723 288 781 in
310 721 375 783 suis
397 729 549 780 maneant
571 723 728 800 domibus,
753 743 814 784 nec
835 725 894 784 sub
911 725 1253 810 obtentulaospitiivici-

167 825 227 866 nos
249 805 448 888 opprimant,
471 801 523 864 vel
546 825 657 866 eorum
678 807 764 867 bona
786 806 948 889 diripiant.
1140 815 1142 820 ’

250 890 309 950 ΙΙΙ.
351 886 500 968 Denique
523 888 599 968 quia
623 889 745 951 Christi
763 889 963 950 custodiente
979 889 1145 953 elementia
1164 892 1254 954 nemi-

164 992 242 1033 nem
262 971 344 1032 iuste
356 977 530 1030 consecuto
543 970 746 1051 privavimus,
767 973 824 1034 sed
844 991 951 1054 neque
963 973 1079 1055 privari
1094 974 1254 1054 absquele-

162 1055 228 1136 gali
241 1053 406 1116 sanctione
423 1052 565 1134 aliquem
587 1063 767 1114 nostrorum
778 1055 923 1116 fidelium
937 1057 1085 1116 volumus
1096 1056 1254 1119 beneficio:

160 1139 311 1208 iubemus
330 1156 371 1196 ne
392 1135 466 1217 qais
493 1157 587 1196 suum
602 1136 754 1220 depravet
768 1138 836 1196 ullo
853 1138 961 1214 modo,
983 1140 1041 1200 sed
1056 1139 1200 1200 instauret
1216 1161 1257 1200 se-

166 1222 294 1292 curiter,
317 1240 359 1280 ue
382 1217 439 1300 qui
461 1217 621 1300 dirigendi
642 1230 715 1280 sunt
736 1241 754 1280 a
776 1219 867 1280 nobis
890 1221 1048 1304 undique,
1069 1221 1095 1282 si
1106 1221 1255 1304 depravata

164 1303 355 1386 repererint,
378 1300 524 1382 legaliter
546 1303 717 1364 emendare
733 1302 979 1386 compellantur,
1002 1313 1035 1366 et
1055 1324 1108 1365 eos
1119 1305 1255 1388 deinceps

163 1387 287 1472 perfrui
310 1383 512 1469 prohibeant.

163 1500 168 1510 ·
246 1470 304 1535 IV.
347 1469 447 1544 Porro
469 1487 542 1528 cum
564 1465 605 1528 ad
628 1469 771 1529 nostrum
799 1467 952 1550 quislibet
980 1477 1160 1539 nostrorum
1187 1469 1257 1530 lide-

163 1554 244 1615 lium
265 1559 416 1636 properat
436 1550 643 1632 obsequium,
677 1563 743 1612 tam
764 1552 871 1612 eundo
892 1574 991 1634 qaam
1010 1554 1176 1614 redeundo
1196 1574 1262 1634 gras-

163 1638 268 1699 diatar
288 1634 440 1717 pacifice,
469 1641 501 1694 et
523 1633 556 1692 ni
578 1632 738 1717 generalis
764 1633 884 1696 utilitas
914 1657 990 1696 eum
1022 1636 1141 1696 scaritis
1164 1634 1257 1695 veeniat

161 1722 196 1780 in
217 1718 359 1794 statutis,
384 1717 470 1776 iuxta
492 1726 618 1777 maneat
641 1725 685 1793 c).
725 1710 902 1802 Episcopus
924 1728 956 1778 et
973 1717 1101 1794 Comes,
1121 1739 1257 1802 perquo-

160 1825 234 1864 rum
255 1807 421 1863 transeunt
442 1800 635 1876 terminum,
665 1795 839 1881 diligenter
858 1801 1068 1883 provideant,
1097 1822 1136 1860 ne
1155 1801 1257 1862 moles·

160 1896 271 1946 tentur
292 1883 428 1957 incolae,
451 1891 505 1941 aut
526 1903 638 1943 eorum
660 1881 771 1943 domus
793 1903 851 1964 per
861 1885 925 1945 vim
937 1884 1104 1966 patiantur
1114 1883 1257 1959 invadere,

161 1970 214 2030 vel
236 1968 363 2049 propria
385 1964 523 2046 diripere
546 1965 664 2047 absque
690 1965 803 2046 pretio.
846 1967 910 2028 Sed
932 1989 1041 2048 neque
1064 1967 1190 2048 indigue
1209 1985 1259 2046 per

161 2051 258 2112 solita
278 2051 350 2110 loca
371 2058 502 2123 tectam,
525 2050 650 2123 focam,
674 2070 788 2129 aquam
812 2057 844 2109 et
864 2051 990 2131 paleam
1009 2050 1189 2132 hospitibus
1208 2047 1258 2110 de-

163 2153 280 2216 negare
301 2143 354 2192 aut
376 2153 432 2192 sua
454 2132 558 2191 carius
581 2153 678 2213 qaam
698 2131 813 2192 vicinis
834 2133 977 2194 audeant
1000 2134 1148 2200 vendere.

244 2217 284 2279 V.
312 2214 499 2296 igiturquia
518 2215 673 2273 hactenus
687 2213 721 2271 in
731 2235 833 2295 regno
846 2225 956 2276 nostro
969 2217 1130 2276 infrenata
1155 2211 1255 2276 vixisse

162 2298 246 2360 nulli
257 2306 306 2359 est
314 2297 508 2380 ambiguum,
522 2296 680 2358 sancimus
692 2316 954 2380 unumquemque
963 2321 1096 2358 suorum
1105 2297 1256 2358 hominnm

160 2379 403 2444 solicitudinem
426 2400 547 2464 gerere,
575 2400 614 2439 ne
627 2377 754 2439 solitam
765 2379 909 2460 rapinam
921 2391 1047 2462 patrare
1058 2387 1253 2462 praesumant.

160 2470 233 2545 Qaaa
254 2485 312 2546 pro
333 2483 368 2523 re
392 2463 418 2524 si
441 2462 513 2544 quis
534 2470 671 2522 arctatus
693 2483 786 2522 suum
808 2462 976 2524 Seniorem
994 2459 1158 2539 dimiserit,
1179 2460 1255 2543 peni·

146 2561 209 2612 -tus
231 2546 470 2622 interdicimus,
493 2565 532 2605 ne
555 2543 730 2626 recipiatur
752 2545 790 2604 ab
812 2545 913 2605 altero
923 2571 942 2616 ;·
954 2556 1116 2628 quatenus
1129 2545 1186 2604 nisi
1197 2563 1256 2604 cor

158 2632 220 2716 rigi
241 2630 397 2706 voluerit,
418 2651 436 2688 a
458 2628 558 2688 nostri
578 2626 669 2708 regni
690 2628 819 2709 penitas
841 2629 1035 2688 excludatur
1056 2629 1179 2688 finibus.

243 2715 301 2778 VI.
343 2715 429 2773 Haec
452 2710 528 2771 olim
543 2731 637 2792 saepe
658 2709 830 2787 incalcata,
852 2711 1050 2792 etaugustali-
1064 2721 1275 2779 nostrumne,

156 2799 248 2860 tione
272 2796 490 2879 promulgata,
519 2793 594 2875 qaia
615 2814 655 2852 ex
682 2803 770 2873 parte
794 2793 827 2851 in
855 2792 1018 2874 aliquibus
1039 2794 1188 2854 videntur
1206 2811 1255 2850 ue-

159 2883 263 2962 glecta
285 2880 451 2953 hactenus,
473 2875 588 2936 acriori
608 2873 722 2936 ulcisci
745 2875 921 2936 debuerant
930 2876 1090 2936 examine.
1122 2874 1254 2934 Attamen

161 2975 269 3026 nostra
289 2959 536 3022 mansuetudine
553 2965 596 3018 ‘ut
616 2958 817 3040 corrigantur
831 2960 1154 3041 quantulumcunque
1172 2955 1254 3038 largi·

158 3068 233 3108 mur
254 3044 408 3128 spatium,
430 3063 496 3123 quo
517 3041 652 3124 quisque
674 3042 821 3124 neglecta
839 3043 1015 3103 emendare
1046 3042 1166 3119 valeat,
1193 3040 1255 3101 des-

159 3127 295 3190 tinaturi
319 3135 391 3210 post
411 3125 573 3186 modicum
593 3125 715 3206 legatos
737 3135 882 3186 strenuos
905 3126 1075 3186 emendata
1097 3123 1254 3206 inquirere.

159 3211 226 3289 Qui
247 3231 324 3271 vero
346 3207 513 3290 negligens
528 3217 674 3291 repertus
694 3207 803 3285 inierit,
824 3205 1254 3290 paupriislaonoribusuostro

159 3293 338 3380 privabitur
358 3289 488 3354 iudicio.

503 3407 805 3472 TITULUS
855 3408 931 3471 lv.

165 3518 386 3594 constitutio
408 3515 667 3612 promotionis
685 3517 868 3586 exercitas
896 3507 1129 3587 observantis
1149 3510 1254 3605 purti-

212 3621 279 3691 aas
307 3618 533 3707 Beneventi,
565 3616 633 3688 sub
666 3617 878 3688 Indictione
903 3618 1035 3709 quinta
1065 3613 1214 3685 decima.

243 3799 269 3863 l.
312 3737 530 3878 Quicunque
553 3795 592 3857 de
613 3793 785 3856 mobilibus
799 3792 961 3876 widrigild
976 3816 1069 3868 sunm
1084 3793 1197 3853 hahere
1208 3808 1256 3868 po·

161 3895 244 3963 test,
271 3891 382 3966 pergat
411 3880 444 3942 in
472 3879 574 3944 hoste.
616 3877 681 3955 Qui
706 3898 782 3938 vero
811 3878 955 3938 medinm
975 3875 1135 3958 widrigild
1160 3871 1255 3942 hahet,

57 3971 59 3974 ’
163 3969 228 4031 duo
250 3966 351 4028 iuncti
373 3965 407 4025 in
430 3985 531 4024 unum
553 3957 795 4045 (qualitatemd)
816 3960 977 4022 instruant
995 3967 1031 4019 ut
1049 3961 1130 4021 bene
1144 3955 1257 4036 irepos·

198 4118 226 4203 e)
241 4133 370 4186 Merctor,
389 4128 527 4202 pacifice,
553 4139 585 4178 ut
606 4137 704 4180 terrae
802 4124 914 4176 scaritis
939 4122 1051 4175 veniant
1076 4121 1108 4170 in
1137 4113 1254 4174 statutis,

233 4203 376 4274 generalia
390 4202 478 4272 exigit
494 4199 621 4267 utilitum
640 4213 699 4251 eum
803 4197 876 4245 iusta
907 4194 1039 4245 &minus
1068 4198 1183 4270 maneat.

762 4263 795 4336 d)
812 4263 892 4330 Forte
908 4262 1013 4334 legend.
1028 4257 1219 4338 aequalitem,
