2746 4992
338 328 371 386 a.
391 326 470 388 cua.
577 323 703 380 aucun
807 322 866 384 sta
1092 302 1164 379 245
1192 341 1196 346 ·

156 471 254 532 Actus
275 476 347 530 tuos
371 467 526 550 corrigat,
546 464 646 527 vitam
671 461 832 542 emendet,
860 484 964 527 mores
987 473 1167 548 componat,

90 563 115 616 et
133 560 162 614 te
188 552 228 612 ad
250 551 397 612 coelestis
419 546 558 632 paradisi
580 546 792 614 hereditatem
811 547 974 627 perducat.
1015 549 1126 608 Amen.

155 633 292 714 Talique
313 632 493 694 intentione
514 629 634 712 repleri
651 630 756 691 valeas
769 648 851 710 quae
869 631 899 690 ei
925 630 958 689 in
977 639 1168 714 perpetuum
1214 647 1215 654 ¹

85 719 208 802 placeat.
248 715 359 775 Amen.

156 798 295 880 Angelos
315 817 390 857 suos
406 794 509 856 bonos
529 812 655 873 semper
673 799 706 852 et
732 792 874 874 ubique,
901 795 958 876 qui
982 802 1014 856 te
1037 815 1171 878 praece-

85 882 163 958 dant,
192 873 404 956 comitentur,
421 887 454 937 et
471 877 716 958 subsequantur,
731 877 770 938 ad
792 877 967 937 custodiam
986 877 1034 936 tui
1053 888 1169 959 ponat;

86 975 145 1026 cta
167 970 317 1044 peccato,
346 982 403 1022 seu
433 958 556 1040 gladio,
597 964 629 1017 et
644 956 682 1014 ab
708 956 851 1018 omnium
871 958 1089 1042 periculorum
1110 959 1172 1022 dis·

86 1045 211 1108 crimine
229 1045 270 1104 de
291 1064 346 1102 sua
371 1040 569 1122 poenitentia
590 1037 714 1098 liberet.
756 1039 868 1105 Arnen,
1192 1047 1194 1051 ’

141 1124 308 1204 ‚Inimicos
333 1133 403 1183 tuos
430 1122 471 1183 ad
493 1121 580 1202 pacis
610 1119 812 1202 caritatisque
841 1121 1071 1206 benignitatem
1101 1146 1177 1186 con·

92 1219 200 1285 vertat,
222 1217 254 1269 et
281 1204 465 1266 odientibus
491 1212 523 1263 te
544 1201 715 1283 gratiosum
738 1211 769 1262 et
786 1204 952 1266 amabilem
967 1207 1072 1266 faciat.
1100 1209 1177 1270 Per·

89 1293 199 1352 tinaees
219 1307 349 1371 quoqne
371 1285 472 1346 intui
497 1283 706 1346 insectatione
723 1292 754 1345 et
774 1285 848 1346 odio
878 1288 1068 1349 confusione
1091 1290 1178 1350 salu-

90 1374 143 1433 tari
167 1373 285 1434 induat.
328 1369 433 1451 Super
453 1378 485 1428 te
514 1375 620 1428 autem
645 1365 853 1429 sanctificatio
872 1370 1066 1453 sempiterna
1089 1371 1179 1434 efflo-

90 1465 159 1520 reat.
197 1455 309 1517 Amen.

161 1535 376 1608 Victoriosum
395 1541 427 1593 te
455 1539 548 1613 atque
571 1525 835 1610 triumphatorem
861 1530 902 1591 de
931 1531 1112 1597 visibilibus
1137 1546 1181 1599 at·

86 1641 145 1700 que
167 1613 546 1688 invisibilibuslsostibus
566 1611 723 1672 Dominus
746 1632 870 1691 semper
891 1614 1020 1692 efficiat,
1043 1628 1076 1678 et
1093 1617 1181 1680 sancss

86 1705 109 1762 ti
130 1699 269 1760 nominis
290 1699 341 1759 sui
366 1697 514 1757 timorem
540 1695 660 1777 pariter
683 1702 714 1752 et
744 1715 882 1754 amorem
909 1699 1064 1762 continue
1091 1702 1183 1763 cordi

86 1794 138 1843 tuo
166 1781 328 1853 infundat,
361 1788 393 1840 et
417 1780 450 1837 in
473 1777 535 1838 fide
558 1787 643 1848 recta
662 1795 698 1833 ac
720 1775 813 1836 bonis
834 1775 983 1858 operibus
998 1802 1183 1862 persevera-

86 1866 184 1937 bilem
203 1862 326 1938 reddat,
346 1870 378 1922 et
396 1881 473 1942 pace
503 1861 544 1930 in¹
561 1859 673 1919 diebus
694 1857 757 1918 tuis
777 1879 937 1938 concessa,
967 1883 1040 1922 cum
1064 1885 1184 1926 corona

88 1945 239 2009 victoriae
265 1944 304 2004 ad
321 1951 513 2026 perpetuum
537 1949 568 2000 te
590 1959 725 2021 regnum
740 1941 904 2019 perducat.
944 1943 1057 2006 Amen.
1149 1940 1152 1950 Δ

167 2028 209 2089 Et
223 2027 324 2106 quite
340 2023 445 2086 voluit
459 2043 556 2102 super
568 2022 722 2104 populum
736 2041 828 2082 suum
849 2024 1042 2087 constituere
1051 2028 1183 2107 Regem,

90 2119 119 2172 et
134 2110 169 2168 in
184 2106 345 2190 praesenti
367 2107 476 2167 seculo
499 2103 629 2165 felicem
654 2112 686 2170 et
706 2111 854 2166 aeternae
878 2106 1042 2170 felicitatis
1064 2110 1185 2198 tribuat

88 2198 364 2254 esseconsortem.
405 2189 519 2248 Amen.

170 2274 300 2332 Clarum
314 2293 350 2331 ac
367 2269 539 2352 populum,
560 2287 656 2347 quem
672 2287 727 2327 sua
752 2267 857 2332 voluit
875 2267 1086 2350 opitulatione
1109 2281 1184 2337 tuae

86 2354 224 2418 subdere
241 2352 368 2429 ditioni,
390 2373 445 2411 sua
468 2348 704 2428 dispensatione
722 2358 755 2408 et
767 2359 820 2409 tua
837 2350 1110 2416 administratione
1128 2378 1188 2437 per

89 2437 243 2498 diuturna
260 2445 403 2515 tempora
419 2442 451 2492 te
472 2431 569 2491 faciat
593 2429 734 2491 feliciter
755 2431 955 2512 gubernare:
981 2455 1046 2514 quo
1070 2436 1187 2500 divinis

90 2516 224 2578 monitis
241 2526 408 2596 parentes,
429 2512 670 2574 adversitatibus
684 2512 808 2574 cunctis
831 2522 991 2588 carentes,
1011 2515 1106 2578 bonis
1123 2539 1187 2578 om-

87 2601 184 2660 nibus
201 2599 430 2673 exuberantes,
451 2604 509 2656 tuo
521 2593 699 2656 ministerio
718 2593 808 2654 fideli
831 2616 937 2657 amore
954 2595 1187 2679 obsequentes,

88 2693 121 2744 et
135 2683 171 2742 in
185 2679 345 2763 praesenti
358 2677 468 2740 seculo
483 2677 570 2758 pacis
587 2675 820 2756 tranquillitate
835 2678 1006 2754 fruantur,
1030 2690 1062 2740 et
1081 2689 1189 2741 tecum

87 2775 295 2825 aeternorum
309 2760 429 2821 civium
445 2758 606 2820 consortio
623 2757 721 2841 potiri
737 2767 934 2824 mereantur.
955 2759 1069 2824 Amen.
1090 2762 1192 2842 Quod

89 2845 163 2930 ipse
184 2851 344 2930 praestare
356 2842 517 2927 dignetur.

354 3016 852 3122 ¹uluunusll'l.

88 3199 210 3262 Iunrru
229 3195 355 3260 Kanum
377 3195 476 3258 Canis
496 3195 629 3272 Fusus,
672 3213 796 3268 Quanno
818 3214 881 3254 cun
908 3191 989 3258 chr
1016 3199 1191 3260 Arcuonun

113 3301 308 3342 nesronssrr
338 3299 392 3340 uss
418 3295 757 3340 sanoncccuv1.sruu
787 3273 978 3339 Vaanuaisu
1005 3300 1173 3347 rasarrun.

91 3419 177 3472 Anno
194 3416 361 3478 nuceum,
381 3414 498 3470 Edilwlf
511 3417 568 3468 Rex
586 3413 794 3468 occidentalium
813 3415 962 3483 Anglorum
977 3419 1059 3471 Roma
1075 3421 1191 3482 rediens,

91 3487 191 3541 Iudith
210 3488 292 3538 tiliam
310 3487 403 3538 Karoli
420 3486 516 3550 Regis,
535 3504 626 3548 mense
643 3485 715 3538 Iulio
734 3485 920 3556 desponsatam
930 3524 939 3550 ,
966 3485 1089 3540 kalendis
1108 3491 1192 3542 Octo-

91 3557 206 3619 bribus,
225 3559 254 3608 in
271 3558 407 3624 Vermeria
425 3557 526 3624 palatio
543 3556 572 3608 in
589 3556 790 3607 matrimonium
817 3557 937 3626 accipit,
967 3567 996 3610 et
1021 3576 1090 3610 eam·
1109 3558 1193 3610 Hinc·

91 3644 168 3678 maro
194 3628 368 3678 Durocortori
392 3629 534 3676 Remorum
560 3625 691 3694 Episcopo
728 3624 924 3689 benedicente,
959 3625 1084 3696 imposito
1111 3627 1196 3698 capiti

93 3697 154 3748 eius
174 3697 347 3756 diademate,
374 3696 492 3759 Reginae
510 3695 618 3746 nomine
637 3695 758 3760 insignit.
794 3696 877 3764 Quod
894 3696 945 3748 sibi
971 3714 1091 3765 suaeque
1118 3697 1192 3763 genti

95 3777 212 3818 eatenus
230 3767 319 3817 fuerat
335 3765 482 3821 insuetum.
519 3765 683 3836 Patratoque
701 3765 778 3830 regiis
803 3765 975 3836 apparatibus
1000 3768 1128 3835 utrinque
1156 3776 1197 3818 at·

95 3854 152 3906 que
170 3836 327 3887 muneribus
345 3835 530 3898 matrimonio,
557 3849 620 3885 cum
645 3853 675 3886 ea
703 3835 881 3886 Brittanniam
908 3835 982 3902 regni
1004 3836 1047 3888 sui
1065 3836 1197 3888 ditionem

303 3905 407 3976 navigio
423 3906 530 3974 repe-tit.
553 3905 611 3956 'Ex
629 3905 787 3959 Aimaltons
805 3907 986 3961 Bertinianis.
1029 3936 1034 3942 ·

156 4004 340 4068 Benedictio
357 4024 451 4090 super
465 4006 613 4101 Reginam
628 4025 721 4088 quom
739 4003 908 4088 Edelulfias
926 4007 998 4068 Rex
1012 4006 1132 4090 accepit
1202 4045 1204 4050 ·

548 4109 582 4146 sn
603 4107 745 4149 uxorem.
1166 4107 1168 4114 ’

124 4204 143 4233 ,

94 4203 223 4324 Nubis
249 4263 280 4322 in
309 4260 436 4326 Christo
464 4262 605 4344 obnupta
631 4261 717 4323 nube
740 4263 908 4340 coelesti,
944 4274 975 4326 et
1011 4263 1201 4360 refrigerata
1288 4324 1289 4327 ,

97 4348 199 4412 aratia
223 4345 380 4427 spiritdi,
404 4369 438 4405 ac
469 4354 608 4426 protecta
638 4345 677 4405 ab
705 4346 790 4406 omni
821 4347 943 4408 inlicita
970 4369 1199 4428 concripmcrn·
