2746 4992
499 320 764 376 mrmarouuu
1109 308 1181 385 257

156 459 300 524 XXVll.
346 461 540 542 Quicunque
562 458 646 520 liber
671 462 767 522 homo
792 462 983 523 ammonitus
1008 484 1027 524 a
1053 467 1179 534 Comite

85 569 132 610 suo
154 547 201 606 vel
219 545 378 604 Ministris
400 545 468 604 eius
493 543 532 602 ad
553 543 686 623 patriam
705 544 942 606 defendendam
962 545 1008 604 ire
1030 551 1181 631 neglexe-

84 634 133 705 rit,
162 638 192 688 et
218 627 383 687 exercitus
413 625 638 708 supervenerit
668 628 708 686 ad
736 627 826 688 istius
851 627 944 707 regni
971 635 1181 696 vastationem

86 715 128 773 vcl
154 710 411 770 contrarietatem
441 708 587 768 fidelium
615 720 821 787 nostrorum,
857 709 986 786 capitali
1016 714 1181 780 subiaceat

84 793 255 858 sententiae.
278 792 436 863 Similiter
449 792 684 853 observandum
701 803 749 854 est
766 793 792 854 si
808 793 910 854 vocati
927 793 1051 856 fuerint
1069 800 1179 862 audito

85 877 273 937 inimicorum
297 884 481 934 nostrorum
500 873 657 950 adventu,
680 883 713 936 et
742 875 786 934 ita
808 875 980 956 contigerit
1010 888 1048 938 nt
1071 879 1179 945 hostes

85 982 137 1020 non
157 958 417 1038 supervenerint,
438 957 462 1018 ii
477 955 533 1038 qni
553 957 658 1016 vocati
678 959 790 1018 audire
811 958 987 1035 noluerint,
1009 965 1181 1046 unusquis·

84 1065 136 1125 que
156 1042 336 1101 secuudum
359 1061 448 1100 suam
467 1040 573 1121 legem
598 1041 758 1102 emendet.
777 1111 779 1120 γ

150 1123 306 1188 XXVlll.
352 1126 393 1183 Ut
418 1122 445 1183 si
472 1122 696 1203 cuiuscunque
726 1143 835 1183 servus
866 1122 1001 1184 liberam
1025 1127 1197 1193 feminam.

84 1209 142 1284 sibi,
162 1229 195 1265 ea
215 1206 462 1280 consentiente,
486 1205 518 1262 in
538 1204 690 1286 coniugio
708 1204 927 1286 copulaverit,
956 1216 988 1267 et
1011 1205 1096 1270 infra
1118 1236 1179 1274 an-

85 1292 111 1349 ni
133 1288 265 1372 spatium
285 1288 468 1349 secundum
488 1288 592 1368 legem
615 1292 654 1346 ad
677 1289 856 1348 vindictam
879 1288 988 1349 traditi
1013 1313 1078 1351 nou
1108 1296 1194 1374 f'¹⁰·.

83 1376 145 1447 rint,
167 1372 249 1432 sicut
270 1372 327 1432 lex
354 1371 434 1431 tales
457 1390 607 1452 personas
630 1369 705 1430 fisco
731 1381 841 1430 nostro
870 1371 980 1449 sociat,
1004 1375 1047 1433 ita
1069 1389 1178 1440 nostra

83 1455 253 1515 liberalitate
274 1453 486 1514 concedimus
508 1461 545 1511 ut
566 1452 599 1510 in
622 1463 776 1534 potestate
797 1463 829 1513 et
843 1453 972 1516 servitio
988 1455 1112 1519 domini
1139 1462 1178 1522 il·
1196 1477 1200 1486 ’

84 1539 134 1598 lius
154 1539 240 1598 cuius
267 1557 384 1598 servus
406 1534 507 1594 fuerit
530 1534 621 1594 ambo
641 1545 854 1602 revertantur,

149 1618 266 1680 XXlX.
310 1618 469 1679 Similiter
502 1617 681 1678 concedere
712 1618 860 1679 volumus
900 1620 1024 1681 cunctis
1063 1621 1176 1688 liberis

82 1703 208 1783 personis
230 1713 267 1762 ut
292 1702 407 1761 nullus
435 1699 536 1760 ludex
558 1700 707 1781 publicus
729 1723 787 1764 seu
809 1701 947 1762 Ministri
974 1705 1095 1785 publici
1122 1731 1177 1770 eos

84 1797 176 1844 contra
196 1786 300 1866 legem
326 1784 467 1844 audeaut
485 1782 655 1865 pignorare
679 1785 715 1846 iu
743 1783 863 1852 buhus3
892 1785 968 1865 quia
994 1788 1176 1853 audivimus

85 1868 168 1926 multa
194 1868 310 1926 damna
345 1877 377 1926 ct
406 1865 598 1926 al'llietiones
626 1877 758 1946 propter
786 1865 848 1925 hoe
879 1869 1016 1950 populos
1050 1882 1176 1935 nostros

87 1951 232 2009 sustinere.
273 1952 391 2030 Neque
420 1956 576 2028 cogantur
596 1949 636 2008 ad
657 1951 772 2030 placita
793 1948 906 2010 venire
929 1962 1056 2031 praeter
1073 1965 1123 2015 ter
1142 1957 1176 2016 in

89 2033 267 2106 anno,sicut
289 2034 334 2096 in,
355 2031 539 2112 Capitulare
561 2031 763 2109 continetur,
793 2033 935 2112 exceptis
964 2036 1110 2097 Scabinis
1145 2050 1179 2100 et

88 2116 280 2176 causatoribus
304 2124 339 2174 et
358 2114 492 2174 testibus
506 2113 708 2184 necessariis;
732 2115 807 2196 quia
830 2114 936 2174 omnia
951 2114 1030 2178 haec
1049 2123 1179 2182 aruferre

87 2197 228 2275 volumus,
250 2207 288 2258 ut
316 2196 457 2279 populus
486 2205 597 2255 noster
630 2198 761 2279 pacifice
791 2196 851 2258 sub
880 2209 988 2259 nostro
1018 2203 1177 2284 regimine

86 2279 176 2340 rivere
194 2282 304 2362 possit.

150 2365 245 2424 XXX.
290 2361 508 2425 Concedimus
528 2361 623 2422 etiam
644 2361 816 2422 Gastaldiis
840 2363 955 2425 nostris
978 2375 1084 2429 curtes
1106 2391 1178 2430 nos-

84 2451 137 2504 tras
158 2447 408 2526 providentibus
430 2455 465 2504 ut
486 2441 512 2503 si
534 2444 665 2528 proprio
693 2467 805 2505 eorum
829 2445 935 2526 pretio
954 2467 1006 2508 res
1026 2452 1176 2530 emerint,

86 2536 129 2585 aut
144 2529 285 2608 quolibet
311 2530 396 2588 iusto
416 2529 563 2587 adtractu
586 2527 819 2607 adquisierint,
841 2528 926 2588 sicut
949 2527 1004 2589 lex
1026 2531 1097 2592 illas
1123 2556 1175 2595 res

86 2607 116 2665 ad
137 2620 270 2670 nostram
292 2621 417 2696 partem
435 2610 603 2685 concedit,
627 2610 668 2668 ita
693 2632 749 2669 nos
775 2631 825 2670 eas
857 2610 923 2672 illis
949 2615 1174 2693 concedemus,

83 2689 103 2748 si
128 2689 156 2750 in
183 2695 315 2754 servitio
338 2702 448 2754 nostro
470 2693 580 2753 lidcles
599 2692 725 2751 inventi
747 2693 878 2757 fuerint.

146 2775 259 2837 XXXl.
303 2777 338 2836 Si
362 2775 435 2858 quis
458 2775 599 2855 aliquem
623 2773 662 2834 de
686 2775 795 2854 aliquo
826 2776 958 2856 negotio
981 2776 1173 2857 mallaverit,

83 2853 172 2916 stille
196 2859 251 2940 qui
276 2860 426 2919 mallatus
451 2857 553 2918 fuerit
578 2858 681 2918 tlicat:
723 2855 803 2917 Ideo
830 2859 860 2918 ei
881 2858 1072 2942 respondere
1098 2863 1173 2924 nolo

81 2938 141 3015 quic
161 2961 268 3000 servus
289 2943 422 3002 alterius
443 2941 494 3017 sit,
518 2949 572 2999 aut
592 2940 618 3000 si
644 2939 827 3000 testimonia
847 2942 1056 3021 produxerit,
1080 2947 1171 3005 etsi·

81 3017 184 3080 militer
206 3024 327 3084 dixerit
353 3022 443 3104 quod
465 3044 502 3082 ea
534 3023 679 3104 recipere
706 3043 771 3082 non
808 3023 923 3084 debeat
953 3025 1030 3106 quia
1055 3027 1174 3108 aliquis

81 3120 174 3162 eorum
200 3127 313 3167 servus
337 3107 378 3166 sit
404 3105 557 3181 alterius,
583 3104 729 3164 nominet
760 3105 926 3164 dominum
953 3108 1041 3183 eius,
1070 3120 1102 3170 et
1127 3113 1174 3172 sic

82 3181 126 3242 det
145 3187 274 3248 wadiam
294 3189 333 3250 de
367 3209 405 3248 eo
433 3187 473 3247 ad
487 3187 641 3270 placitum
670 3187 870 3253 adducendo.
911 3189 953 3249 Et
974 3191 1076 3270 posito
1099 3193 1170 3274 pla-

82 3264 143 3342 cito,
163 3269 195 3328 in
224 3282 383 3353 quantum
412 3271 479 3346 ire,
510 3269 566 3330 ubi
587 3291 661 3330 eum
679 3268 828 3329 invenire
851 3271 1036 3347 credit,¹et
1056 3275 1173 3336 reverti

81 3350 183 3427 possit,
205 3353 335 3415 ludices
364 3353 482 3414 dicant.
524 3353 565 3412 Et
584 3351 609 3412 si
640 3352 671 3410 in
704 3351 823 3432 placito
847 3353 977 3432 publico
998 3355 1173 3418 constituto

81 3429 226 3494 dominum
256 3459 323 3497 non
353 3435 542 3511 adduxerit,
564 3435 715 3518 praebeat
744 3445 975 3494 sacramentum
997 3439 1085 3517 quod
1113 3463 1172 3521 pro

80 3512 154 3572 nulla
182 3518 370 3580 dilatatione
401 3518 540 3578 iustitiae
563 3518 633 3577 eius
657 3515 718 3574 boc
748 3516 885 3591 dixerit,
916 3517 978 3578 nisi
1001 3542 1058 3599 pro
1082 3533 1172 3582 certo

80 3592 115 3650 ita
132 3618 238 3660 verum
261 3625 328 3664 esse
349 3600 535 3665 crediderit,
578 3599 673 3676 Quod
697 3597 724 3658 si
747 3597 853 3658 iurare
883 3594 977 3660 ausus
1001 3622 1064 3659 non
1097 3605 1170 3664 fue·
1215 3676 1217 3681 ,

80 3675 124 3734 rit·
150 3683 223 3761 quia
257 3708 317 3767 pro
352 3683 519 3746 occasione
555 3680 795 3765 prolongandae
828 3681 968 3742 iustitiae
1005 3681 1064 3742 boc
1106 3707 1171 3746 non
1206 3710 1208 3718 ’

81 3757 214 3840 dixisset,
248 3777 418 3848 componat
450 3766 500 3825 illi
524 3766 667 3825 bannum
691 3771 833 3821 nostrum
859 3772 891 3823 et
925 3761 1076 3824 iustitiam
1106 3769 1173 3849 ple-

81 3839 224 3906 nissimam
245 3851 349 3910 saciat.
401 3847 435 3910 Si
463 3868 541 3908 vero
567 3847 709 3926 aliquem
729 3846 900 3905 adduxerit
921 3846 978 3927 qni
1007 3868 1039 3907 se
1067 3849 1178 3908 domi-¹

81 3939 146 3982 num
173 3930 241 3990 eius
267 3953 333 3992 esse
358 3931 459 4005 dicat,
483 3938 516 3988 et
541 3928 635 3988 illum
665 3949 762 4007 quem
783 3927 822 3986 de
843 3928 975 3990 servitio
998 3933 1174 4013 appellavit

81 4006 220 4084 replicare
242 4014 282 4073 ad
304 4013 471 4074 servitium
492 4031 557 4070 non
580 4009 733 4092 potnerit,
756 4019 834 4068 tunc
858 4009 913 4071 ille
933 4010 991 4090 qui
1012 4034 1044 4072 se
1068 4015 1172 4074 domi-

81 4091 219 4152 numcius
241 4096 323 4156 dixit
339 4115 417 4173 esse,
440 4093 583 4153 bannum
600 4101 743 4152 nostrum
762 4091 811 4149 illi
827 4103 1007 4175 componat,
1030 4115 1069 4154 co
1084 4099 1172 4178 quod

79 4184 128 4242 pro
147 4178 362 4238 conculcanda
381 4176 500 4237 iustitia
514 4175 576 4234 tale
596 4173 764 4255 ingenium
778 4174 884 4234 facere
904 4197 997 4236 ausus
1014 4177 1085 4237 fuit.
1103 4181 1172 4238 Cri-

80 4246 153 4312 mina
185 4278 258 4320 vero
289 4263 316 4322 si
348 4281 444 4343 super
470 4280 545 4320 eum
574 4279 634 4340 pro
659 4255 821 4318 dilatanda
846 4255 970 4316 iustitia
999 4258 1167 4342 imponere

714 4364 847 4478 2¹⁷
