2658 4978
201 348 234 400 u.
252 339 331 402 uun.
435 339 560 396 moun
593 335 815 396 saunconun
931 343 996 402 tos.
1081 325 1151 400 tas

64 499 105 554 est
124 487 201 548 liber
226 508 244 545 a
262 503 423 548 consensu
446 481 502 563 qni
530 478 618 622 qduod
638 477 809 542 emendare
831 487 956 563 potest,
979 485 1151 547 emendare

64 569 207 655 neglegit:
236 574 436 654 quapropter
452 563 521 624 sine
564 561 642 622 nbio
664 563 793 644 peccati
808 579 841 623 sc
856 563 1048 647 participem
1063 567 1151 628 facit.

62 655 88 714 Si
109 661 208 712 antem
241 652 311 732 ip'se
343 655 467 730 potens
484 643 537 706 rel
564 644 682 704 Senior
714 645 907 705 satisfecerit
932 646 1093 731 Episcopo
1119 659 1153 711 et

60 733 147 797 Missis
162 730 274 816 regiis,
292 730 366 814 quia
386 749 459 790 suos
474 725 620 787 homines
636 725 676 786 ad
693 725 952 788 emendationem
963 737 996 789 et
1014 730 1056 790 ad
1075 749 1154 814 pos·

60 815 208 876 nitentium
234 835 303 874 non
326 820 431 894 potest
456 809 627 883 adducere,
650 807 707 868 sed
730 807 868 890 seipsum
892 810 964 870 vult
986 819 1043 871 aut
1063 833 1082 871 a
1101 823 1152 874 ta-

59 899 128 960 libus
143 897 322 956 immunem
338 891 507 956 ostendere
524 899 579 950 aut
596 890 692 972 digne
707 891 900 968 satisfacere,
920 901 952 953 et
964 891 1152 957 huiusmodi

58 979 204 1040 maleficos
231 1000 250 1036 a
275 994 335 1037 sno
362 971 517 1055 obsequio
540 969 676 1047 reicere,
698 981 730 1033 et
753 982 789 1033 ut
815 972 879 1034 Dei
901 971 1050 1036 inimicos
1072 987 1151 1058 pet·-

57 1061 144 1142 sequi,
165 1069 246 1120 tunc
272 1067 330 1118 aut
352 1077 417 1116 non
442 1053 761 1130 excommunicetur,
783 1064 839 1116 aut
859 1053 898 1114 ab
927 1059 1151 1118 excommuni-

58 1145 165 1205 catione
187 1142 343 1204 solvatur.
383 1137 426 1198 Et
443 1136 521 1197 item
547 1135 581 1195 in
609 1135 766 1217 Capitulis
793 1137 1023 1218 Imperatorum
1045 1140 1150 1222 scrip-

56 1235 111 1283 tum
131 1233 193 1286 est:
239 1222 377 1282 Comites
398 1239 470 1279 vero
498 1217 651 1278 ministris
679 1217 840 1278 Ecclesiae
859 1240 893 1278 tn
924 1239 1032 1280 eorum
1051 1220 1151 1281 mini·

56 1308 156 1379 steriis,
178 1318 213 1366 ut
236 1307 295 1365 ltoc
311 1303 436 1386 plenius
456 1313 487 1360 et
508 1297 547 1358 de
566 1299 693 1373 nostris,
710 1311 740 1358 et
766 1298 806 1358 de
827 1321 873 1372 se,
895 1314 926 1361 et
945 1299 986 1362 de
1003 1305 1068 1361 suis
1087 1305 1148 1364 lio-

56 1391 171 1450 nim'bus
186 1388 331 1448 obtinere
343 1385 479 1466 possint,
495 1381 657 1442 adiutores
675 1382 708 1439 in
725 1383 868 1443 omnibus
877 1381 977 1465 fiant.
1019 1384 1062 1444 Et
1076 1387 1150 1468 qui-

56 1489 155 1551 cunque
174 1471 282 1554 prima
299 1479 331 1526 et
349 1463 486 1526 secunda
499 1464 568 1522 nice
592 1459 631 1520 de
648 1460 696 1520 nis
713 1485 732 1521 a
753 1462 872 1522 Gemite
888 1461 1065 1525 admonitus
1084 1483 1150 1528 non

56 1571 81 1610 sc
100 1541 295 1621 correxerit,
317 1547 461 1607 uolumus
479 1557 514 1604 ut
532 1563 593 1624 per
614 1543 748 1604 eundem
771 1543 923 1605 Comitem
951 1549 1017 1606 eius
1040 1547 1150 1626 negle-

54 1633 142 1710 gtntia
161 1629 205 1692 ad
220 1643 365 1691 nostrum
388 1626 533 1688 notitiam
550 1623 749 1709 perferatur,
779 1639 813 1686 ut
831 1639 940 1686 nostru
960 1629 1148 1690 auctoritate

55 1713 126 1796 quod
151 1715 183 1772 in
204 1725 322 1774 nostro
362 1708 538 1793 Capitulari
571 1708 768 1783 continetur,
797 1708 901 1768 subire
926 1723 1064 1788 cogatur.
1105 1711 1151 1772 Et

55 1796 132 1853 item:
164 1795 212 1854 De
236 1813 318 1877 pace
334 1793 373 1850 'in
390 1789 558 1850 exercitali
579 1789 691 1847 itinere
710 1786 865 1849 servanda
886 1791 1044 1873 usquead
1065 1809 1148 1853 matt·

55 1878 139 1950 eham,
163 1879 220 1937 ltoc
250 1874 396 1936 omnibus
425 1883 534 1931 notum
557 1867 643 1953 fieri
670 1870 829 1941 volumus,
864 1872 952 1955 quod
970 1873 1147 1956 quicunque

54 1971 192 2018 auctorem
213 1957 327 2017 dantni
350 1955 410 2014 sibi
426 1952 518 2011 inlati
536 1951 720 2011 nominatim
743 1956 912 2030 cognoscit,
936 1968 970 2014 ut
994 1956 1148 2017 iustitiam

54 2037 86 2096 de
109 2037 160 2100 illo
181 2050 316 2122 quaerat
345 2048 376 2094 et
400 2034 545 2115 accipiat.
593 2033 634 2090 Et
656 2033 752 2092 item:
790 2033 918 2116 Siquis
943 2038 976 2096 in
1001 2040 1147 2098 exercitu

55 2121 93 2177 vel
113 2121 194 2200 infra
228 2139 360 2198 regnum
385 2119 451 2174 sine
477 2116 614 2175 iussione
644 2112 804 2175 dominica
824 2137 885 2198 per
909 2117 975 2177 vim
999 2119 1147 2180 hostilem

53 2201 161 2282 aliquid
178 2201 336 2282 praedari
359 2199 511 2268 voluerit,
533 2210 589 2256 aut
610 2193 744 2275 foenum
764 2197 891 2274 tollere,
917 2212 971 2258 aut
997 2219 1144 2278 granum,

54 2283 109 2340 siue
126 2303 238 2366 pecora
265 2282 386 2341 maiora
408 2279 455 2339 vel
474 2279 609 2348 minora,
630 2274 800 2359 domosque
823 2278 997 2360 infringere
1017 2283 1072 2340 vel
1092 2285 1145 2342 in-

55 2363 181 2437 cendere,
203 2365 281 2424 haec
303 2384 340 2421 ne
349 2359 439 2443 fiunt
462 2361 588 2420 omnino
607 2360 817 2442 prohibemus.
862 2361 1004 2442 Quodsi
1024 2363 1062 2422 ab
1081 2365 1145 2424 uli·

56 2465 104 2526 quo
112 2446 355 2528 praesumptiose
364 2439 609 2523 sactumsuerit,
620 2443 785 2519 sexaginta
799 2441 924 2515 solidis,
950 2444 980 2502 si
992 2445 1073 2504 liber
1082 2459 1143 2518 est,

53 2528 86 2583 sit
100 2527 272 2610 culpabilis,
291 2539 321 2586 et
343 2525 448 2584 omnia
468 2522 585 2582 similia
611 2523 777 2594 restituat,
800 2536 856 2582 aut
874 2545 944 2584 cum
970 2524 1141 2587 duodecim

54 2609 162 2668 testibus
179 2631 210 2668 se
227 2620 351 2690 purget.
393 2605 430 2663 Si
450 2625 528 2664 vero
544 2624 654 2662 servus
669 2604 727 2664 aaa
739 2602 869 2682 fecerit,
895 2608 1064 2664 sententiae
1081 2629 1145 2668 ca·-

51 2689 129 2769 pitali
148 2691 307 2751 subiaceat
327 2700 357 2747 et
378 2685 522 2746 dominus
549 2687 652 2744 omnia
672 2687 789 2746 similia
805 2687 962 2758 restituat,
984 2687 1058 2767 quia
1079 2709 1145 2749 ser-

54 2790 114 2827 uum
136 2794 220 2830 suum
246 2791 310 2831 non
337 2769 480 2829 correxit
502 2787 558 2826 nec
584 2765 758 2827 catstodioit
781 2778 815 2825 ut
847 2768 924 2827 talia
946 2788 1010 2826 non
1034 2789 1143 2854 perpe.

56 2863 154 2912 traret:
184 2854 334 2935 quoniam
360 2851 392 2908 si
411 2869 468 2910 nos
493 2850 579 2930 ipsos
604 2847 814 2919 comedimus,
838 2851 902 2909 cito
922 2849 1138 2931 conficiemus,

59 2928 257 3018 Uuztsquisque
294 2947 397 2994 tamen
430 2929 588 2990 custodiat
615 2930 790 2989 exercitum
818 2951 926 3002 suum,
968 2951 1007 2988 ne
1035 2933 1142 3014 aliqua

56 3011 242 3092 depraedatio
269 3015 355 3095 infra
379 3032 508 3090 regnum
524 3009 603 3092 fiat.
652 3010 807 3072 Similiter
830 3021 862 3074 et
887 3013 1038 3076 collectas
1061 3035 1140 3096 quas

55 3093 205 3157 Theotisca
222 3099 335 3179 lingua
357 3094 505 3174 herizuph
529 3092 703 3174 appellant,
729 3103 761 3154 et
787 3093 996 3156 infractiones
1022 3095 1140 3158 immu-

56 3173 182 3254 nitatum,
205 3189 239 3239 et
263 3175 434 3251 incendia,
463 3183 495 3233 ct
514 3175 692 3234 assalituras
715 3173 750 3234 in
775 3176 902 3254 domos,
932 3186 964 3238 et
988 3179 1140 3238 coniura-

55 3255 153 3335 tiones,
173 3272 204 3322 et
225 3258 489 3342 conspirationes,
512 3265 544 3316 et
566 3256 750 3333 seditiones,
772 3267 804 3316 et
817 3269 925 3340 raptus
946 3261 1141 3322 feminarum

55 3337 124 3398 sicut
142 3351 172 3400 et
190 3342 322 3404 divinae
344 3351 377 3402 et
399 3337 556 3397 humanae
578 3337 665 3418 leges
687 3338 880 3417 prohibent,
902 3350 935 3400 et
950 3344 1139 3422 praedeces-

57 3440 128 3481 sores
151 3424 251 3485 nostri
278 3425 380 3506 Reges
399 3418 652 3503 prohibuerunt,
676 3419 870 3480 firmiter‘ex
895 3421 1004 3482 banno
1027 3433 1138 3484 nostro

57 3509 83 3559 et
102 3524 152 3564 nos
164 3506 381 3588 prohibemus.
807 3525 809 3530 ·

122 3586 180 3647 Nos
205 3609 335 3669 quoque
358 3585 519 3666 Episcopi,
541 3585 729 3647 auctoritate
750 3583 811 3646 Dei
836 3589 868 3643 et
887 3605 1051 3646 sacrorum
1075 3587 1140 3646 Ca-
1171 3611 1174 3620 ⁴

59 3685 180 3739 nonum,
209 3670 293 3740 sicut
313 3667 414 3730 sancti
439 3668 612 3728 Pontifices
637 3668 795 3730 DCXXX.
817 3665 849 3723 in
881 3666 1140 3728 chalcedonensi

59 3746 186 3810 Concilio
205 3750 475 3833 conspirationem
496 3749 566 3810 lieri
587 3749 835 3832 prohibuerunt,
858 3757 890 3808 et
903 3748 988 3810 sicut
1013 3759 1138 3809 caetera

62 3828 185 3891 Consilia
199 3833 431 3914 Episcoporum
452 3830 634 3892 huiusmodi
654 3830 834 3913 perniciosa
848 3832 930 3890 facta
950 3839 1136 3908 vetuerunt,

62 3915 87 3965 el
102 3931 150 3972 uos
165 3915 395 3997 prohibemns3.
409 3912 485 3994 qnia
504 3914 659 3974 facientes
678 3913 735 3972 ilia
758 3934 817 3994 pet·
843 3933 955 3971 eorum
979 3912 1138 3972 iudicium

61 3989 105 4066 qui
121 4013 187 4054 cum
201 3997 270 4056 Deo
289 3996 351 4056 iam
373 3996 406 4054 in
428 3995 682 4078 coeloregnaut‚
705 4003 737 4054 et
755 4017 772 4052 u
793 3993 926 4054 coelesti
947 3993 1091 4060 Ecclesia
1105 4005 1137 4054 ct

61 4071 325 4161 anChristiauorum
339 4077 489 4139 societate
503 4079 639 4158 separati
654 4086 739 4151 sunt,
763 4076 824 4135 nisi
838 4096 909 4155 per·
923 4075 1039 4154 dignos
1056 4096 1137 4157 poe-

61 4157 192 4220 nitentiae
210 4161 332 4220 fructus
349 4159 465 4220 adhoc
479 4161 615 4222 redeunt
634 4168 670 4218 ut
689 4167 814 4217 sanctae
828 4157 993 4218 Ecclesiae
1014 4157 1137 4238 possint

62 4235 218 4307 readunari.
267 4241 423 4304 Similiter
439 4251 476 4302 ut
500 4241 579 4302 hacc
603 4240 769 4322 Capitale,
800 4241 883 4320 quae
907 4237 961 4299 hic
987 4249 1138 4302 annotata

876 4365 899 4435 9
