2746 4992
168 279 267 350 ·222
420 277 451 348 i.
484 295 569 352 crin.
674 295 916 350 cerrruasan
1013 300 1073 368 s79.

192 437 311 502 etesiae
332 433 487 519 synodale
507 435 706 498 Concilium:
743 435 798 496 ubi
825 435 1008 499 sedentibus
1028 439 1117 501 uobis
1141 441 1171 503 in
1193 465 1264 506 eoro-

193 543 246 596 na,
267 519 360 583 venit
385 527 460 580 ante
485 518 699 601 praesentiam
722 527 861 580 nostram
884 518 968 582 filins
989 530 1094 584 noster
1113 523 1264 608 sigebodus

191 603 314 686 primos
337 600 421 664 sedis
450 600 667 664 Narbonensis
695 600 873 684 Episcopus
899 601 979 662 oum‘
999 603 1062 664 suis
1087 606 1265 689 suffraganeis

190 684 372 782 Episcopis,
393 693 426 744 et
445 682 564 747 detulit
586 683 678 744 nobis
700 684 820 744 librum
846 684 1001 746 Gothicae
1029 685 1135 768 Legis,
1163 689 1211 750 ubi
1228 691 1265 750 ni·

189 766 241 828 hrl
258 766 436 828 habebatur
456 765 497 826 de
524 765 717 848 sacrilegiis;
750 776 783 828 et
805 766 839 826 in
862 766 982 827 eisdem
1003 767 1124 850 legibus
1138 773 1267 853 scriptum

109 877 123 922 ·.
189 860 261 912 erat
281 859 319 911 ut
338 869 450 910 causae
471 869 550 930 quas
570 847 646 908 illae
670 848 757 930 leges
781 868 845 909 non
875 847 1015 924 habeut,
1047 870 1110 911 uon
1139 854 1267 914 audiren-

117 951 120 958 ·
188 942 246 994 tur
266 954 286 992 a
313 931 475 992 indicibus
504 929 593 990 illins
621 929 751 1012 patriae.
801 929 908 1011 Atque
934 931 977 992 ita
1002 932 1053 992 ius
1081 945 1198 1012 sanctae
1216 936 1268 998 Ec·

187 1013 308 1077 clesiae
329 1013 542 1074 suffocabatur
562 1012 601 1072 ab
624 1012 741 1074 incolis
763 1012 888 1074 Galliae
911 1023 943 1074 et
968 1014 1134 1096 Hispaniae
1153 1017 1264 1098 provin·

173 1096 260 1162 ciis.
303 1096 396 1156 Unde
424 1106 532 1156 nostra
552 1096 706 1155 serenitas
733 1116 807 1172 cnm
825 1096 1030 1177 praescriptis
1050 1097 1215 1182 Episcopis,
1229 1100 1266 1158 iu·

185 1179 306 1263 spectio
322 1177 461 1262 Legibus
475 1177 635 1254 Romanis,
658 1177 714 1236 nbi
734 1177 911 1240 habebatur
937 1179 976 1239 de
991 1181 1174 1262 sacrilegiis,
1192 1181 1267 1242 iuve-

170 1263 298 1322 nimus
320 1259 364 1319 ibi
390 1282 408 1319 a
429 1259 608 1319 lustiuiauo
633 1259 827 1340 imperatore
852 1260 957 1342 legem
984 1262 1212 1344 compositionis
1230 1285 1269 1324 sa-

189 1342 318 1426 crilegii
339 1342 556 1417 constitutam,
578 1341 703 1402 scilicet
723 1341 757 1402 in
783 1341 929 1424 quinque
952 1343 1052 1406 libras
1078 1346 1146 1406 anri
1169 1346 1269 1427 optimi.

186 1426 255 1488 Sed
274 1446 336 1486 uos
366 1424 525 1485 leniorem
555 1424 660 1504 tegeno
686 1425 899 1506 praecipimus
926 1445 994 1497 esse
1017 1427 1183 1488 tenendam
1204 1448 1269 1508 quae

187 1532 207 1568 a
236 1507 355 1568 Karoio
377 1515 426 1567 est
442 1505 614 1568 constituta
637 1505 691 1586 pio
713 1506 865 1588 Principe
883 1507 922 1568 dc
947 1508 1174 1591 compositione
1193 1507 1269 1583 sacri-

187 1589 278 1674 legii,
303 1589 457 1650 videlicet
478 1589 512 1649 in
543 1587 673 1669 triginta
700 1588 798 1650 libras
830 1589 1002 1652 examinati
1022 1590 1154 1672 argenti,
1174 1590 1267 1666 idest,

170 1680 413 1734 -sexoeutornm
431 1670 608 1731 solidorum
637 1671 760 1752 argenti
781 1671 951 1752 purissimi.
994 1673 1137 1754 Ideoque
1148 1672 1270 1754 quisquis

99 1765 104 1780 ’·
187 1757 340 1816 inventus
362 1753 461 1813 fuerit
481 1774 555 1813 rens
577 1752 762 1832 sacrilegii,
785 1755 876 1813 istam
902 1753 1059 1816 leviorem
1089 1756 1268 1836 compositio-

101 1894 109 1908 ,
186 1858 264 1898 nem
288 1837 439 1898 emendet
459 1835 535 1918 ipsis
553 1835 720 1916 Episcopis
736 1836 786 1895 vel
807 1834 980 1897 Abbatibus
1000 1838 1068 1898 sire
1090 1838 1223 1919 personis
1235 1836 1267 1896 ad
1290 1898 1293 1913 ,

108 1977 111 1982 Δ
157 1946 162 1951 ·
184 1933 268 2001 quos
292 1917 454 2000 sacrilegii
477 1918 697 1998 quaerimonia
714 1917 795 1978 inste
811 1919 1013 1999 pertinuerit.
1035 1921 1078 1980 Et
1090 1919 1116 1980 si
1130 1920 1191 2000 ipse
1208 1940 1267 1978 reus

186 2001 347 2082 sacrilegii
364 2001 471 2060 facere
489 1999 642 2074 noluerit,
651 2001 771 2060 tamdiu
789 2001 1115 2062 excommunicationi
1131 2001 1267 2062 subiaceat

185 2104 357 2165 usquequo
376 2083 571 2164 praedictam
594 2082 857 2163 compositionem
878 2094 1105 2144 sexcentorum
1117 2083 1267 2144 solidorum

166 2166 357 2250 'persolvat
398 2165 439 2225 Et
455 2165 482 2225 si
501 2163 617 2224 inhac
637 2163 848 2236 obstinatione
870 2174 1016 2228 mortuus
1044 2166 1151 2240 fuerit,
1172 2186 1267 2245 corpus

39 2248 44 2256 “
81 2244 95 2326 ι’
185 2247 256 2308 eins
279 2268 354 2307 cum
381 2247 509 2328 psalmis
522 2229 563 2307 ‘et
581 2245 709 2328 hymnis
732 2267 796 2305 non
826 2246 992 2307 deferatur
1017 2249 1058 2308 ad
1084 2237 1266 2330 sepulturam.

116 2325 119 2332 ’
168 2329 227 2390 sEt
247 2328 460 2472 plpaecipimns
483 2339 519 2389 ut
545 2327 579 2388 iu
613 2327 676 2389 tine
701 2327 821 2391 codicis
850 2329 932 2410 legis
960 2331 1141 2392 mundanae
1166 2329 1265 2390 scriba·

183 2421 239 2474 tur
283 2431 339 2473 aec
361 2412 426 2472 lex.
1103 2435 1106 2440 ·

443 2593 470 2652 T
512 2592 664 2651 ITU
705 2591 730 2650 L
774 2594 801 2650 U
843 2594 863 2654 S
926 2593 1025 2659 111.

362 2695 1119 2770 coivusr'usauaonunsts.

187 2825 390 2926 Conpentio
417 2849 513 2918 quae
542 2825 647 2894 inter.
666 2824 853 2914 gloriosos
870 2825 992 2918 Reges
1010 2824 1264 2895 Hlurlouoieum

67 2941 73 2950 '
112 2937 121 3001 .''
170 2919 303 3020 filiurn
328 2926 466 2997 Koroli
489 2925 750 3015 Imperatoris,
773 2923 927 3016 itemque
951 2919 1264 3010 Hludoueioumfi·

97 3107 99 3110 ¹
182 3029 274 3096 tium
310 3025 543 3094 Hiudouoioi
571 3023 701 3112 Regis,
739 3023 779 3091 in
805 3023 884 3091 loco
906 3026 969 3115 qui
993 3036 1150 3094 vocatur
1170 3021 1264 3090 Furo-

183 3128 252 3211 nis,
279 3123 447 3194 kalendis
474 3121 706 3204 Novembris,
735 3121 828 3214 ipsis
854 3134 889 3190 et
922 3121 1172 3191 communibus
1182 3117 1264 3212 fider,

97 3265 102 3272 ·
182 3223 279 3293 tibus
319 3224 486 3316 ipsorum
512 3219 732 3312 funeralibus
766 3233 801 3290 et
835 3219 1153 3306 consentientibus,
1170 3221 1264 3310 jectu

70 3367 75 3374 ·
135 3407 138 3412 Ι
177 3335 238 3393 est
262 3345 360 3393 anno
395 3321 678 3391 lucornationis
705 3319 931 3390 Dominioae
963 3313 1262 3399 DCCCLXXIX,

139 3503 141 3509 s
255 3421 467 3494 Indictioue
498 3440 561 3490 xn
586 3427 641 3512 p),
671 3418 815 3488 dicente
846 3420 949 3511 Rege
973 3418 1206 3489 Hludouvico

138 3528 144 3562 ²
199 3517 201 3521 ⁸
598 3517 686 3610 filio
711 3518 860 3587 Karoli.

39 3722 42 3727 ·
139 3668 142 3676 ¹
183 3637 290 3748 Sicut
312 3685 397 3746 inter
416 3693 538 3766 patrem
560 3699 668 3742 meum
684 3683 888 3743 Karolumet
907 3689 1031 3762 patrem
1044 3690 1182 3743 restrum
1202 3675 1264 3756 Hit·
1323 3733 1325 3738 .

74 3761 76 3766 ¹
144 3838 146 3842 ,
180 3770 354 3831 donvicnm
375 3789 513 3850 regnum
536 3764 695 3825 Hlotharii
724 3763 863 3825 divisum
895 3763 979 3840 fuit,
1010 3765 1155 3826 volumus
1180 3759 1269 3821 atita.

98 3883 100 3888 ¹
155 3853 343 3914 ‘consistat
385 3850 474 3911 Etsi
500 3845 617 3928 aliquis
640 3857 821 3906 nostrorum
841 3845 986 3906 fidelium
1007 3847 1052 3907 de.
1074 3867 1171 3928 regno
1193 3840 1260 3924 paris

179 3935 230 3996 sni
260 3957 300 3996 ex
333 3933 396 3996 hoc
431 3931 554 4014 aliquid
587 3929 771 4014 purprisum
801 3930 919 4005 hahet,
947 3929 1036 3992 iussu
1060 3937 1167 3990 nostro
1192 3919 1260 3984 illud

135 4013 143 4030 ⁵
180 4018 331 4082 dimittat.

213 4187 247 4257 p)
267 4184 448 4304 Praeserpppta
465 4186 508 4235 'est
525 4175 609 4236 lectio
628 4180 708 4233 unius
729 4176 796 4234 coo.
817 4194 892 4231 anno
911 4177 1161 4235 DCCCLXXVIII.
1176 4151 1262 4264 ''Indit-

76 4308 80 4315 .
143 4279 145 4283 ·
284 4265 358 4310 tione
420 4293 427 4308 .
1014 4271 1015 4274 =
