2658 4978
190 367 226 437 s.
242 359 320 424 111.
428 359 553 420 asena
587 355 807 418 1111111111
870 357 974 428 159
1074 342 1144 419 ¹0³

64 503 126 570 duci
138 503 327 588 praevaleat.
367 499 461 574 Unde
477 500 571 566 etiam
583 520 776 567 1111111111
793 499 879 590 apud
893 499 996 588 Reges
1017 503 1143 592 expeti·

64 601 120 651 tun
140 585 357 653 obtinuerunt.

61 703 115 779 (lle
132 702 235 765 stabili
256 700 370 763 unione
388 681 568 784 principum
584 699 698 762 Karoli
720 709 751 761 et
771 665 934 776 111111νί1,
960 711 1052 786 etque
1076 701 1144 765 Ka·

476 783 539 844 noli
557 782 701 864 Regum).

125 898 188 964 Ill.
228 901 331 982 Reges
362 897 572 962 nihilominus
600 921 637 961 ac
658 899 827 984 Principes
856 900 956 963 assai
986 901 1143 980 Karalus,

56 983 249 1060 Hlotharius,
271 993 368 1064 atque
400 982 477 1042 item
502 982 640 1044 Karolus
665 982 706 1044 ad
729 983 791 1046 Dei
818 983 1018 1046 voluntatem
1046 992 1142 1067 atque

55 1075 170 1128 sanctae
190 1065 354 1128 Ecclesiae
385 1073 511 1142 statum,
535 1085 689 1146 suamque
708 1065 892 1126 salutemet
913 1065 1024 1148 populi
1045 1066 1132 1129 salva

55 1149 183 1226 tionem,
214 1146 328 1230 gratias
349 1149 430 1226 Deo,
453 1147 536 1210 uniti
559 1145 646 1209 etin
670 1147 782 1210 eadem
798 1148 929 1212 satnnri
943 1147 1064 1211 unitate
1088 1147 1144 1210 111-

55 1229 121 1290 uati
141 1240 226 1295 snnt

55 1368 114 1443 (De
135 1367 287 1432 Tertuldo
305 1368 468 1440 Diacono,
495 1371 549 1450 qui
569 1367 788 1513 Episcopalem
805 1379 992 1452 potestatem
1019 1372 1052 1430 in
1078 1367 1141 1432 Ba-

327 1453 534 1513 ioencensium
553 1473 592 1512 ur
612 1472 629 1512 e
649 1457 854 1534 occuparat).

125 1564 182 1628 lv.
223 1567 419 1628 Perventum
435 1574 570 1627 estante
586 1577 781 1628 conventum
791 1564 1024 1648 Episcopomns
1040 1587 1143 1649 quen-

60 1647 124 1708 dam
137 1647 332 1727 Diaconum,
354 1648 407 1708 cni
432 1647 604 1709 Tortoldus
626 1669 742 1710 nomen
769 1655 829 1724 est,
851 1646 1065 1742 episcopalem
1081 1671 1141 1732 po·

56 1738 191 1792 testatem
208 1731 242 1790 in
263 1731 342 1793 urbe
363 1730 625 1792 Baiocacensinm
648 1751 819 1815 occupasse
842 1740 874 1791 et
895 1729 1140 1812 pollicitationi·

48 1813 107 1886 ,bns
120 1834 155 1873 ac
173 1813 268 1874 minis
287 1814 460 1874 sollicitare
478 1813 596 1873 multos
616 1835 652 1873 sc
677 1813 874 1896 perturbare.
916 1811 1007 1874 Unde
1029 1812 1142 1874 delini-

59 1897 100 1954 vit
115 1905 216 1956 sancta
237 1895 384 1977 Synodns
405 1903 441 1955 nt
452 1895 595 1972 Wenilo,
611 1895 776 1958 Senonum
791 1893 1069 1977 Archiepiscopus‚
1082 1917 1139 1958 eu·

59 1977 103 2038 ins
119 1979 276 2038 Diaconus
306 1978 386 2056 fuit,
414 1977 584 2041 adiunctus
609 1998 719 2051 secum
741 1976 843 2038 tribus
864 1976 956 2052 aliis,
982 1995 1139 2040 memora·

57 2068 116 2118 tnui
127 2060 304 2120 Diaconum
317 2068 485 2122 evocatum
501 2059 642 2137 audiant,
664 2069 696 2122 et
717 2059 895 2122 secundum
916 2059 1138 2121 anctoritatem

58 2143 229 2203 canonicam
250 2142 289 2203 de
312 2163 351 2202 eo
371 2141 534 2206 deliniant.
575 2141 610 2203 si
628 2152 734 2204 autem
749 2141 906 2224 refugerit
934 2159 1047 2201 eorum
1062 2163 1139 2225 cog·

58 2223 218 2301 uitionem,
241 2223 407 2286 annitente
429 2223 601 2305 principali
621 2233 775 2306 potestate
794 2223 905 2285 venire
926 2221 968 2282 ad
993 2222 1130 2285 andien-

57 2305 123 2364 tiam
144 2306 359 2388 compellatur.
400 2305 496 2386 Quod
511 2306 537 2368 si
555 2306 638 2370 hanc
661 2326 792 2393 qnoque
816 2303 1037 2383 declinaverit,
1059 2327 1136 2367 ana·

57 2386 182 2450 themate
200 2388 343 2457 feriatur.

58 2500 119 2574 (De
134 2501 278 2568 Amantio
304 2501 527 2575 Subdinnum,
556 2503 612 2586 qni
637 2502 809 2584 Lingonum
830 2501 953 2580 sedem,
982 2505 1133 2566 vivacius

68 2591 74 2607 ⁵
384 2585 555 2672 Episcopo,
578 2592 785 2669 pervaserat).

128 2697 166 2766 V.
203 2702 251 2764 De
275 2701 414 2784 quodam
437 2703 531 2764 etiam
557 2693 759 2764 subdiacono
786 2700 956 2775 Ausetano,
979 2700 1037 2782 qui
1059 2703 1135 2762 vivo

60 2790 87 2841 et
110 2781 255 2845 incolumi
287 2785 447 2866 Episcopo
475 2783 611 2846 civitatis
638 2784 821 2866 Lingonum
852 2783 961 2843 sedem
984 2784 1134 2863 pervasit,

59 2865 142 2926 simili
161 2875 206 2926 est
224 2867 383 2928 sententia
404 2866 580 2932 definitum.
627 2866 692 2926 Sed
713 2862 1002 2926 intervenientibus
1022 2864 1134 2946 legatis

59 2947 184 3008 eiusdem
204 2947 412 3024 subdiaconi,
433 2949 602 3010 humanior
624 2955 672 3009 est
690 2947 813 3029 prolata
825 2945 997 3017 senteutia;
1018 2945 1136 3008 videli-

59 3037 102 3088 cet
121 3039 154 3089 ut
178 3041 373 3092 sacramento
400 3032 565 3092 confirmet
587 3051 620 3090 se
649 3050 815 3112 nunqnam
842 3027 919 3088 talia
948 3025 1134 3091 huiusmodi

59 3113 298 3195 praesumptione
326 3115 492 3179 facturum.
542 3112 642 3174 Cuius
672 3110 861 3174 sacramenti
886 3118 1034 3173 tenorem
1056 3111 1134 3174 huic

61 3192 180 3272 capitulo
200 3195 390 3257 subnectere
413 3197 545 3278 dignum
564 3193 823 3256 existimavimus.
864 3195 932 3272 Ego
949 3195 1133 3268 Ansearius,

61 3273 268 3355 Subiimonm,
290 3276 444 3360 confiteor
460 3299 564 3338 coram
581 3278 716 3336 Domino
735 3288 764 3336 et
777 3277 892 3337 sanctis
910 3275 1038 3354 Angelis
1053 3281 1133 3349 eius,

61 3360 233 3418 reuerentiae
254 3373 378 3419 sanctae
393 3361 591 3442 paternitatis
611 3370 753 3433 uestrae,
768 3370 879 3419 contra
899 3357 962 3416 Dei
987 3357 1131 3418 uolunta-

62 3449 109 3494 tem
125 3451 153 3498 et
169 3453 278 3500 contra
295 3445 445 3502 canonica
460 3453 575 3501 statuta
594 3453 706 3500 temere
727 3460 775 3498 me
787 3439 905 3518 fecisse
921 3441 954 3497 in
972 3439 1062 3499 Isaac
1080 3461 1134 3499 ue-

61 3521 210 3580 nerabilem
229 3519 428 3603 Pontificem,
452 3519 631 3603 usurpando
652 3520 757 3581 sedem
774 3520 935 3580 Ecclesiae
952 3531 1076 3580 sanctae
1093 3523 1134 3578 si·

62 3599 87 3658 li
98 3606 270 3664 commissae
291 3603 478 3682 Lingonicus
498 3617 528 3662 et
549 3601 747 3664 sollicitando
770 3601 906 3661 Clericus
927 3613 958 3661 et
976 3601 1130 3660 vassallus

62 3683 112 3740 eius
131 3703 307 3767 omnemque
322 3685 494 3766 familiana.
533 3686 634 3766 Atque
652 3683 725 3745 ideo
748 3704 808 3766 pro
830 3693 931 3742 tantae
951 3700 1132 3764 praesump-

63 3764 138 3822 tionis
162 3787 309 3842 exeessu,
332 3788 393 3850 per
416 3769 501 3828 sueri
527 3768 694 3826 ministerii
717 3767 812 3826 vestri
834 3763 919 3824 vobis
944 3761 1088 3838 largitam
1113 3789 1132 3824 a

64 3843 177 3907 Domina
194 3857 390 3931 potestatem,
415 3852 532 3911 venium
549 3850 628 3908 nzilu'
643 3849 818 3932 poenitenti
843 3844 955 3922 largiri
980 3845 1131 3927 supplici-

65 3927 269 4012 terdeprecor.
309 3932 464 4014 Deinceps
483 3951 554 3992 vero
577 3951 632 3994 nee
655 3933 689 3990 in
711 3930 842 3992 eundem
864 3926 1056 3999 Antistitem,
1074 3949 1130 3988 nec

62 4007 187 4072 italiam
206 4013 383 4094 quemlibet,
409 4033 466 4075 nee
486 4015 519 4073 in
540 4013 598 4073 illu
621 4034 675 4074 nec
702 4015 736 4073 in
763 4014 827 4072 alia
856 4007 1000 4068 Ecclesia
1022 4007 1130 4067 huius-

63 4091 130 4151 modi
145 4096 426 4178 praesumptionem
431 4094 544 4175 facere
564 4096 703 4167 tentabo,
726 4108 756 4155 et
776 4114 872 4176 neque
884 4090 941 4151 ¹illi
961 4102 1014 4151 aut
1036 4091 1132 4152 alicui

62 4189 166 4236 storum
189 4177 381 4238 Clericorum
399 4191 452 4238 citt
475 4179 626 4239 laicorum
650 4180 683 4237 in
702 4179 807 4258 aliqua
826 4195 859 4234 re
876 4170 1130 4253 impedimentum

58 4249 155 4332 sesiam
178 4280 236 4343 pro
258 4261 438 4336 11111111,
467 4261 540 4342 quia
561 4253 1137 4340 1111111111·1111111111111111111
