<?xml version="1.0" encoding="UTF-8"?>
<!DOCTYPE html PUBLIC "-//W3C//DTD XHTML 1.0 Transitional//EN"
    "http://www.w3.org/TR/xhtml1/DTD/xhtml1-transitional.dtd">
<html xmlns="http://www.w3.org/1999/xhtml" xml:lang="en" lang="en">
 <head>
  <title>
</title>
<meta http-equiv="Content-Type" content="text/html;charset=utf-8" />
  <meta name='ocr-system' content='tesseract 3.04.00' />
  <meta name='ocr-capabilities' content='ocr_page ocr_carea ocr_par ocr_line ocrx_word'/>
</head>
<body>
  <div class='ocr_page' id='page_1' title='image "./corpusiurisgerm01visigoog_0209.png"; bbox 0 0 2650 4986; ppageno 0'>
   <div class='ocr_carea' id='block_1_1' title="bbox 172 309 1052 422">
    <p class='ocr_par' dir='ltr' id='par_1_1' title="bbox 172 309 1164 422">
     <span class='ocr_line' id='line_1_1' title="bbox 172 309 1052 422; baseline -0.006 -18"><span class='ocrx_word' id='word_1_1' title='bbox 172 309 264 404; x_wconf 79' lang='lat' dir='ltr'><strong>&#39;me</strong></span> <span class='ocrx_word' id='word_1_2' title='bbox 402 331 551 406; x_wconf 59' lang='lat' dir='ltr'><strong>acrius</strong></span> <span class='ocrx_word' id='word_1_3' title='bbox 608 331 898 406; x_wconf 80' lang='lat' dir='ltr'><strong>&#39;cieiruiaam&#39;</strong></span> <span class='ocrx_word' id='word_1_4' title='bbox 996 359 1052 422; x_wconf 63' lang='lat'><strong>³75,</strong></span> 
     </span>
    </p>
   </div>
   <div class='ocr_carea' id='block_1_2' title="bbox 138 491 1314 4370">
    <p class='ocr_par' dir='ltr' id='par_1_2' title="bbox 189 491 1265 662">
     <span class='ocr_line' id='line_1_2' title="bbox 191 491 1265 576; baseline 0.008 -24"><span class='ocrx_word' id='word_1_5' title='bbox 191 504 323 576; x_wconf 88' lang='lat' dir='ltr'><strong>paterno</strong></span> <span class='ocrx_word' id='word_1_6' title='bbox 349 515 477 554; x_wconf 67' lang='lat' dir='ltr'><strong>seruare</strong></span> <span class='ocrx_word' id='word_1_7' title='bbox 499 511 580 574; x_wconf 88' lang='lat' dir='ltr'><strong>quae</strong></span> <span class='ocrx_word' id='word_1_8' title='bbox 606 493 692 574; x_wconf 90' lang='lat' dir='ltr'>pacis</span> <span class='ocrx_word' id='word_1_9' title='bbox 717 505 812 568; x_wconf 89' lang='lat' dir='ltr'><strong>snut,</strong></span> <span class='ocrx_word' id='word_1_10' title='bbox 837 514 882 551; x_wconf 91' lang='lat' dir='ltr'><strong>ne·</strong></span> <span class='ocrx_word' id='word_1_11' title='bbox 900 491 1048 554; x_wconf 77' lang='lat' dir='ltr'><strong>videlicet</strong></span> <span class='ocrx_word' id='word_1_12' title='bbox 1076 495 1201 576; x_wconf 81' lang='lat' dir='ltr'>aliquam</span> <span class='ocrx_word' id='word_1_13' title='bbox 1225 502 1265 560; x_wconf 84' lang='lat' dir='ltr'><strong>in-</strong></span> 
     </span>
     <span class='ocr_line' id='line_1_3' title="bbox 189 575 1265 662; baseline 0.006 -26"><span class='ocrx_word' id='word_1_14' title='bbox 189 575 369 657; x_wconf 72' lang='lat' dir='ltr'><strong>reptionem</strong></span> <span class='ocrx_word' id='word_1_15' title='bbox 392 576 425 634; x_wconf 89' lang='lat' dir='ltr'><strong>in</strong></span> <span class='ocrx_word' id='word_1_16' title='bbox 445 577 545 656; x_wconf 79' lang='lat' dir='ltr'><strong>regno</strong></span> <span class='ocrx_word' id='word_1_17' title='bbox 567 576 702 656; x_wconf 87' lang='lat' dir='ltr'><strong>praefati</strong></span> <span class='ocrx_word' id='word_1_18' title='bbox 728 575 863 653; x_wconf 69' lang='lat' dir='ltr'><strong>Augusti</strong></span> <span class='ocrx_word' id='word_1_19' title='bbox 895 575 988 638; x_wconf 86' lang='lat' dir='ltr'><strong>sacile</strong></span> <span class='ocrx_word' id='word_1_20' title='bbox 1012 585 1164 637; x_wconf 83' lang='lat' dir='ltr'><strong>tentarent</strong></span> <span class='ocrx_word' id='word_1_21' title='bbox 1183 604 1265 662; x_wconf 87' lang='lat' dir='ltr'><strong>usque</strong></span> 
     </span>
    </p>

    <p class='ocr_par' dir='ltr' id='par_1_3' title="bbox 152 658 1269 1152">
     <span class='ocr_line' id='line_1_4' title="bbox 152 658 1267 742; baseline 0.002 -24"><span class='ocrx_word' id='word_1_22' title='bbox 152 698 157 708; x_wconf 87' lang='lat'>·</span> <span class='ocrx_word' id='word_1_23' title='bbox 191 659 268 720; x_wconf 90' lang='lat' dir='ltr'><strong>dum</strong></span> <span class='ocrx_word' id='word_1_24' title='bbox 284 659 378 718; x_wconf 91' lang='lat' dir='ltr'><strong>simul</strong></span> <span class='ocrx_word' id='word_1_25' title='bbox 404 659 442 717; x_wconf 90' lang='lat' dir='ltr'><strong>ad</strong></span> <span class='ocrx_word' id='word_1_26' title='bbox 467 668 614 716; x_wconf 90' lang='lat' dir='ltr'><strong>mutuum</strong></span> <span class='ocrx_word' id='word_1_27' title='bbox 636 659 835 738; x_wconf 81' lang='lat' dir='ltr'><strong>colloquium</strong></span> <span class='ocrx_word' id='word_1_28' title='bbox 864 658 1032 734; x_wconf 83' lang='lat' dir='ltr'><strong>venirent,</strong></span> <span class='ocrx_word' id='word_1_29' title='bbox 1067 671 1099 720; x_wconf 89' lang='lat' dir='ltr'><strong>et</strong></span> <span class='ocrx_word' id='word_1_30' title='bbox 1121 660 1181 742; x_wconf 85' lang='lat' dir='ltr'><strong>ipse</strong></span> <span class='ocrx_word' id='word_1_31' title='bbox 1199 665 1267 726; x_wconf 81' lang='lat' dir='ltr'><strong>iuter</strong></span> 
     </span>
     <span class='ocr_line' id='line_1_5' title="bbox 191 739 1268 821; baseline 0.003 -19"><span class='ocrx_word' id='word_1_32' title='bbox 191 765 245 802; x_wconf 89' lang='lat' dir='ltr'><strong>eos</strong></span> <span class='ocrx_word' id='word_1_33' title='bbox 267 743 356 801; x_wconf 90' lang='lat' dir='ltr'><strong>etde</strong></span> <span class='ocrx_word' id='word_1_34' title='bbox 378 762 454 821; x_wconf 90' lang='lat' dir='ltr'><strong>pace</strong></span> <span class='ocrx_word' id='word_1_35' title='bbox 477 739 743 800; x_wconf 87' lang='lat' dir='ltr'><strong>conservandaet</strong></span> <span class='ocrx_word' id='word_1_36' title='bbox 760 741 799 800; x_wconf 92' lang='lat' dir='ltr'><strong>dc</strong></span> <span class='ocrx_word' id='word_1_37' title='bbox 824 741 894 800; x_wconf 89' lang='lat' dir='ltr'><strong>inre</strong></span> <span class='ocrx_word' id='word_1_38' title='bbox 917 761 1090 820; x_wconf 77' lang='lat' dir='ltr'><strong>regnorum</strong></span> <span class='ocrx_word' id='word_1_39' title='bbox 1116 747 1268 806; x_wconf 85' lang='lat' dir='ltr'><strong>secundum</strong></span> 
     </span>
     <span class='ocr_line' id='line_1_6' title="bbox 191 821 1268 904; baseline 0.006 -24"><span class='ocrx_word' id='word_1_40' title='bbox 191 823 251 884; x_wconf 87' lang='lat' dir='ltr'><strong>sibi</strong></span> <span class='ocrx_word' id='word_1_41' title='bbox 272 823 288 880; x_wconf 77' lang='lat' dir='ltr'><strong>a</strong></span> <span class='ocrx_word' id='word_1_42' title='bbox 316 825 385 888; x_wconf 89' lang='lat' dir='ltr'><strong>Deo</strong></span> <span class='ocrx_word' id='word_1_43' title='bbox 405 821 619 894; x_wconf 81' lang='lat' dir='ltr'><strong>ministerium</strong></span> <span class='ocrx_word' id='word_1_44' title='bbox 647 823 806 882; x_wconf 88' lang='lat' dir='ltr'><strong>creditum</strong></span> <span class='ocrx_word' id='word_1_45' title='bbox 828 821 1018 882; x_wconf 79' lang='lat' dir='ltr'><strong>decerneret</strong></span> <span class='ocrx_word' id='word_1_46' title='bbox 1037 823 1153 904; x_wconf 86' lang='lat' dir='ltr'><strong>pariter</strong></span> <span class='ocrx_word' id='word_1_47' title='bbox 1171 838 1199 888; x_wconf 91' lang='lat' dir='ltr'><strong>et</strong></span> <span class='ocrx_word' id='word_1_48' title='bbox 1217 828 1268 888; x_wconf 86' lang='lat' dir='ltr'><strong>dis-</strong></span> 
     </span>
     <span class='ocr_line' id='line_1_7' title="bbox 192 903 1269 985; baseline 0.004 -19"><span class='ocrx_word' id='word_1_49' title='bbox 192 914 349 966; x_wconf 81' lang='lat' dir='ltr'><strong>cerneret.</strong></span> <span class='ocrx_word' id='word_1_50' title='bbox 393 909 478 982; x_wconf 87' lang='lat' dir='ltr'><strong>Quas</strong></span> <span class='ocrx_word' id='word_1_51' title='bbox 495 905 644 985; x_wconf 84' lang='lat' dir='ltr'><strong>epistolas</strong></span> <span class='ocrx_word' id='word_1_52' title='bbox 663 926 720 984; x_wconf 90' lang='lat' dir='ltr'><strong>per</strong></span> <span class='ocrx_word' id='word_1_53' title='bbox 747 906 897 965; x_wconf 87' lang='lat' dir='ltr'><strong>Odonem</strong></span> <span class='ocrx_word' id='word_1_54' title='bbox 925 903 1164 968; x_wconf 80' lang='lat' dir='ltr'><strong>Bellovacorum</strong></span> <span class='ocrx_word' id='word_1_55' title='bbox 1189 932 1269 971; x_wconf 81' lang='lat' dir='ltr'><strong>vene-</strong></span> 
     </span>
     <span class='ocr_line' id='line_1_8' title="bbox 191 985 1269 1068; baseline 0.004 -20"><span class='ocrx_word' id='word_1_56' title='bbox 191 987 325 1052; x_wconf 87' lang='lat' dir='ltr'><strong>rabilem</strong></span> <span class='ocrx_word' id='word_1_57' title='bbox 346 987 545 1068; x_wconf 78' lang='lat' dir='ltr'><strong>Episcopum</strong></span> <span class='ocrx_word' id='word_1_58' title='bbox 560 986 620 1054; x_wconf 85' lang='lat' dir='ltr'><strong>¹sibi</strong></span> <span class='ocrx_word' id='word_1_59' title='bbox 636 986 807 1048; x_wconf 87' lang='lat' dir='ltr'><strong>destinatas</strong></span> <span class='ocrx_word' id='word_1_60' title='bbox 825 997 856 1048; x_wconf 92' lang='lat' dir='ltr'><strong>et</strong></span> <span class='ocrx_word' id='word_1_61' title='bbox 878 986 927 1048; x_wconf 76' lang='lat' dir='ltr'><strong>tiis</strong></span> <span class='ocrx_word' id='word_1_62' title='bbox 948 985 1068 1048; x_wconf 88' lang='lat' dir='ltr'><strong>delatas</strong></span> <span class='ocrx_word' id='word_1_63' title='bbox 1081 992 1207 1051; x_wconf 87' lang='lat' dir='ltr'><strong>&#39;omniuo</strong></span> <span class='ocrx_word' id='word_1_64' title='bbox 1228 1015 1269 1052; x_wconf 89' lang='lat' dir='ltr'><strong>re-</strong></span> 
     </span>
     <span class='ocr_line' id='line_1_9' title="bbox 193 1071 506 1152; baseline 0.003 -20"><span class='ocrx_word' id='word_1_65' title='bbox 193 1071 298 1152; x_wconf 87' lang='lat' dir='ltr'><strong>cipere</strong></span> <span class='ocrx_word' id='word_1_66' title='bbox 318 1077 506 1138; x_wconf 85' lang='lat' dir='ltr'><strong>rennerunt.</strong></span> 
     </span>
    </p>

    <p class='ocr_par' dir='ltr' id='par_1_4' title="bbox 194 1151 1270 1319">
     <span class='ocr_line' id='line_1_10' title="bbox 213 1151 1270 1236; baseline 0.003 -25"><span class='ocrx_word' id='word_1_67' title='bbox 213 1171 216 1178; x_wconf 90' lang='grc'><strong><em>·</em></strong></span> <span class='ocrx_word' id='word_1_68' title='bbox 275 1151 337 1212; x_wconf 88' lang='lat' dir='ltr'><strong>lll.</strong></span> <span class='ocrx_word' id='word_1_69' title='bbox 381 1153 450 1233; x_wconf 83' lang='lat' dir='ltr'><strong>lpse</strong></span> <span class='ocrx_word' id='word_1_70' title='bbox 479 1170 555 1214; x_wconf 83' lang='lat' dir='ltr'><strong>vero</strong></span> <span class='ocrx_word' id='word_1_71' title='bbox 574 1152 747 1234; x_wconf 89' lang='lat' dir='ltr'><strong>apostolica</strong></span> <span class='ocrx_word' id='word_1_72' title='bbox 766 1164 798 1214; x_wconf 92' lang='lat' dir='ltr'><strong>et</strong></span> <span class='ocrx_word' id='word_1_73' title='bbox 822 1161 954 1234; x_wconf 86' lang='lat' dir='ltr'><strong>paterna</strong></span> <span class='ocrx_word' id='word_1_74' title='bbox 973 1153 1101 1214; x_wconf 81' lang='lat' dir='ltr'><strong>monita</strong></span> <span class='ocrx_word' id='word_1_75' title='bbox 1122 1155 1270 1236; x_wconf 81' lang='lat' dir='ltr'><strong>parvipen-</strong></span> 
     </span>
     <span class='ocr_line' id='line_1_11' title="bbox 194 1235 1270 1319; baseline 0.001 -24"><span class='ocrx_word' id='word_1_76' title='bbox 194 1238 290 1310; x_wconf 82' lang='lat' dir='ltr'><strong>dens,</strong></span> <span class='ocrx_word' id='word_1_77' title='bbox 314 1244 345 1294; x_wconf 91' lang='lat' dir='ltr'><strong>et</strong></span> <span class='ocrx_word' id='word_1_78' title='bbox 364 1235 505 1296; x_wconf 87' lang='lat' dir='ltr'><strong>fraterna</strong></span> <span class='ocrx_word' id='word_1_79' title='bbox 522 1236 650 1294; x_wconf 82' lang='lat' dir='ltr'><strong>foedera</strong></span> <span class='ocrx_word' id='word_1_80' title='bbox 675 1236 899 1317; x_wconf 85' lang='lat' dir='ltr'><strong>disrumpens,</strong></span> <span class='ocrx_word' id='word_1_81' title='bbox 930 1235 1043 1298; x_wconf 87' lang='lat' dir='ltr'><strong>hostili</strong></span> <span class='ocrx_word' id='word_1_82' title='bbox 1067 1249 1160 1296; x_wconf 82' lang='lat' dir='ltr'><strong>manti</strong></span> <span class='ocrx_word' id='word_1_83' title='bbox 1182 1246 1270 1319; x_wconf 82' lang='lat' dir='ltr'><strong>tyran-</strong></span> 
     </span>
    </p>

    <p class='ocr_par' dir='ltr' id='par_1_5' title="bbox 172 1311 1271 1566">
     <span class='ocr_line' id='line_1_12' title="bbox 172 1311 1271 1398; baseline 0 -21"><span class='ocrx_word' id='word_1_84' title='bbox 172 1311 266 1377; x_wconf 83' lang='lat' dir='ltr'><strong>&#39;iiico</strong></span> <span class='ocrx_word' id='word_1_85' title='bbox 286 1339 373 1377; x_wconf 89' lang='lat' dir='ltr'><strong>more</strong></span> <span class='ocrx_word' id='word_1_86' title='bbox 390 1320 565 1377; x_wconf 84' lang='lat' dir='ltr'><strong>l&#39;raternnm</strong></span> <span class='ocrx_word' id='word_1_87' title='bbox 585 1331 717 1398; x_wconf 76' lang='lat' dir='ltr'><strong>regnum</strong></span> <span class='ocrx_word' id='word_1_88' title='bbox 738 1317 966 1398; x_wconf 86' lang='lat' dir='ltr'><strong>depopulando</strong></span> <span class='ocrx_word' id='word_1_89' title='bbox 997 1319 1127 1390; x_wconf 84' lang='lat' dir='ltr'><strong>invasit;</strong></span> <span class='ocrx_word' id='word_1_90' title='bbox 1162 1317 1271 1378; x_wconf 90' lang='lat' dir='ltr'><strong>homici-</strong></span> 
     </span>
     <span class='ocr_line' id='line_1_13' title="bbox 194 1399 1271 1482; baseline -0.002 -21"><span class='ocrx_word' id='word_1_91' title='bbox 194 1401 268 1475; x_wconf 87' lang='lat' dir='ltr'><strong>dia,</strong></span> <span class='ocrx_word' id='word_1_92' title='bbox 291 1411 415 1480; x_wconf 86' lang='lat' dir='ltr'><strong>stupra,</strong></span> <span class='ocrx_word' id='word_1_93' title='bbox 439 1399 616 1474; x_wconf 82' lang='lat' dir='ltr'><strong>adulteria,</strong></span> <span class='ocrx_word' id='word_1_94' title='bbox 639 1401 822 1480; x_wconf 76' lang='lat' dir='ltr'><strong>sacrilegia,</strong></span> <span class='ocrx_word' id='word_1_95' title='bbox 847 1411 878 1460; x_wconf 88' lang='lat' dir='ltr'><strong>ct</strong></span> <span class='ocrx_word' id='word_1_96' title='bbox 911 1402 1084 1460; x_wconf 84' lang='lat' dir='ltr'><strong>innumera</strong></span> <span class='ocrx_word' id='word_1_97' title='bbox 1107 1403 1183 1460; x_wconf 86' lang='lat' dir='ltr'><strong>mala</strong></span> <span class='ocrx_word' id='word_1_98' title='bbox 1208 1424 1271 1482; x_wconf 90' lang='lat' dir='ltr'><strong>quae</strong></span> 
     </span>
     <span class='ocr_line' id='line_1_14' title="bbox 192 1482 1194 1566; baseline 0 -23"><span class='ocrx_word' id='word_1_99' title='bbox 192 1483 372 1544; x_wconf 88' lang='lat' dir='ltr'><strong>enumerari</strong></span> <span class='ocrx_word' id='word_1_100' title='bbox 393 1491 575 1566; x_wconf 46' lang='lat' dir='ltr'><strong>nequeunt?</strong></span> <span class='ocrx_word' id='word_1_101' title='bbox 600 1482 770 1542; x_wconf 85' lang='lat' dir='ltr'><strong>auctoritas</strong></span> <span class='ocrx_word' id='word_1_102' title='bbox 789 1482 975 1542; x_wconf 77' lang='lat' dir='ltr'><strong>facientium</strong></span> <span class='ocrx_word' id='word_1_103' title='bbox 993 1484 1194 1565; x_wconf 80' lang='lat' dir='ltr'><strong>perpetrarit.</strong></span> 
     </span>
    </p>

    <p class='ocr_par' dir='ltr' id='par_1_6' title="bbox 167 1561 1272 2061">
     <span class='ocr_line' id='line_1_15' title="bbox 167 1561 1272 1648; baseline -0.004 -22"><span class='ocrx_word' id='word_1_104' title='bbox 167 1561 171 1570; x_wconf 61' lang='grc'><strong>“</strong></span> <span class='ocrx_word' id='word_1_105' title='bbox 273 1566 331 1628; x_wconf 87' lang='lat' dir='ltr'><strong>lV.</strong></span> <span class='ocrx_word' id='word_1_106' title='bbox 373 1566 457 1624; x_wconf 88' lang='lat' dir='ltr'><strong>Haec</strong></span> <span class='ocrx_word' id='word_1_107' title='bbox 471 1565 558 1622; x_wconf 90' lang='lat' dir='ltr'><strong>mala·</strong></span> <span class='ocrx_word' id='word_1_108' title='bbox 570 1564 703 1623; x_wconf 87' lang='lat' dir='ltr'><strong>audiens</strong></span> <span class='ocrx_word' id='word_1_109' title='bbox 726 1577 775 1624; x_wconf 88' lang='lat' dir='ltr'><strong>ter</strong></span> <span class='ocrx_word' id='word_1_110' title='bbox 792 1565 994 1632; x_wconf 88' lang='lat' dir='ltr'><strong>beatissimus</strong></span> <span class='ocrx_word' id='word_1_111' title='bbox 1014 1568 1101 1646; x_wconf 89' lang='lat' dir='ltr'><strong>Papa</strong></span> <span class='ocrx_word' id='word_1_112' title='bbox 1118 1575 1272 1648; x_wconf 85' lang='lat' dir='ltr'><strong>perpetrata</strong></span> 
     </span>
     <span class='ocr_line' id='line_1_16' title="bbox 193 1646 1272 1728; baseline -0.002 -18"><span class='ocrx_word' id='word_1_113' title='bbox 193 1671 260 1710; x_wconf 90' lang='lat' dir='ltr'><strong>esse</strong></span> <span class='ocrx_word' id='word_1_114' title='bbox 275 1649 307 1706; x_wconf 91' lang='lat' dir='ltr'><strong>in</strong></span> <span class='ocrx_word' id='word_1_115' title='bbox 330 1667 429 1728; x_wconf 81' lang='lat' dir='ltr'><strong>reguo</strong></span> <span class='ocrx_word' id='word_1_116' title='bbox 454 1646 692 1728; x_wconf 82' lang='lat' dir='ltr'><strong>spiritalisfilii</strong></span> <span class='ocrx_word' id='word_1_117' title='bbox 722 1648 771 1708; x_wconf 89' lang='lat' dir='ltr'><strong>sui</strong></span> <span class='ocrx_word' id='word_1_118' title='bbox 794 1647 914 1706; x_wconf 87' lang='lat' dir='ltr'><strong>Domni</strong></span> <span class='ocrx_word' id='word_1_119' title='bbox 938 1649 1054 1708; x_wconf 87' lang='lat' dir='ltr'><strong>Karoli</strong></span> <span class='ocrx_word' id='word_1_120' title='bbox 1081 1669 1199 1728; x_wconf 87' lang='lat' dir='ltr'><strong>semper</strong></span> <span class='ocrx_word' id='word_1_121' title='bbox 1220 1648 1272 1708; x_wconf 82' lang='lat' dir='ltr'><strong>Au·</strong></span> 
     </span>
     <span class='ocr_line' id='line_1_17' title="bbox 193 1728 1272 1814; baseline 0.002 -26"><span class='ocrx_word' id='word_1_122' title='bbox 193 1731 298 1814; x_wconf 77' lang='lat' dir='ltr'><strong>gusti,</strong></span> <span class='ocrx_word' id='word_1_123' title='bbox 321 1739 421 1788; x_wconf 89' lang='lat' dir='ltr'><strong>tactus</strong></span> <span class='ocrx_word' id='word_1_124' title='bbox 438 1730 549 1790; x_wconf 89' lang='lat' dir='ltr'><strong>dolore</strong></span> <span class='ocrx_word' id='word_1_125' title='bbox 572 1728 676 1788; x_wconf 90' lang='lat' dir='ltr'><strong>cordis</strong></span> <span class='ocrx_word' id='word_1_126' title='bbox 699 1729 897 1790; x_wconf 82' lang='lat' dir='ltr'><strong>&#39;acceleravit</strong></span> <span class='ocrx_word' id='word_1_127' title='bbox 921 1730 1051 1790; x_wconf 90' lang='lat' dir='ltr'><strong>mittere</strong></span> <span class='ocrx_word' id='word_1_128' title='bbox 1072 1730 1179 1792; x_wconf 86' lang='lat' dir='ltr'><strong>Missos</strong></span> <span class='ocrx_word' id='word_1_129' title='bbox 1201 1753 1272 1806; x_wconf 79' lang='lat' dir='ltr'><strong>suos,</strong></span> 
     </span>
     <span class='ocr_line' id='line_1_18' title="bbox 193 1809 1272 1895; baseline -0.004 -21"><span class='ocrx_word' id='word_1_130' title='bbox 193 1815 370 1876; x_wconf 86' lang='lat' dir='ltr'><strong>loliaunem</strong></span> <span class='ocrx_word' id='word_1_131' title='bbox 395 1811 570 1889; x_wconf 79' lang='lat' dir='ltr'><strong>videlicet,</strong></span> <span class='ocrx_word' id='word_1_132' title='bbox 594 1821 624 1871; x_wconf 92' lang='lat' dir='ltr'><strong>et</strong></span> <span class='ocrx_word' id='word_1_133' title='bbox 656 1811 834 1872; x_wconf 82' lang='lat' dir='ltr'><strong>loliannem</strong></span> <span class='ocrx_word' id='word_1_134' title='bbox 863 1813 1066 1874; x_wconf 84' lang='lat' dir='ltr'><strong>venerabiles</strong></span> <span class='ocrx_word' id='word_1_135' title='bbox 1089 1809 1272 1895; x_wconf 64' lang='lat' dir='ltr'><strong>Episcopus,</strong></span> 
     </span>
     <span class='ocr_line' id='line_1_19' title="bbox 192 1891 1272 1975; baseline -0.002 -21"><span class='ocrx_word' id='word_1_136' title='bbox 192 1918 268 1966; x_wconf 71' lang='lat' dir='ltr'><strong>cum</strong></span> <span class='ocrx_word' id='word_1_137' title='bbox 286 1893 356 1954; x_wconf 91' lang='lat' dir='ltr'><strong>aliis</strong></span> <span class='ocrx_word' id='word_1_138' title='bbox 378 1893 443 1955; x_wconf 87' lang='lat' dir='ltr'><strong>suis</strong></span> <span class='ocrx_word' id='word_1_139' title='bbox 463 1894 621 1975; x_wconf 83' lang='lat' dir='ltr'><strong>epistolis,</strong></span> <span class='ocrx_word' id='word_1_140' title='bbox 646 1893 757 1954; x_wconf 90' lang='lat' dir='ltr'><strong>volens</strong></span> <span class='ocrx_word' id='word_1_141' title='bbox 775 1916 849 1953; x_wconf 88' lang='lat' dir='ltr'><strong>eum</strong></span> <span class='ocrx_word' id='word_1_142' title='bbox 871 1916 1002 1954; x_wconf 86' lang='lat' dir='ltr'><strong>monere</strong></span> <span class='ocrx_word' id='word_1_143' title='bbox 1026 1891 1068 1954; x_wconf 60' lang='lat' dir='ltr'><strong>&#39;ut</strong></span> <span class='ocrx_word' id='word_1_144' title='bbox 1088 1895 1106 1953; x_wconf 75' lang='lat' dir='ltr'><strong>a</strong></span> <span class='ocrx_word' id='word_1_145' title='bbox 1127 1905 1207 1956; x_wconf 90' lang='lat' dir='ltr'><strong>tanto</strong></span> <span class='ocrx_word' id='word_1_146' title='bbox 1220 1918 1272 1953; x_wconf 90' lang='lat' dir='ltr'><strong>ma·</strong></span> 
     </span>
     <span class='ocr_line' id='line_1_20' title="bbox 194 1977 1272 2061; baseline -0.005 -21"><span class='ocrx_word' id='word_1_147' title='bbox 194 1979 227 2040; x_wconf 92' lang='lat' dir='ltr'><strong>lo</strong></span> <span class='ocrx_word' id='word_1_148' title='bbox 245 1977 487 2061; x_wconf 77' lang='lat' dir='ltr'><strong>poenitudinem</strong></span> <span class='ocrx_word' id='word_1_149' title='bbox 508 1977 546 2036; x_wconf 91' lang='lat' dir='ltr'><strong>de</strong></span> <span class='ocrx_word' id='word_1_150' title='bbox 567 1977 747 2058; x_wconf 84' lang='lat' dir='ltr'><strong>praeteritis</strong></span> <span class='ocrx_word' id='word_1_151' title='bbox 768 1977 898 2056; x_wconf 66' lang='lat' dir='ltr'><strong>ageret,</strong></span> <span class='ocrx_word' id='word_1_152' title='bbox 922 1987 954 2038; x_wconf 85' lang='lat' dir='ltr'><strong>et</strong></span> <span class='ocrx_word' id='word_1_153' title='bbox 975 1978 1107 2037; x_wconf 88' lang='lat' dir='ltr'><strong>taudem</strong></span> <span class='ocrx_word' id='word_1_154' title='bbox 1120 1979 1272 2038; x_wconf 86' lang='lat' dir='ltr'><strong>fraternum</strong></span> 
     </span>
    </p>

    <p class='ocr_par' dir='ltr' id='par_1_7' title="bbox 170 2059 1314 2152">
     <span class='ocr_line' id='line_1_21' title="bbox 170 2059 1314 2152; baseline 0 -34"><span class='ocrx_word' id='word_1_155' title='bbox 170 2067 174 2082; x_wconf 87' lang='lat'><strong>·&#39;</strong></span> <span class='ocrx_word' id='word_1_156' title='bbox 194 2080 329 2143; x_wconf 72' lang='lat' dir='ltr'><strong>regnum</strong></span> <span class='ocrx_word' id='word_1_157' title='bbox 359 2060 512 2120; x_wconf 84' lang='lat' dir='ltr'><strong>invadere</strong></span> <span class='ocrx_word' id='word_1_158' title='bbox 542 2059 713 2120; x_wconf 87' lang='lat' dir='ltr'><strong>desineret.</strong></span> <span class='ocrx_word' id='word_1_159' title='bbox 757 2060 1130 2143; x_wconf 75' lang='lat' dir='ltr'><strong>Quorumlegationem</strong></span> <span class='ocrx_word' id='word_1_160' title='bbox 1153 2060 1272 2122; x_wconf 75' lang='lat' dir='ltr'><strong>lsecundo</strong></span> <span class='ocrx_word' id='word_1_161' title='bbox 1313 2065 1314 2152; x_wconf 62' lang='lat' dir='ltr'><strong>l</strong></span> 
     </span>
    </p>

    <p class='ocr_par' dir='ltr' id='par_1_8' title="bbox 173 2141 1314 2222">
     <span class='ocr_line' id='line_1_22' title="bbox 173 2141 1314 2222; baseline 0.001 -24"><span class='ocrx_word' id='word_1_162' title='bbox 173 2142 407 2216; x_wconf 80' lang='lat' dir='ltr'><strong>‚coinmonitus</strong></span> <span class='ocrx_word' id='word_1_163' title='bbox 429 2142 566 2210; x_wconf 86' lang='lat' dir='ltr'><strong>necdum</strong></span> <span class='ocrx_word' id='word_1_164' title='bbox 583 2141 727 2222; x_wconf 79' lang='lat' dir='ltr'><strong>recipere</strong></span> <span class='ocrx_word' id='word_1_165' title='bbox 746 2141 890 2212; x_wconf 70' lang='lat' dir='ltr'><strong>voluit„</strong></span> <span class='ocrx_word' id='word_1_166' title='bbox 945 2167 948 2174; x_wconf 65' lang='lat'>¹</span> <span class='ocrx_word' id='word_1_167' title='bbox 1154 2189 1156 2194; x_wconf 95' lang='lat'><em>.</em></span> <span class='ocrx_word' id='word_1_168' title='bbox 1313 2205 1314 2216; x_wconf 11' lang='grc' dir='ltr'>χ</span> 
     </span>
    </p>

    <p class='ocr_par' dir='ltr' id='par_1_9' title="bbox 194 2213 1314 2390">
     <span class='ocr_line' id='line_1_23' title="bbox 275 2213 1314 2307; baseline -0.003 -21"><span class='ocrx_word' id='word_1_169' title='bbox 275 2223 317 2291; x_wconf 84' lang='lat' dir='ltr'><strong>V.</strong></span> <span class='ocrx_word' id='word_1_170' title='bbox 359 2227 435 2285; x_wconf 88' lang='lat' dir='ltr'><strong>Post</strong></span> <span class='ocrx_word' id='word_1_171' title='bbox 446 2225 503 2284; x_wconf 78' lang='lat' dir='ltr'><strong>lios</strong></span> <span class='ocrx_word' id='word_1_172' title='bbox 525 2224 666 2304; x_wconf 89' lang='lat' dir='ltr'><strong>denique</strong></span> <span class='ocrx_word' id='word_1_173' title='bbox 686 2224 773 2284; x_wconf 84' lang='lat' dir='ltr'><strong>misit</strong></span> <span class='ocrx_word' id='word_1_174' title='bbox 791 2225 907 2284; x_wconf 88' lang='lat' dir='ltr'><strong>iterum</strong></span> <span class='ocrx_word' id='word_1_175' title='bbox 934 2219 1015 2286; x_wconf 83' lang='lat' dir='ltr'><strong>alios</strong></span> <span class='ocrx_word' id='word_1_176' title='bbox 1036 2213 1188 2307; x_wconf 71' lang='lat' dir='ltr'><strong>Legatos,</strong></span> <span class='ocrx_word' id='word_1_177' title='bbox 1207 2226 1273 2284; x_wconf 89' lang='lat' dir='ltr'><strong>Leo·</strong></span> <span class='ocrx_word' id='word_1_178' title='bbox 1313 2227 1314 2238; x_wconf 58' lang='lat'>¹</span> 
     </span>
     <span class='ocr_line' id='line_1_24' title="bbox 194 2307 1273 2390; baseline -0.006 -21"><span class='ocrx_word' id='word_1_179' title='bbox 194 2331 269 2370; x_wconf 89' lang='lat' dir='ltr'><strong>nem</strong></span> <span class='ocrx_word' id='word_1_180' title='bbox 291 2307 415 2368; x_wconf 88' lang='lat' dir='ltr'><strong>scilicet</strong></span> <span class='ocrx_word' id='word_1_181' title='bbox 429 2307 662 2367; x_wconf 85' lang='lat' dir='ltr'><strong>sanctissimum</strong></span> <span class='ocrx_word' id='word_1_182' title='bbox 678 2307 894 2368; x_wconf 85' lang='lat' dir='ltr'><strong>Gabinensem</strong></span> <span class='ocrx_word' id='word_1_183' title='bbox 913 2307 1113 2390; x_wconf 82' lang='lat' dir='ltr'><strong>Episcopum</strong></span> <span class='ocrx_word' id='word_1_184' title='bbox 1130 2317 1273 2368; x_wconf 87' lang='lat' dir='ltr'><strong>etsauctae</strong></span> 
     </span>
    </p>

    <p class='ocr_par' dir='ltr' id='par_1_10' title="bbox 172 2388 1273 2471">
     <span class='ocr_line' id='line_1_25' title="bbox 172 2388 1273 2471; baseline -0.009 -19"><span class='ocrx_word' id='word_1_185' title='bbox 172 2395 354 2463; x_wconf 75' lang='lat' dir='ltr'><strong>-Romanae</strong></span> <span class='ocrx_word' id='word_1_186' title='bbox 374 2388 537 2470; x_wconf 79' lang='lat' dir='ltr'><strong>Ecclesiae</strong></span> <span class='ocrx_word' id='word_1_187' title='bbox 556 2390 687 2449; x_wconf 87' lang='lat' dir='ltr'><strong>Missum</strong></span> <span class='ocrx_word' id='word_1_188' title='bbox 716 2400 747 2450; x_wconf 87' lang='lat' dir='ltr'><strong>et</strong></span> <span class='ocrx_word' id='word_1_189' title='bbox 769 2389 1041 2469; x_wconf 76' lang='lat' dir='ltr'><strong>apocrisiarium,</strong></span> <span class='ocrx_word' id='word_1_190' title='bbox 1065 2392 1236 2471; x_wconf 83' lang='lat' dir='ltr'><strong>pariterque</strong></span> <span class='ocrx_word' id='word_1_191' title='bbox 1251 2398 1273 2448; x_wconf 89' lang='lat' dir='ltr'><strong>et</strong></span> 
     </span>
    </p>

    <p class='ocr_par' dir='ltr' id='par_1_11' title="bbox 172 2471 1314 2718">
     <span class='ocr_line' id='line_1_26' title="bbox 172 2471 1273 2557; baseline -0.01 -19"><span class='ocrx_word' id='word_1_192' title='bbox 172 2477 324 2554; x_wconf 52' lang='lat' dir='ltr'><strong>‚Petrum</strong></span> <span class='ocrx_word' id='word_1_193' title='bbox 355 2471 686 2557; x_wconf 84' lang='lat' dir='ltr'><strong>Forosemproniatem</strong></span> <span class='ocrx_word' id='word_1_194' title='bbox 718 2472 937 2534; x_wconf 81' lang='lat' dir='ltr'><strong>veiie1·abilem</strong></span> <span class='ocrx_word' id='word_1_195' title='bbox 970 2472 1185 2554; x_wconf 81' lang='lat' dir='ltr'><strong>Episcopum,</strong></span> <span class='ocrx_word' id='word_1_196' title='bbox 1213 2471 1273 2530; x_wconf 86' lang='lat' dir='ltr'><strong>haec</strong></span> 
     </span>
     <span class='ocr_line' id='line_1_27' title="bbox 194 2553 1314 2634; baseline -0.01 -15"><span class='ocrx_word' id='word_1_197' title='bbox 194 2558 304 2619; x_wconf 89' lang='lat' dir='ltr'><strong>eadem</strong></span> <span class='ocrx_word' id='word_1_198' title='bbox 327 2553 541 2630; x_wconf 88' lang='lat' dir='ltr'><strong>obsecrando,</strong></span> <span class='ocrx_word' id='word_1_199' title='bbox 563 2555 725 2614; x_wconf 89' lang='lat' dir='ltr'><strong>monendo</strong></span> <span class='ocrx_word' id='word_1_200' title='bbox 757 2565 946 2634; x_wconf 91' lang='lat' dir='ltr'><strong>protestans.</strong></span> <span class='ocrx_word' id='word_1_201' title='bbox 996 2557 1146 2632; x_wconf 83' lang='lat' dir='ltr'><strong>Quorum</strong></span> <span class='ocrx_word' id='word_1_202' title='bbox 1178 2553 1273 2614; x_wconf 89' lang='lat' dir='ltr'><strong>monita</strong></span> <span class='ocrx_word' id='word_1_203' title='bbox 1313 2617 1314 2624; x_wconf 8' lang='grc' dir='ltr'>χ</span> 
     </span>
     <span class='ocr_line' id='line_1_28' title="bbox 196 2635 1072 2718; baseline -0.005 -16"><span class='ocrx_word' id='word_1_204' title='bbox 196 2649 303 2709; x_wconf 84' lang='lat' dir='ltr'><strong>utrum</strong></span> <span class='ocrx_word' id='word_1_205' title='bbox 323 2638 466 2717; x_wconf 88' lang='lat' dir='ltr'><strong>recipere</strong></span> <span class='ocrx_word' id='word_1_206' title='bbox 482 2635 582 2711; x_wconf 79' lang='lat' dir='ltr'><strong>velit,</strong></span> <span class='ocrx_word' id='word_1_207' title='bbox 604 2637 709 2696; x_wconf 86' lang='lat' dir='ltr'><strong>adhuc.</strong></span> <span class='ocrx_word' id='word_1_208' title='bbox 735 2637 919 2718; x_wconf 80' lang='lat' dir='ltr'><strong>ambiguum</strong></span> <span class='ocrx_word' id='word_1_209' title='bbox 938 2649 1072 2698; x_wconf 87' lang='lat' dir='ltr'><strong>constat.</strong></span> 
     </span>
    </p>

    <p class='ocr_par' dir='ltr' id='par_1_12' title="bbox 185 2715 1273 2800">
     <span class='ocr_line' id='line_1_29' title="bbox 185 2715 1273 2800; baseline -0.008 -20"><span class='ocrx_word' id='word_1_210' title='bbox 185 2789 188 2796; x_wconf 68' lang='lat'><em>,</em></span> <span class='ocrx_word' id='word_1_211' title='bbox 277 2721 336 2781; x_wconf 88' lang='lat' dir='ltr'><strong>Vl.</strong></span> <span class='ocrx_word' id='word_1_212' title='bbox 380 2722 501 2782; x_wconf 89' lang='lat' dir='ltr'><strong>Verum</strong></span> <span class='ocrx_word' id='word_1_213' title='bbox 516 2719 592 2799; x_wconf 90' lang='lat' dir='ltr'><strong>quia</strong></span> <span class='ocrx_word' id='word_1_214' title='bbox 609 2722 768 2800; x_wconf 86' lang='lat' dir='ltr'><strong>praefatus</strong></span> <span class='ocrx_word' id='word_1_215' title='bbox 786 2719 854 2779; x_wconf 84' lang='lat' dir='ltr'><strong>Leo</strong></span> <span class='ocrx_word' id='word_1_216' title='bbox 868 2718 1063 2780; x_wconf 88' lang='lat' dir='ltr'><strong>Gabiuensis</strong></span> <span class='ocrx_word' id='word_1_217' title='bbox 1083 2715 1273 2780; x_wconf 84' lang='lat' dir='ltr'><strong>reverentissi·</strong></span> 
     </span>
    </p>

    <p class='ocr_par' dir='ltr' id='par_1_13' title="bbox 173 2797 1314 3050">
     <span class='ocr_line' id='line_1_30' title="bbox 173 2797 1275 2884; baseline -0.007 -20"><span class='ocrx_word' id='word_1_218' title='bbox 173 2870 177 2880; x_wconf 46' lang='grc'>,</span> <span class='ocrx_word' id='word_1_219' title='bbox 197 2827 267 2866; x_wconf 87' lang='lat' dir='ltr'><strong>mus</strong></span> <span class='ocrx_word' id='word_1_220' title='bbox 287 2803 464 2884; x_wconf 82' lang='lat' dir='ltr'><strong>Episcopus</strong></span> <span class='ocrx_word' id='word_1_221' title='bbox 485 2810 517 2860; x_wconf 89' lang='lat' dir='ltr'><strong>et</strong></span> <span class='ocrx_word' id='word_1_222' title='bbox 531 2812 660 2861; x_wconf 87' lang='lat' dir='ltr'><strong>sanctae</strong></span> <span class='ocrx_word' id='word_1_223' title='bbox 675 2803 834 2862; x_wconf 82' lang='lat' dir='ltr'><strong>Romanae</strong></span> <span class='ocrx_word' id='word_1_224' title='bbox 850 2801 1013 2862; x_wconf 86' lang='lat' dir='ltr'><strong>Eoclesiae</strong></span> <span class='ocrx_word' id='word_1_225' title='bbox 1036 2804 1150 2862; x_wconf 86' lang='lat' dir='ltr'><strong>Missus</strong></span> <span class='ocrx_word' id='word_1_226' title='bbox 1167 2810 1195 2860; x_wconf 91' lang='lat' dir='ltr'><strong>et</strong></span> <span class='ocrx_word' id='word_1_227' title='bbox 1211 2797 1275 2878; x_wconf 80' lang='lat' dir='ltr'><strong>Apo·</strong></span> 
     </span>
     <span class='ocr_line' id='line_1_31' title="bbox 194 2883 1274 2967; baseline -0.006 -18"><span class='ocrx_word' id='word_1_228' title='bbox 194 2887 374 2961; x_wconf 66' lang='lat' dir='ltr'><strong>erimarias,</strong></span> <span class='ocrx_word' id='word_1_229' title='bbox 396 2905 452 2944; x_wconf 91' lang='lat' dir='ltr'><strong>seu</strong></span> <span class='ocrx_word' id='word_1_230' title='bbox 482 2891 513 2942; x_wconf 89' lang='lat' dir='ltr'><strong>et</strong></span> <span class='ocrx_word' id='word_1_231' title='bbox 539 2885 655 2944; x_wconf 88' lang='lat' dir='ltr'><strong>Petrus</strong></span> <span class='ocrx_word' id='word_1_232' title='bbox 685 2883 993 2966; x_wconf 86' lang='lat' dir='ltr'><strong>Forosemproniatis</strong></span> <span class='ocrx_word' id='word_1_233' title='bbox 1021 2885 1211 2967; x_wconf 81' lang='lat' dir='ltr'><strong>Episcopus,</strong></span> <span class='ocrx_word' id='word_1_234' title='bbox 1231 2900 1274 2961; x_wconf 76' lang='lat' dir='ltr'><strong>pro</strong></span> 
     </span>
     <span class='ocr_line' id='line_1_32' title="bbox 195 2965 1314 3050; baseline -0.005 -24"><span class='ocrx_word' id='word_1_235' title='bbox 195 2969 386 3050; x_wconf 88' lang='lat' dir='ltr'><strong>quibusdam</strong></span> <span class='ocrx_word' id='word_1_236' title='bbox 413 2965 602 3026; x_wconf 88' lang='lat' dir='ltr'><strong>utilitatibus</strong></span> <span class='ocrx_word' id='word_1_237' title='bbox 624 2965 849 3029; x_wconf 86' lang='lat' dir='ltr'><strong>ecclesiasticis</strong></span> <span class='ocrx_word' id='word_1_238' title='bbox 869 2967 987 3028; x_wconf 90' lang='lat' dir='ltr'><strong>morari</strong></span> <span class='ocrx_word' id='word_1_239' title='bbox 1010 2967 1067 3027; x_wconf 91' lang='lat' dir='ltr'><strong>hic</strong></span> <span class='ocrx_word' id='word_1_240' title='bbox 1091 2967 1206 3028; x_wconf 88' lang='lat' dir='ltr'><strong>diutius</strong></span> <span class='ocrx_word' id='word_1_241' title='bbox 1226 2982 1273 3026; x_wconf 89' lang='lat' dir='ltr'><strong>ue-</strong></span> <span class='ocrx_word' id='word_1_242' title='bbox 1313 2979 1314 2982; x_wconf 73' lang='grc'>’</span> 
     </span>
    </p>

    <p class='ocr_par' dir='ltr' id='par_1_14' title="bbox 171 3043 1274 3131">
     <span class='ocr_line' id='line_1_33' title="bbox 171 3043 1274 3131; baseline -0.008 -22"><span class='ocrx_word' id='word_1_243' title='bbox 171 3043 338 3131; x_wconf 47' lang='lat' dir='ltr'><strong>⁴qnennt,</strong></span> <span class='ocrx_word' id='word_1_244' title='bbox 370 3069 475 3127; x_wconf 91' lang='lat' dir='ltr'><strong>neque</strong></span> <span class='ocrx_word' id='word_1_245' title='bbox 497 3048 673 3130; x_wconf 82' lang='lat' dir='ltr'><strong>Episcopus</strong></span> <span class='ocrx_word' id='word_1_246' title='bbox 694 3049 733 3108; x_wconf 90' lang='lat' dir='ltr'><strong>de</strong></span> <span class='ocrx_word' id='word_1_247' title='bbox 758 3049 939 3129; x_wconf 77' lang='lat' dir='ltr'><strong>longinquo</strong></span> <span class='ocrx_word' id='word_1_248' title='bbox 968 3050 1138 3110; x_wconf 79' lang='lat' dir='ltr'><strong>venientes</strong></span> <span class='ocrx_word' id='word_1_249' title='bbox 1165 3046 1274 3124; x_wconf 69' lang='lat' dir='ltr'><strong>fatigare</strong></span> 
     </span>
    </p>

    <p class='ocr_par' dir='ltr' id='par_1_15' title="bbox 138 3129 1314 3299">
     <span class='ocr_line' id='line_1_34' title="bbox 138 3129 1273 3212; baseline -0.009 -21"><span class='ocrx_word' id='word_1_250' title='bbox 138 3160 139 3164; x_wconf 42' lang='lat'>¹</span> <span class='ocrx_word' id='word_1_251' title='bbox 194 3131 322 3212; x_wconf 76' lang='lat' dir='ltr'><strong>lougius</strong></span> <span class='ocrx_word' id='word_1_252' title='bbox 346 3129 560 3212; x_wconf 68' lang='lat' dir='ltr'><strong>dignumst,</strong></span> <span class='ocrx_word' id='word_1_253' title='bbox 584 3131 796 3193; x_wconf 87' lang='lat' dir='ltr'><strong>decreverunt</strong></span> <span class='ocrx_word' id='word_1_254' title='bbox 818 3131 995 3191; x_wconf 85' lang='lat' dir='ltr'><strong>Iohannem</strong></span> <span class='ocrx_word' id='word_1_255' title='bbox 1011 3134 1273 3191; x_wconf 87' lang='lat' dir='ltr'><strong>Tuscanensemct</strong></span> 
     </span>
     <span class='ocr_line' id='line_1_35' title="bbox 195 3212 1314 3299; baseline -0.012 -22"><span class='ocrx_word' id='word_1_256' title='bbox 195 3213 375 3277; x_wconf 86' lang='lat' dir='ltr'><strong>lohannem</strong></span> <span class='ocrx_word' id='word_1_257' title='bbox 391 3212 562 3272; x_wconf 86' lang='lat' dir='ltr'><strong>Aretinum</strong></span> <span class='ocrx_word' id='word_1_258' title='bbox 580 3215 780 3276; x_wconf 72' lang='lat' dir='ltr'><strong>venerandos</strong></span> <span class='ocrx_word' id='word_1_259' title='bbox 802 3213 997 3297; x_wconf 88' lang='lat' dir='ltr'><strong>Episcopos,</strong></span> <span class='ocrx_word' id='word_1_260' title='bbox 1022 3215 1082 3293; x_wconf 92' lang='lat' dir='ltr'><strong>qui</strong></span> <span class='ocrx_word' id='word_1_261' title='bbox 1105 3213 1273 3299; x_wconf 79' lang='lat' dir='ltr'><strong>legationem</strong></span> <span class='ocrx_word' id='word_1_262' title='bbox 1313 3283 1314 3290; x_wconf 8' lang='grc' dir='ltr'>ἵ</span> 
     </span>
    </p>

    <p class='ocr_par' dir='ltr' id='par_1_16' title="bbox 169 3294 1314 3380">
     <span class='ocr_line' id='line_1_36' title="bbox 169 3294 1272 3380; baseline -0.005 -25"><span class='ocrx_word' id='word_1_263' title='bbox 169 3369 173 3375; x_wconf 33' lang='grc'>,</span> <span class='ocrx_word' id='word_1_264' title='bbox 193 3297 410 3380; x_wconf 87' lang='lat' dir='ltr'><strong>praefatorum</strong></span> <span class='ocrx_word' id='word_1_265' title='bbox 425 3294 544 3376; x_wconf 86' lang='lat' dir='ltr'><strong>pariter</strong></span> <span class='ocrx_word' id='word_1_266' title='bbox 560 3317 633 3356; x_wconf 90' lang='lat' dir='ltr'><strong>cum</strong></span> <span class='ocrx_word' id='word_1_267' title='bbox 645 3296 746 3376; x_wconf 88' lang='lat' dir='ltr'><strong>priori</strong></span> <span class='ocrx_word' id='word_1_268' title='bbox 759 3296 915 3376; x_wconf 79' lang='lat' dir='ltr'><strong>legatione</strong></span> <span class='ocrx_word' id='word_1_269' title='bbox 928 3296 1152 3378; x_wconf 87' lang='lat' dir='ltr'><strong>suscipientes,</strong></span> <span class='ocrx_word' id='word_1_270' title='bbox 1163 3317 1195 3354; x_wconf 89' lang='lat' dir='ltr'><strong>ea</strong></span> <span class='ocrx_word' id='word_1_271' title='bbox 1209 3310 1272 3372; x_wconf 89' lang='lat' dir='ltr'><strong>quae</strong></span> 
     </span>
    </p>

    <p class='ocr_par' dir='ltr' id='par_1_17' title="bbox 169 3376 1314 3708">
     <span class='ocr_line' id='line_1_37' title="bbox 169 3376 1314 3464; baseline -0.005 -26"><span class='ocrx_word' id='word_1_272' title='bbox 169 3441 174 3453; x_wconf 40' lang='lat'>¹</span> <span class='ocrx_word' id='word_1_273' title='bbox 194 3379 377 3464; x_wconf 81' lang='lat' dir='ltr'><strong>peragenda</strong></span> <span class='ocrx_word' id='word_1_274' title='bbox 393 3386 480 3453; x_wconf 89' lang='lat' dir='ltr'><strong>sunt,</strong></span> <span class='ocrx_word' id='word_1_275' title='bbox 498 3399 571 3438; x_wconf 91' lang='lat' dir='ltr'><strong>cnm</strong></span> <span class='ocrx_word' id='word_1_276' title='bbox 588 3377 720 3438; x_wconf 86' lang='lat' dir='ltr'><strong>caeteris</strong></span> <span class='ocrx_word' id='word_1_277' title='bbox 737 3377 921 3460; x_wconf 87' lang='lat' dir='ltr'><strong>Episcopis,</strong></span> <span class='ocrx_word' id='word_1_278' title='bbox 945 3401 1026 3460; x_wconf 88' lang='lat' dir='ltr'><strong>quos</strong></span> <span class='ocrx_word' id='word_1_279' title='bbox 1046 3376 1201 3442; x_wconf 83' lang='lat' dir='ltr'><strong>corumuni</strong></span> <span class='ocrx_word' id='word_1_280' title='bbox 1215 3393 1273 3433; x_wconf 89' lang='lat' dir='ltr'><strong>con·</strong></span> <span class='ocrx_word' id='word_1_281' title='bbox 1313 3387 1314 3396; x_wconf 59' lang='lat'>¹</span> 
     </span>
     <span class='ocr_line' id='line_1_38' title="bbox 194 3458 1314 3544; baseline -0.01 -20"><span class='ocrx_word' id='word_1_282' title='bbox 194 3483 289 3524; x_wconf 87' lang='lat' dir='ltr'><strong>sensu</strong></span> <span class='ocrx_word' id='word_1_283' title='bbox 313 3460 583 3542; x_wconf 81' lang='lat' dir='ltr'><strong>elege1·int,viee</strong></span> <span class='ocrx_word' id='word_1_284' title='bbox 608 3459 749 3520; x_wconf 89' lang='lat' dir='ltr'><strong>omnium</strong></span> <span class='ocrx_word' id='word_1_285' title='bbox 776 3461 1032 3544; x_wconf 87' lang='lat' dir='ltr'><strong>Episcoporum‚</strong></span> <span class='ocrx_word' id='word_1_286' title='bbox 1062 3458 1211 3544; x_wconf 88' lang='lat' dir='ltr'><strong>quicquid</strong></span> <span class='ocrx_word' id='word_1_287' title='bbox 1229 3475 1273 3515; x_wconf 88' lang='lat' dir='ltr'><strong>seu</strong></span> <span class='ocrx_word' id='word_1_288' title='bbox 1313 3465 1314 3484; x_wconf 67' lang='lat'>¹</span> 
     </span>
     <span class='ocr_line' id='line_1_39' title="bbox 196 3539 1271 3622; baseline -0.007 -18"><span class='ocrx_word' id='word_1_289' title='bbox 196 3545 230 3604; x_wconf 90' lang='lat' dir='ltr'><strong>iu</strong></span> <span class='ocrx_word' id='word_1_290' title='bbox 255 3544 420 3622; x_wconf 81' lang='lat' dir='ltr'><strong>evocando</strong></span> <span class='ocrx_word' id='word_1_291' title='bbox 448 3565 507 3603; x_wconf 90' lang='lat' dir='ltr'><strong>seu</strong></span> <span class='ocrx_word' id='word_1_292' title='bbox 535 3543 568 3601; x_wconf 93' lang='lat' dir='ltr'><strong>in</strong></span> <span class='ocrx_word' id='word_1_293' title='bbox 600 3545 873 3622; x_wconf 83' lang='lat' dir='ltr'><strong>contemptoribus</strong></span> <span class='ocrx_word' id='word_1_294' title='bbox 905 3543 1056 3604; x_wconf 87' lang='lat' dir='ltr'><strong>feriendo</strong></span> <span class='ocrx_word' id='word_1_295' title='bbox 1091 3539 1271 3607; x_wconf 83' lang='lat' dir='ltr'><strong>definierint,</strong></span> 
     </span>
     <span class='ocr_line' id='line_1_40' title="bbox 194 3618 1273 3708; baseline -0.007 -20"><span class='ocrx_word' id='word_1_296' title='bbox 194 3627 367 3707; x_wconf 83' lang='lat' dir='ltr'><strong>apostolica</strong></span> <span class='ocrx_word' id='word_1_297' title='bbox 394 3625 580 3704; x_wconf 87' lang='lat' dir='ltr'><strong>anctoritate</strong></span> <span class='ocrx_word' id='word_1_298' title='bbox 597 3625 699 3685; x_wconf 90' lang='lat' dir='ltr'><strong>libere</strong></span> <span class='ocrx_word' id='word_1_299' title='bbox 717 3625 890 3703; x_wconf 84' lang='lat' dir='ltr'><strong>definiant,</strong></span> <span class='ocrx_word' id='word_1_300' title='bbox 914 3637 945 3688; x_wconf 88' lang='lat' dir='ltr'><strong>et</strong></span> <span class='ocrx_word' id='word_1_301' title='bbox 958 3627 1120 3708; x_wconf 88' lang='lat' dir='ltr'><strong>quicquid</strong></span> <span class='ocrx_word' id='word_1_302' title='bbox 1133 3624 1189 3707; x_wconf 90' lang='lat' dir='ltr'><strong>ipsi</strong></span> <span class='ocrx_word' id='word_1_303' title='bbox 1205 3618 1273 3682; x_wconf 85' lang='lat' dir='ltr'><strong>deli-</strong></span> 
     </span>
    </p>

    <p class='ocr_par' dir='ltr' id='par_1_18' title="bbox 170 3707 1273 3940">
     <span class='ocr_line' id='line_1_41' title="bbox 170 3707 1271 3790; baseline -0.008 -24"><span class='ocrx_word' id='word_1_304' title='bbox 170 3781 172 3786; x_wconf 24' lang='lat'>·</span> <span class='ocrx_word' id='word_1_305' title='bbox 194 3708 396 3784; x_wconf 86' lang='lat' dir='ltr'><strong>beraverint,</strong></span> <span class='ocrx_word' id='word_1_306' title='bbox 420 3718 452 3768; x_wconf 88' lang='lat' dir='ltr'><strong>et</strong></span> <span class='ocrx_word' id='word_1_307' title='bbox 467 3711 611 3768; x_wconf 89' lang='lat' dir='ltr'><strong>Domnus</strong></span> <span class='ocrx_word' id='word_1_308' title='bbox 627 3707 829 3790; x_wconf 84' lang='lat' dir='ltr'><strong>Apostolieus</strong></span> <span class='ocrx_word' id='word_1_309' title='bbox 845 3731 918 3772; x_wconf 89' lang='lat' dir='ltr'><strong>cum</strong></span> <span class='ocrx_word' id='word_1_310' title='bbox 939 3708 1027 3769; x_wconf 90' lang='lat' dir='ltr'><strong>omui</strong></span> <span class='ocrx_word' id='word_1_311' title='bbox 1046 3717 1154 3770; x_wconf 86' lang='lat' dir='ltr'><strong>sancta</strong></span> <span class='ocrx_word' id='word_1_312' title='bbox 1175 3709 1271 3766; x_wconf 87' lang='lat' dir='ltr'><strong>Roma-</strong></span> 
     </span>
     <span class='ocr_line' id='line_1_42' title="bbox 194 3791 1273 3878; baseline -0.006 -31"><span class='ocrx_word' id='word_1_313' title='bbox 194 3811 234 3849; x_wconf 89' lang='lat' dir='ltr'><strong>na</strong></span> <span class='ocrx_word' id='word_1_314' title='bbox 250 3791 395 3852; x_wconf 81' lang='lat' dir='ltr'><strong>Ecclesia</strong></span> <span class='ocrx_word' id='word_1_315' title='bbox 413 3791 639 3854; x_wconf 85' lang='lat' dir='ltr'><strong>determinabit</strong></span> <span class='ocrx_word' id='word_1_316' title='bbox 657 3802 687 3852; x_wconf 89' lang='lat' dir='ltr'><strong>et</strong></span> <span class='ocrx_word' id='word_1_317' title='bbox 704 3791 737 3850; x_wconf 85' lang='lat' dir='ltr'><strong>in</strong></span> <span class='ocrx_word' id='word_1_318' title='bbox 760 3801 952 3878; x_wconf 84' lang='lat' dir='ltr'><strong>perpetuum</strong></span> <span class='ocrx_word' id='word_1_319' title='bbox 971 3813 1156 3855; x_wconf 87' lang='lat' dir='ltr'><strong>mansurum</strong></span> <span class='ocrx_word' id='word_1_320' title='bbox 1176 3791 1273 3848; x_wconf 89' lang='lat' dir='ltr'><strong>statuet</strong></span> 
     </span>
     <span class='ocr_line' id='line_1_43' title="bbox 193 3874 1142 3940; baseline 0.001 -7"><span class='ocrx_word' id='word_1_321' title='bbox 193 3874 388 3940; x_wconf 75' lang='lat' dir='ltr'><strong>etfirmalsit.</strong></span> <span class='ocrx_word' id='word_1_322' title='bbox 752 3877 753 3885; x_wconf 71' lang='grc'>’</span> <span class='ocrx_word' id='word_1_323' title='bbox 1138 3903 1142 3911; x_wconf 96' lang='grc'><em>·</em></span> 
     </span>
    </p>

    <p class='ocr_par' dir='ltr' id='par_1_19' title="bbox 275 3951 1273 4040">
     <span class='ocr_line' id='line_1_44' title="bbox 275 3951 1273 4040; baseline -0.008 -24"><span class='ocrx_word' id='word_1_324' title='bbox 275 3957 348 4016; x_wconf 89' lang='lat' dir='ltr'><strong>Vll.</strong></span> <span class='ocrx_word' id='word_1_325' title='bbox 392 3959 484 4019; x_wconf 88' lang='lat' dir='ltr'><strong>Sicut</strong></span> <span class='ocrx_word' id='word_1_326' title='bbox 499 3951 654 4039; x_wconf 84' lang='lat' dir='ltr'><strong>Dominus</strong></span> <span class='ocrx_word' id='word_1_327' title='bbox 670 3959 755 4040; x_wconf 88' lang='lat' dir='ltr'><strong>Papa</strong></span> <span class='ocrx_word' id='word_1_328' title='bbox 775 3956 933 4030; x_wconf 85' lang='lat' dir='ltr'><strong>lohannes</strong></span> <span class='ocrx_word' id='word_1_329' title='bbox 953 3955 1076 4029; x_wconf 85' lang='lat' dir='ltr'><strong>sanxit,</strong></span> <span class='ocrx_word' id='word_1_330' title='bbox 1099 3951 1273 4015; x_wconf 79' lang='lat' dir='ltr'><strong>connivente</strong></span> 
     </span>
    </p>

    <p class='ocr_par' dir='ltr' id='par_1_20' title="bbox 164 4033 1273 4370">
     <span class='ocr_line' id='line_1_45' title="bbox 164 4033 1273 4120; baseline -0.006 -24"><span class='ocrx_word' id='word_1_331' title='bbox 164 4105 168 4112; x_wconf 26' lang='grc'>1</span> <span class='ocrx_word' id='word_1_332' title='bbox 194 4047 226 4096; x_wconf 82' lang='lat' dir='ltr'><strong>et</strong></span> <span class='ocrx_word' id='word_1_333' title='bbox 242 4041 463 4102; x_wconf 88' lang='lat' dir='ltr'><strong>consentiente</strong></span> <span class='ocrx_word' id='word_1_334' title='bbox 484 4050 516 4102; x_wconf 88' lang='lat' dir='ltr'><strong>et</strong></span> <span class='ocrx_word' id='word_1_335' title='bbox 531 4037 788 4101; x_wconf 77' lang='lat' dir='ltr'><strong>condecernente</strong></span> <span class='ocrx_word' id='word_1_336' title='bbox 803 4044 930 4100; x_wconf 91' lang='lat' dir='ltr'><strong>Domno</strong></span> <span class='ocrx_word' id='word_1_337' title='bbox 950 4049 982 4098; x_wconf 91' lang='lat' dir='ltr'><strong>et</strong></span> <span class='ocrx_word' id='word_1_338' title='bbox 998 4033 1273 4120; x_wconf 79' lang='lat' dir='ltr'><strong>gloriosissimolla·</strong></span> 
     </span>
     <span class='ocr_line' id='line_1_46' title="bbox 194 4114 1273 4204; baseline -0.008 -26"><span class='ocrx_word' id='word_1_339' title='bbox 194 4121 265 4179; x_wconf 89' lang='lat' dir='ltr'><strong>rolo</strong></span> <span class='ocrx_word' id='word_1_340' title='bbox 299 4123 645 4204; x_wconf 82' lang='lat' dir='ltr'><strong>Imperatore&#39;semper</strong></span> <span class='ocrx_word' id='word_1_341' title='bbox 674 4122 838 4204; x_wconf 83' lang='lat' dir='ltr'><strong>Augusto,</strong></span> <span class='ocrx_word' id='word_1_342' title='bbox 866 4121 1050 4202; x_wconf 80' lang='lat' dir='ltr'><strong>Ansigisum</strong></span> <span class='ocrx_word' id='word_1_343' title='bbox 1074 4114 1273 4180; x_wconf 83' lang='lat' dir='ltr'><strong>venerabilem</strong></span> 
     </span>
     <span class='ocr_line' id='line_1_47' title="bbox 193 4197 1271 4287; baseline 0.001 -28"><span class='ocrx_word' id='word_1_344' title='bbox 193 4197 410 4286; x_wconf 74' lang='lat' dir='ltr'><strong>Episcopum,</strong></span> <span class='ocrx_word' id='word_1_345' title='bbox 433 4209 599 4268; x_wconf 89' lang='lat' dir='ltr'><strong>Senonum</strong></span> <span class='ocrx_word' id='word_1_346' title='bbox 615 4204 916 4287; x_wconf 87' lang='lat' dir='ltr'><strong>Arcbiepiscopum,</strong></span> <span class='ocrx_word' id='word_1_347' title='bbox 938 4227 1028 4266; x_wconf 89' lang='lat' dir='ltr'><strong>suam</strong></span> <span class='ocrx_word' id='word_1_348' title='bbox 1051 4203 1153 4264; x_wconf 83' lang='lat' dir='ltr'><strong>vicem</strong></span> <span class='ocrx_word' id='word_1_349' title='bbox 1179 4209 1271 4257; x_wconf 78' lang='lat' dir='ltr'><strong>tenere</strong></span> 
     </span>
     <span class='ocr_line' id='line_1_48' title="bbox 193 4277 1272 4370; baseline -0.002 -23"><span class='ocrx_word' id='word_1_350' title='bbox 193 4289 225 4347; x_wconf 77' lang='lat' dir='ltr'><strong>a</strong></span> <span class='ocrx_word' id='word_1_351' title='bbox 243 4285 413 4370; x_wconf 76' lang='lat' dir='ltr'><strong>primatum</strong></span> <span class='ocrx_word' id='word_1_352' title='bbox 436 4288 464 4351; x_wconf 89' lang='lat' dir='ltr'><strong>ei</strong></span> <span class='ocrx_word' id='word_1_353' title='bbox 488 4289 667 4354; x_wconf 81' lang='lat' dir='ltr'><strong>Galliae-et</strong></span> <span class='ocrx_word' id='word_1_354' title='bbox 685 4287 872 4352; x_wconf 81' lang='lat' dir='ltr'><strong>Germaniae</strong></span> <span class='ocrx_word' id='word_1_355' title='bbox 904 4285 1042 4353; x_wconf 84' lang='lat' dir='ltr'><strong>eontulit</strong></span> <span class='ocrx_word' id='word_1_356' title='bbox 1069 4287 1101 4351; x_wconf 83' lang='lat' dir='ltr'><strong>in</strong></span> <span class='ocrx_word' id='word_1_357' title='bbox 1129 4277 1272 4346; x_wconf 66' lang='lat' dir='ltr'><strong>evocanda</strong></span> 
     </span>
    </p>
   </div>
   <div class='ocr_carea' id='block_1_3' title="bbox 0 0 1334 4980">
    <p class='ocr_par' dir='ltr' id='par_1_21' title="bbox 0 0 1334 4980">
     <span class='ocr_line' id='line_1_49' title="bbox 0 0 1334 4980; baseline 0 0"><span class='ocrx_word' id='word_1_358' title='bbox 0 0 1334 4980; x_wconf 95' lang='lat' dir='ltr'><strong> </strong></span> 
     </span>
    </p>
   </div>
  </div>
 </body>
</html>
