2712 4992
467 335 569 390 arnna
587 333 772 392 secaneos
1120 307 1191 385 331

549 475 631 548 Item
651 475 726 551 elia,
823 531 825 538 ,

169 555 296 624 XXVI.
338 557 477 620 Domino
493 579 551 619 suo
571 557 712 618 illeille.
754 557 888 620 Constat
905 575 955 616 me
982 555 1001 616 I
1028 553 1119 620 vobis
1137 574 1192 618 ac·

68 641 211 725 cepisse
225 653 258 706 et
274 639 419 722 accipere
442 641 558 704 debere
574 649 608 700 ct
631 639 744 717 debeo,
766 640 828 702 boc
850 647 908 716 est,
929 637 1050 701 solidos
1066 646 1190 707 tantem

66 746 145 808 pro
169 745 251 806 quos
280 723 398 784 solidos
420 726 563 806 spondeo
584 745 656 798 me,
678 721 824 802 quandiu
844 721 928 802 ipsos
947 731 1020 802 post
1037 743 1088 782 me
1110 718 1192 782 retis

69 828 216 885 nuere,
239 805 332 866 annis
351 806 487 887 singulis
516 804 735 888 persingulas
757 804 877 865 solidos
899 803 1043 885 singulos
1057 803 1192 866 triantes

68 889 203 950 vestris
221 889 365 971 partibus
389 909 456 950 esse
475 888 685 950 redditurum.
727 887 770 948 Et
786 886 814 947 si
829 886 892 948 hoc
908 887 1015 958 faeere
1030 895 1196 966 contemps

71 993 177 1049 sero,
201 981 256 1032 aut
271 971 388 1031 exinde
415 972 590 1054 neglegens
613 991 809 1052 apparuero,
832 969 872 1029 ad
899 968 1036 1050 duplum
1054 969 1123 1050 ipso
1141 967 1194 1028 lo·

74 1055 176 1116 cario
196 1053 284 1116 vobis
297 1051 434 1114 reddere
460 1054 613 1136 spondeo.
654 1055 696 1126 Et
717 1050 878 1133 quomodo
893 1052 933 1112 de
960 1073 1030 1112 mea
1045 1049 1191 1133 proprie-

76 1146 154 1196 tate
175 1136 258 1218 ipsos
278 1135 398 1198 solidos
419 1147 542 1200 vestros
559 1136 695 1203 reddere
717 1143 872 1219 potuero,
892 1133 978 1197 lianc
1010 1134 1194 1204 cautionem

84 1220 105 1284 a
128 1219 219 1282 vobis
238 1218 403 1303 recipiam.

551 1350 632 1412 Item
661 1351 736 1418 αἶῖα.

171 1461 315 1531 XXVII.
354 1464 493 1532 Domino
515 1463 606 1525 fratri
622 1464 680 1524 illo
695 1465 763 1526 ille.
790 1467 958 1542 Quatenus
972 1464 990 1526 t
1006 1461 1195 1526 necessitate

82 1567 163 1613 mea
179 1548 360 1631 supplendo
379 1548 498 1610 solidos
516 1557 636 1610 vestros
657 1567 791 1608 numero
815 1558 929 1613 tantos,
945 1547 1025 1607 milri
1041 1548 1083 1610 ad
1099 1546 1197 1606 bene

80 1630 201 1692 ficium
222 1630 432 1713 praestitisti,
455 1631 528 1691 ideo
546 1631 636 1691 iuxta
651 1631 740 1712 quod
755 1630 836 1690 mihi
863 1630 1055 1713 aptificavit,
1088 1629 1198 1692 taliter

78 1715 255 1776 inter'nos
276 1714 446 1791 convenit,
469 1722 506 1774 at
539 1713 615 1774 dum
635 1713 719 1795 ipsos
749 1713 869 1775 solidos
898 1712 939 1774 de
964 1735 1036 1774 meo
1063 1710 1196 1796 proprio

79 1795 228 1858 reddere
252 1805 409 1878 potuero,
431 1796 499 1866 dies
524 1802 628 1860 tantos
643 1797 676 1856 in
696 1818 889 1878 unaquaque
905 1794 1103 1857 hebdomada
1127 1813 1197 1855 sers-

80 1878 170 1938 vitio
192 1889 309 1954 vestro,
332 1881 427 1961 quale
442 1877 521 1938 mihi
538 1899 594 1940 vos
616 1889 670 1939 aut
688 1888 817 1960 agentes
842 1878 940 1939 vestri
969 1875 1196 1952 iniunxeritis,

83 1965 198 2022 facere
220 1962 364 2026 debeam.
406 1961 502 2039 Quod
521 1960 547 2022 si
569 1962 687 2022 exinde
701 1961 868 2043 negligens
888 1969 943 2022 aut
967 1961 1078 2022 tardus
1097 1979 1196 2042 appa-

85 2063 204 2119 ruero,
228 2044 393 2106 licentiam
410 2044 552 2105 habeatis
566 2043 648 2106 sicut
667 2055 701 2106 et
714 2054 856 2105 caeteros
876 2043 1053 2108 servientes
1074 2051 1196 2105 vestros

89 2125 297 2208 disciplinam
311 2128 511 2210 corporalem
528 2126 705 2210 imponere.
745 2127 788 2188 Et
801 2127 963 2207 quomodo
986 2126 1106 2187 solidos
1121 2146 1195 2188 ves·

86 2218 156 2270 tros
175 2209 313 2270 reddere
333 2221 470 2293 potuero
483 2231 586 2271 meam
605 2209 790 2277 caufionem
803 2209 923 2293 absque
942 2209 1011 2272 ulla
1025 2217 1195 2274 evacuatu-

82 2290 132 2354 ria
148 2292 378 2358 intercedente
400 2291 563 2377 recipiam.

322 2426 385 2510 Qui
404 2445 436 2486 se
458 2426 493 2484 in
513 2425 642 2488 servitte
664 2425 794 2486 alterius
814 2425 977 2492 obnoxiat.

176 2539 339 2606 XXVIII.
380 2541 521 2602 Domino
538 2541 617 2600 mibi
630 2542 761 2624 proprio
783 2543 841 2604 illo
859 2543 927 2604 ille.
969 2543 1056 2607 Dum
1078 2549 1112 2602 et
1141 2539 1194 2602 in·

84 2625 228 2706 eligente
258 2624 460 2703 adversario,
492 2625 664 2706 fragilitate
698 2646 769 2685 mea
798 2626 1025 2709 praevalente,
1046 2622 1080 2682 in
1105 2642 1197 2685 casus

86 2727 207 2792 graves
229 2707 352 2784 cecidi,
375 2708 462 2769 unde
477 2708 589 2770 mortis¹
606 2707 788 2788 periculum
813 2709 983 2770 incurrere
1004 2715 1196 2788 potueram,

85 2791 146 2852 sed
173 2789 249 2849 dum
264 2799 382 2852 vestras
399 2789 498 2870 pietas
514 2812 564 2852 me
587 2791 649 2852 iam
665 2792 760 2850 morti
789 2791 1006 2852 adiudicatum
1030 2790 1070 2850 de
1095 2810 1197 2872 pecu-

86 2874 143 2932 nia
166 2881 271 2931 restra
290 2872 493 2949 redemistis,
514 2874 565 2934 vel
582 2894 640 2955 pro
661 2895 731 2936 mea
748 2875 870 2936 scelera
883 2895 934 2936 res
949 2882 1069 2935 vestras
1089 2893 1198 2953 quam·

87 2957 205 3038 plures
225 2953 379 3030 dedistis,
402 2964 435 3016 et
449 2976 509 3037 ego
531 2955 570 3016 de
588 2955 683 3015 rebus
707 2958 785 3018 meis
808 2957 895 3018 unde
916 2966 1022 3020 vestra
1040 2953 1200 3016 beneficia

88 3037 275 3118 rependere
294 3037 475 3107 debuissem
494 3059 559 3098 non
584 3038 705 3115 habeo,
729 3039 802 3104 ideo
827 3062 886 3123 pro
909 3039 973 3102 hoc
1002 3047 1118 3101 statum
1145 3037 1200 3096 in·

92 3119 268 3201 genuitatis
289 3141 378 3188 meae
398 3121 487 3182 tobis
509 3120 594 3186 visus
614 3142 684 3180 sum
713 3121 920 3200 obnoxiasse,
952 3123 996 3183 ita
1018 3131 1055 3182 ut
1076 3123 1115 3182 ab
1136 3120 1200 3182 hac

92 3203 148 3264 die
168 3203 207 3262 de
226 3211 331 3266 uestro
357 3203 490 3264 servitio
509 3205 636 3284 penitus
663 3225 727 3264 non
754 3205 931 3283 discedam,
959 3205 1017 3268 sed
1040 3202 1200 3286 quiequid

92 3283 216 3365 reliqui
235 3285 318 3345 servi
338 3286 434 3346 vestri
448 3285 591 3363 faciunt,
613 3307 672 3370 pro
691 3297 796 3348 vestro
822 3299 876 3349 aut
902 3288 1065 3370 agentium
1080 3297 1201 3350 vestro·

94 3389 169 3426 rum
188 3367 322 3447 imperio
339 3369 445 3430 lacere
459 3369 612 3450 spondeo.
655 3369 752 3444 Quod
768 3371 794 3430 si
820 3393 885 3432 non
912 3375 1041 3449 fecero,
1074 3378 1129 3430 aut
1148 3388 1200 3428 me

94 3471 155 3531 per
165 3451 334 3530 quodlibet
346 3450 513 3532 ingenium
528 3451 567 3512 de
585 3451 715 3512 servitio
731 3461 836 3514 vestro
853 3452 1037 3515 abstrahere
1052 3452 1201 3527 voluero,

100 3532 153 3592 vel
168 3533 347 3592 dominium
364 3533 495 3594 atterius
517 3544 667 3616 expetere
697 3545 751 3594 aut
776 3557 828 3597 res
854 3537 1017 3618 suscipere
1044 3535 1200 3611 voluero,

96 3614 264 3683 licentiam
279 3614 422 3678 habeatis
442 3615 520 3675 mibi
536 3618 793 3702 qualemcunque
810 3619 976 3680 volueritis
996 3618 1201 3700 disciplinam

98 3695 290 3778 imponere,
312 3700 364 3758 vel
381 3699 589 3774 venundare,
611 3709 665 3758 aut
680 3703 768 3780 quod
791 3701 881 3763 vobis
900 3701 1062 3784 placuerit
1085 3702 1126 3766 de
1148 3720 1200 3780 me

98 3780 217 3842 t'ucere.
257 3783 356 3842 Facta
379 3781 630 3863 obnoxiatione,
651 3791 749 3862 tunc,
773 3785 832 3848 sub
848 3785 899 3846 die
914 3785 983 3855 illo,

215 3907 331 3978 Charta
352 3910 391 3975 de
413 3911 597 3991 agnatz'one,
620 3913 648 3970 si
668 3934 780 3972 seruus
801 3913 966 3998 bigenerum
987 3916 1095 3980 trehit.
1128 3895 1131 3906 .

181 4023 310 4086 XXIX.
352 4025 457 4106 Igitur
484 4046 543 4108 ego
570 4026 602 4086 in
632 4025 692 4088 Dei
723 4027 853 4092 nomine
882 4028 959 4107 ille,
989 4031 1046 4091 illa
1069 4030 1202 4098 femine.

102 4106 259 4168 Omnibus
269 4129 341 4170 ¹non
358 4107 495 4168 liabetur
509 4109 709 4188 incognitum
730 4111 870 4192 qualiter
885 4133 998 4174 servus
1024 4136 1114 4176 meus
1140 4137 1202 4175 no·

101 4189 187 4250 ruine
210 4191 265 4250 ille
281 4197 311 4262 te
327 4190 445 4270 absque
464 4201 633 4272 pareatum
650 4194 701 4270 vel
720 4203 774 4253 tua
793 4195 956 4272 voluntate
973 4207 1064 4278 rapto
1077 4199 1202 4272 scelere

105 4268 136 4329 iu
160 4274 346 4355 coniugium
362 4273 514 4351 sociavit,
537 4285 569 4334 ct
588 4275 628 4338 ob
646 4273 707 4336 hoc
722 4276 805 4338 vitae
832 4277 1016 4362 pariendum
1033 4279 1202 4342 incurrere
