2658 4978
179 319 248 394 182
388 323 427 393 a.
452 333 533 393 can
635 331 873 392 cuntramnus
988 340 1046 406 aas.
1127 281 1129 286 Ι

177 481 330 544 iustitiam
351 485 384 542 et
417 494 530 561 pacem
555 471 687 553 babeat,
723 481 756 537 et
786 473 825 538 de
857 469 1032 539 latronibus
1064 480 1250 546 exturbandis

176 564 350 624 maximum
371 569 530 624 certamen
549 554 697 626 babeant,
738 557 782 618 Et
799 555 825 616 si
844 553 915 617 talis
930 557 1110 634 malefactor
1134 573 1183 626 aut
1204 567 1248 626 in-

175 646 282 708 fidelis
298 653 406 708 noster
421 639 587 702 emerserit
606 649 645 711 nt,
666 660 726 722 per
749 659 782 700 se
800 637 894 698 illum
916 639 1177 720 comprehendere
1195 649 1248 708 Co·

176 751 244 789 mes
263 729 296 788 in
329 747 387 786 suo
409 721 559 785 comitatu
594 742 658 781 nou
679 721 792 804 possit,
813 717 948 799 accipiat
970 721 1111 786 homines
1132 737 1189 786 tarn
1204 750 1250 789 no<

175 823 256 872 stros
280 831 377 892 quarn
402 806 635 886 Episcoporum
664 805 716 864 vel
748 801 906 864 Abbatnm
927 811 961 864 et
985 803 1206 870 Abbatissarum
1223 810 1249 884 in

176 913 235 956 sno
254 893 407 954 comitatu
420 895 677 964 commanentes,
700 895 732 946 et
749 883 795 945 sic
812 884 907 948 illum
937 900 1143 968 persequatur
1164 891 1251 952 donec

175 972 436 1056 comprehendat.
483 969 525 1028 Et
542 965 600 1048 qui
621 968 659 1036 ad
676 966 773 1030 talem
791 967 1031 1028 malefactorem
1054 972 1251 1054 accipiendum

175 1067 305 1119 vocatus
321 1053 443 1129 fuerit,
465 1060 499 1112 et
522 1069 555 1109 se
580 1049 655 1110 inde
671 1048 842 1110 retraxerit
861 1059 897 1108 ut
920 1049 961 1109 ad
990 1049 1052 1110 hoe
1082 1053 1252 1114 adiutorium

175 1159 241 1198 non
263 1145 412 1219 praestet,
435 1133 460 1194 si
477 1131 560 1192 liber
574 1127 670 1191 honio
690 1129 799 1207 fuerit,
820 1131 963 1191 bannum
979 1132 1167 1195 dominicum
1180 1158 1253 1196 com-

174 1228 288 1303 ponat;
312 1227 345 1277 et
361 1217 388 1277 si
410 1215 545 1276 colonus
560 1212 677 1291 fuerit,
699 1213 864 1294 sexaginta
880 1211 963 1274 ictus
981 1215 1123 1298 accipiat.
1172 1219 1209 1278 Et
1231 1217 1253 1278 si

179 1301 252 1363 talis
280 1299 467 1360 malefactor
501 1295 535 1354 in
577 1293 634 1354 illa
656 1295 882 1378 persecutione
914 1296 1038 1359 occisus
1067 1299 1177 1378 fuerit,
1208 1299 1254 1381 qui

176 1405 251 1445 eum
272 1381 430 1442 occiderit
449 1377 582 1440 leudem
600 1373 677 1439 inde
700 1397 765 1436 nou
784 1378 907 1454 solvat,
931 1387 964 1439 et
983 1380 1095 1441 nullus
1119 1382 1167 1441 illi
1191 1381 1254 1442 inde

176 1466 295 1526 faidam
311 1471 438 1544 portare
460 1467 650 1541 praesumat.
691 1457 788 1536 Quod
807 1459 920 1542 siquis
937 1461 1045 1522 faeere
1063 1484 1255 1545 praesumpse-

176 1547 230 1626 rit,
243 1567 302 1630 per
316 1554 421 1606 certos
438 1541 640 1602 fideiussores
654 1539 692 1601 ad
703 1549 842 1601 nostram
855 1543 1067 1622 praesentiam
1076 1547 1255 1627 perducatur.

262 1629 321 1693 lll.
360 1629 410 1688 De
430 1625 495 1684 illis
513 1622 624 1683 liberis
645 1621 832 1684 hominibus
852 1623 909 1705 qui
933 1623 1068 1686 infames
1089 1628 1140 1688 rel
1162 1628 1256 1688 clamo·

178 1709 242 1773 diei
257 1721 332 1771 sunt
349 1709 388 1770 de
406 1703 528 1769 testeiis
543 1704 597 1780 vel
619 1703 798 1766 latrociniis
824 1715 857 1766 et
881 1706 1108 1788 rapacitatibus
1129 1719 1159 1769 et
1177 1709 1257 1770 assal-
1324 1749 1327 1776 .

180 1793 261 1853 turis
281 1791 335 1853 vel
355 1790 396 1852 de
417 1785 607 1849 infidelitate
623 1795 747 1856 nostra,
782 1795 906 1848 etcum
928 1790 1017 1848 furto
1045 1811 1109 1850 non
1137 1784 1258 1872 compre·

179 1873 389 1950 laudantur,
421 1871 448 1932 si
475 1869 521 1930 eis
551 1868 614 1928 iam
643 1869 710 1928 vita
734 1867 910 1949 perdonata
930 1879 977 1930 est
1000 1882 1130 1953 propter
1146 1869 1257 1954 aliquod

179 1957 401 2031 malefactum,
424 1953 478 2013 frat
494 1949 533 2009 de
550 1949 616 2018 illis
633 1950 716 2017 sieut
727 1950 760 2009 in
778 1950 953 2032 Capitulari
975 1953 1028 2013 ari
1051 1963 1082 2014 et
1103 1955 1193 2036 patris
1210 1974 1257 2012 no·

178 2035 235 2100 stri
252 2037 438 2098 continetur
462 2035 496 2094 in
513 2031 597 2092 libro
619 2055 666 2099 111.
688 2031 830 2126 capitulo
847 2055 941 2099 xuvn.
963 2042 996 2093 et
1027 2034 1053 2094 si
1080 2035 1141 2095 iam
1165 2037 1200 2097 de
1223 2035 1258 2094 la·

180 2120 318 2181 trocinio
337 2117 453 2178 revicti
475 2123 571 2193 sunt,
593 2113 647 2174 liat
665 2115 705 2176 de
731 2113 797 2174 rllis
814 2115 898 2174 sieut
913 2115 953 2175 de
976 2116 1116 2183 revictis.
1161 2117 1192 2178 Si
1210 2137 1258 2175 aa·

177 2211 242 2262 tem
258 2201 323 2261 illis
347 2200 453 2260 adhue
468 2198 533 2260 vita
548 2197 724 2279 perdonata
741 2217 805 2255 non
826 2197 898 2274 fuit,
921 2205 954 2256 et
974 2198 1088 2258 revicti
1109 2204 1258 2270 nonsart,

180 2293 212 2344 et
228 2304 279 2344 res
302 2291 335 2343 et
356 2280 515 2363 mancipia
533 2280 587 2340 vel
608 2278 726 2338 mobile
746 2277 884 2356 habent,
915 2279 969 2341 liat
993 2280 1033 2340 de
1056 2281 1119 2343 illis
1138 2281 1211 2342 sicut
1229 2278 1257 2336 in

180 2374 295 2446 quarto
322 2364 405 2424 libro
429 2361 653 2444 Capituloruru
681 2359 823 2441 capitulo
845 2382 937 2440 ¹xurrr.
971 2361 1111 2441 dicitur,
1141 2356 1260 2424 eumad

181 2445 315 2506 mallum
328 2444 461 2507 Comitis
476 2442 636 2506 venerint.
659 2441 693 2503 Si
707 2451 814 2502 autem
829 2441 869 2502 ad
889 2444 1023 2502 mallum
1041 2465 1105 2504 non
1121 2443 1258 2520 venerint,

183 2529 390 2603 banniantur,
414 2536 448 2587 et
467 2545 525 2608 per
542 2545 594 2586 res
615 2534 647 2586 et
662 2523 821 2605 mancipia
835 2523 888 2585 vel
905 2525 1024 2585 mobile
1053 2526 1261 2606 distringantur
1325 2537 1326 2540 ’

180 2611 366 2671 utveniant.
388 2609 422 2668 Si
439 2619 545 2668 antem
560 2627 625 2665 non
639 2605 798 2683 venerint,
811 2604 865 2665 liat
880 2605 920 2666 de
934 2605 999 2667 ilns
1015 2607 1099 2668 sieut
1111 2609 1141 2666 in
1156 2605 1261 2689 Capitu-

93 2741 100 2750 .
182 2692 244 2754 lari
257 2692 451 2753 continetur.
472 2688 551 2751 Etsi
565 2699 635 2772 post
653 2688 969 2750 secundamComitis
990 2690 1219 2750 admonitionen
1230 2687 1260 2746 ad

184 2774 318 2836 mallum
331 2773 442 2836 venire
456 2772 632 2847 noluerint,
656 2770 752 2831 rebus
770 2789 882 2828 eornm
897 2769 930 2828 in
945 2771 1093 2831 bannum
1106 2771 1199 2831 missis
1219 2790 1261 2831 re·

179 2857 251 2917 nire
272 2866 304 2918 et
322 2855 476 2915 iustitiam
492 2853 628 2915 reddere
647 2850 889 2931 compellantur.
923 2854 966 2912 Et
983 2853 1009 2912 si
1028 2854 1101 2914 talis
1125 2863 1170 2914 est
1184 2871 1262 2934 quem

184 2949 239 2998 aut
258 2947 405 3021 parentes
428 2945 482 2995 aut
499 2933 630 3017 propter
647 2934 764 2994 faidam
781 2933 925 2994 homiues
948 2954 1097 2997 accusare
1120 2933 1260 2995 noluerint

181 3019 318 3080 autausi
331 3039 395 3076 non
408 3017 540 3096 fuerint,
554 3023 587 3076 et
600 3037 674 3077 eum
682 3016 849 3077 malefacto
860 3013 1262 3096 comprehensusnonsuerit

181 3110 214 3164 et
227 3101 407 3182 negaverit,
425 3099 512 3159 iuret
524 3119 598 3159 eum
618 3097 786 3158 duodecim
804 3097 918 3157 talibus
933 3099 1065 3176 francis,
1084 3119 1211 3180 quornm
1227 3104 1262 3154 te·

186 3182 373 3244 stimonium
390 3181 475 3262 leges
487 3180 635 3262 publicae
650 3200 714 3239 non
729 3179 882 3256 reiciunt,
897 3181 985 3262 quod
1002 3182 1146 3242 testeiam
1163 3179 1209 3242 vel
1225 3177 1262 3236 la-

182 3263 424 3336 trociniumxaut
441 3263 584 3344 rapinam
599 3283 663 3322 non
676 3262 804 3333 feeerit;
822 3269 853 3321 et
868 3269 940 3342 post
953 3261 1032 3322 haec
1043 3263 1130 3322 iuret
1141 3263 1262 3345 ipsetan·

186 3355 255 3406 turn
264 3345 351 3426 qraod
366 3345 518 3427 deinceps
533 3343 676 3405 testeiam
687 3345 741 3406 rel
759 3343 963 3404 latrocinium
979 3365 1044 3405 non
1061 3343 1164 3420 faciet,
1177 3359 1263 3421 neque

183 3427 315 3489 facienti
341 3427 545 3503 consentiet,
560 3436 591 3486 et
613 3425 639 3486 si
667 3425 778 3487 scierit
791 3424 848 3508 qui
866 3425 947 3485 haec
967 3426 1093 3504 fecerit,
1110 3425 1171 3487 illis
1189 3421 1263 3484 mini·

187 3510 260 3572 stris
280 3509 412 3587 nostris,
434 3531 494 3590 per
511 3521 591 3589 'quos
607 3507 680 3568 talis
694 3529 786 3568 eausa
802 3507 965 3569 emendari
983 3509 1097 3586 debet,
1118 3529 1180 3568 nou
1197 3505 1262 3566 celet
1323 3529 1324 3538 ¹

186 3593 230 3672 Et
244 3590 300 3674 qui
316 3613 366 3651 res
389 3601 420 3652 et
436 3591 593 3670 mancipia
610 3589 663 3650 vel
686 3589 804 3650 mobile
820 3609 886 3650 non
905 3588 1027 3650 hahent
1043 3611 1103 3674 per
1127 3609 1203 3668 quae
1222 3583 1262 3646 di-

184 3673 297 3756 stringi
316 3673 440 3756 possint
457 3682 494 3732 ut
514 3672 554 3733 nd
568 3671 700 3730 mallum
715 3672 859 3750 veniant,
888 3681 922 3732 et
943 3671 987 3732 ibi
1007 3683 1062 3732 aut
1080 3694 1112 3734 se
1128 3670 1261 3754 legaliter,

186 3765 223 3817 nt
251 3755 487 3838 praemisimus,
517 3753 747 3828 excondicant,
776 3763 831 3814 aut
853 3751 881 3814 si
908 3775 942 3814 se
976 3752 1184 3816 excondicere
1211 3766 1261 3808 non

183 3837 366 3922 potuerint,
390 3838 479 3918 qnod
497 3837 580 3897 male
599 3835 738 3896 fecerint
756 3834 905 3919 legaliter
923 3836 1106 3906 emendent.
1144 3838 1213 3898 Post
1227 3849 1264 3892 se·

185 3921 323 3982 eundum
347 3920 570 3979 luannitionem
597 3918 729 3979 Comitis
753 3918 779 3979 si
802 3918 841 3980 ad
863 3917 995 3979 mallum
1025 3939 1090 3979 non
1118 3914 1262 3984 venerint,
1322 3957 1323 3962 κ

185 4001 506 4084 comprehendantur
541 4000 719 4061 secundum
756 4001 936 4084 praefatum
981 3999 1163 4084 Capitnlare
1201 3989 1263 4057 libri
1322 4031 1323 4058 l

185 4084 273 4147 tertii
292 4085 435 4164 capitulo
460 4105 522 4149 rvr.
545 4103 610 4164 quo
634 4081 754 4142 dicitur
779 4083 818 4143 de
847 4082 1026 4144 latronibus
1054 4083 1111 4164 qui
1140 4095 1263 4162 magnam

187 4167 309 4227 habent
333 4163 572 4248 blasphemiam.
628 4165 825 4245 Quicunque
844 4162 987 4245 aliquem
1002 4187 1042 4227 ex
1066 4164 1114 4226 his
1139 4177 1262 4242 compre-

184 4248 354 4325 henderit,
378 4248 505 4309 nullum
527 4247 679 4312 damnum
696 4247 812 4311 exinde
831 4247 980 4334 patiatur.
1031 4245 1261 4331 comprehensu
