<?xml version="1.0" encoding="UTF-8"?>
<!DOCTYPE html PUBLIC "-//W3C//DTD XHTML 1.0 Transitional//EN"
    "http://www.w3.org/TR/xhtml1/DTD/xhtml1-transitional.dtd">
<html xmlns="http://www.w3.org/1999/xhtml" xml:lang="en" lang="en">
 <head>
  <title>
</title>
<meta http-equiv="Content-Type" content="text/html;charset=utf-8" />
  <meta name='ocr-system' content='tesseract 3.04.00' />
  <meta name='ocr-capabilities' content='ocr_page ocr_carea ocr_par ocr_line ocrx_word'/>
</head>
<body>
  <div class='ocr_page' id='page_1' title='image "./corpusiurisgerm01visigoog_0229.png"; bbox 0 0 2746 4992; ppageno 0'>
   <div class='ocr_carea' id='block_1_1' title="bbox 199 291 1086 390">
    <p class='ocr_par' dir='ltr' id='par_1_1' title="bbox 199 291 1086 390">
     <span class='ocr_line' id='line_1_1' title="bbox 199 291 1086 390; baseline -0.009 -10"><span class='ocrx_word' id='word_1_1' title='bbox 199 291 274 380; x_wconf 77' lang='lat' dir='ltr'><strong>&#39;rte</strong></span> <span class='ocrx_word' id='word_1_2' title='bbox 448 323 577 379; x_wconf 75' lang='lat' dir='ltr'><strong>noun,</strong></span> <span class='ocrx_word' id='word_1_3' title='bbox 682 321 925 376; x_wconf 74' lang='lat' dir='ltr'><strong>cinnomus</strong></span> <span class='ocrx_word' id='word_1_4' title='bbox 1026 322 1086 390; x_wconf 60' lang='lat' dir='ltr'><strong>sn.</strong></span> 
     </span>
    </p>
   </div>
   <div class='ocr_carea' id='block_1_2' title="bbox 198 449 1275 630">
    <p class='ocr_par' dir='ltr' id='par_1_2' title="bbox 198 449 1275 630">
     <span class='ocr_line' id='line_1_2' title="bbox 199 449 1274 542; baseline -0.006 -16"><span class='ocrx_word' id='word_1_5' title='bbox 199 472 292 526; x_wconf 84' lang='lat' dir='ltr'><strong>rante</strong></span> <span class='ocrx_word' id='word_1_6' title='bbox 315 449 465 541; x_wconf 83' lang='lat' dir='ltr'><strong>Domino,</strong></span> <span class='ocrx_word' id='word_1_7' title='bbox 490 462 668 538; x_wconf 79' lang='lat' dir='ltr'>exhibebo,</span> <span class='ocrx_word' id='word_1_8' title='bbox 697 463 781 524; x_wconf 87' lang='lat' dir='ltr'><strong>sicut</strong></span> <span class='ocrx_word' id='word_1_9' title='bbox 809 462 877 524; x_wconf 86' lang='lat' dir='ltr'><strong>Rex</strong></span> <span class='ocrx_word' id='word_1_10' title='bbox 907 461 940 520; x_wconf 95' lang='lat' dir='ltr'><strong>in</strong></span> <span class='ocrx_word' id='word_1_11' title='bbox 962 481 1020 522; x_wconf 88' lang='lat' dir='ltr'><strong>suo</strong></span> <span class='ocrx_word' id='word_1_12' title='bbox 1047 478 1146 542; x_wconf 84' lang='lat' dir='ltr'><strong>regno</strong></span> <span class='ocrx_word' id='word_1_13' title='bbox 1171 461 1274 522; x_wconf 83' lang='lat' dir='ltr'><strong>unicui·</strong></span> 
     </span>
     <span class='ocr_line' id='line_1_3' title="bbox 198 543 1275 630; baseline 0 -24"><span class='ocrx_word' id='word_1_14' title='bbox 198 568 263 628; x_wconf 87' lang='lat' dir='ltr'><strong>que</strong></span> <span class='ocrx_word' id='word_1_15' title='bbox 284 546 444 630; x_wconf 79' lang='lat' dir='ltr'><strong>Episcopo</strong></span> <span class='ocrx_word' id='word_1_16' title='bbox 466 555 499 608; x_wconf 89' lang='lat' dir='ltr'><strong>et</strong></span> <span class='ocrx_word' id='word_1_17' title='bbox 521 543 686 608; x_wconf 75' lang='lat' dir='ltr'><strong>Ecclesiae</strong></span> <span class='ocrx_word' id='word_1_18' title='bbox 716 544 777 607; x_wconf 85' lang='lat' dir='ltr'><strong>sihi</strong></span> <span class='ocrx_word' id='word_1_19' title='bbox 801 543 984 606; x_wconf 86' lang='lat' dir='ltr'><strong>commissae</strong></span> <span class='ocrx_word' id='word_1_20' title='bbox 1011 562 1070 625; x_wconf 90' lang='lat' dir='ltr'><strong>per</strong></span> <span class='ocrx_word' id='word_1_21' title='bbox 1096 547 1213 603; x_wconf 83' lang='lat' dir='ltr'><strong>rectam</strong></span> <span class='ocrx_word' id='word_1_22' title='bbox 1235 567 1275 606; x_wconf 81' lang='lat' dir='ltr'><strong>er·</strong></span> 
     </span>
    </p>
   </div>
   <div class='ocr_carea' id='block_1_3' title="bbox 197 628 436 692">
    <p class='ocr_par' dir='ltr' id='par_1_3' title="bbox 197 628 436 692">
     <span class='ocr_line' id='line_1_4' title="bbox 197 628 436 692; baseline 0.004 -3"><span class='ocrx_word' id='word_1_23' title='bbox 197 628 310 692; x_wconf 85' lang='lat' dir='ltr'><strong>hibere</strong></span> <span class='ocrx_word' id='word_1_24' title='bbox 331 628 436 692; x_wconf 86' lang='lat' dir='ltr'><strong>debet.</strong></span> 
     </span>
    </p>
   </div>
   <div class='ocr_carea' id='block_1_4' title="bbox 334 776 1155 850">
    <p class='ocr_par' dir='ltr' id='par_1_4' title="bbox 334 776 1155 850">
     <span class='ocr_line' id='line_1_5' title="bbox 334 776 1155 850; baseline 0 -14"><span class='ocrx_word' id='word_1_25' title='bbox 334 776 405 837; x_wconf 85' lang='lat' dir='ltr'><strong>Hoc</strong></span> <span class='ocrx_word' id='word_1_26' title='bbox 425 797 480 838; x_wconf 83' lang='lat' dir='ltr'><strong>nsr</strong></span> <span class='ocrx_word' id='word_1_27' title='bbox 500 776 687 838; x_wconf 75' lang='lat' dir='ltr'><strong>Csrrrunorr</strong></span> <span class='ocrx_word' id='word_1_28' title='bbox 710 795 794 850; x_wconf 78' lang='lat' dir='ltr'><strong>ouon</strong></span> <span class='ocrx_word' id='word_1_29' title='bbox 816 796 868 834; x_wconf 85' lang='lat' dir='ltr'><strong>nro</strong></span> <span class='ocrx_word' id='word_1_30' title='bbox 890 791 1155 836; x_wconf 72' lang='lat' dir='ltr'><strong>commemorarem</strong></span> 
     </span>
    </p>
   </div>
   <div class='ocr_carea' id='block_1_5' title="bbox 234 908 1277 994">
    <p class='ocr_par' dir='ltr' id='par_1_5' title="bbox 234 908 1277 994">
     <span class='ocr_line' id='line_1_6' title="bbox 234 908 1277 994; baseline 0 -21"><span class='ocrx_word' id='word_1_31' title='bbox 234 912 285 973; x_wconf 91' lang='lat' dir='ltr'><strong>De</strong></span> <span class='ocrx_word' id='word_1_32' title='bbox 305 908 431 973; x_wconf 80' lang='lat' dir='ltr'><strong>honore</strong></span> <span class='ocrx_word' id='word_1_33' title='bbox 451 931 584 994; x_wconf 83' lang='lat' dir='ltr'><strong>quoqne</strong></span> <span class='ocrx_word' id='word_1_34' title='bbox 599 920 632 974; x_wconf 89' lang='lat' dir='ltr'><strong>et</strong></span> <span class='ocrx_word' id='word_1_35' title='bbox 649 911 752 989; x_wconf 88' lang='lat' dir='ltr'><strong>onltn,</strong></span> <span class='ocrx_word' id='word_1_36' title='bbox 775 918 836 974; x_wconf 90' lang='lat' dir='ltr'><strong>etc.</strong></span> <span class='ocrx_word' id='word_1_37' title='bbox 858 923 1003 994; x_wconf 86' lang='lat' dir='ltr'><strong>utsupra</strong></span> <span class='ocrx_word' id='word_1_38' title='bbox 1025 927 1164 993; x_wconf 57' lang='lat' dir='ltr'><strong>pagam</strong></span> <span class='ocrx_word' id='word_1_39' title='bbox 1182 922 1210 972; x_wconf 86' lang='lat' dir='ltr'><strong>et</strong></span> <span class='ocrx_word' id='word_1_40' title='bbox 1223 915 1277 991; x_wconf 66' lang='lat'><strong>2¹4·</strong></span> 
     </span>
    </p>
   </div>
   <div class='ocr_carea' id='block_1_6' title="bbox 195 1053 1280 1304">
    <p class='ocr_par' dir='ltr' id='par_1_6' title="bbox 195 1053 1280 1304">
     <span class='ocr_line' id='line_1_7' title="bbox 197 1053 1280 1142; baseline 0 -26"><span class='ocrx_word' id='word_1_41' title='bbox 197 1056 432 1119; x_wconf 79' lang='lat' dir='ltr'><em>Commendatio</em></span> <span class='ocrx_word' id='word_1_42' title='bbox 453 1058 599 1136; x_wconf 80' lang='lat' dir='ltr'><strong>Ansegisi</strong></span> <span class='ocrx_word' id='word_1_43' title='bbox 618 1056 770 1139; x_wconf 80' lang='lat' dir='ltr'><strong>Episcopi</strong></span> <span class='ocrx_word' id='word_1_44' title='bbox 789 1067 819 1116; x_wconf 88' lang='lat' dir='ltr'><strong>et</strong></span> <span class='ocrx_word' id='word_1_45' title='bbox 843 1055 979 1116; x_wconf 87' lang='lat' dir='ltr'><strong>aliorum</strong></span> <span class='ocrx_word' id='word_1_46' title='bbox 999 1053 1220 1139; x_wconf 83' lang='lat' dir='ltr'><strong>Episcopornm</strong></span> <span class='ocrx_word' id='word_1_47' title='bbox 1237 1061 1280 1142; x_wconf 86' lang='lat' dir='ltr'><strong>qui</strong></span> 
     </span>
     <span class='ocr_line' id='line_1_8' title="bbox 195 1135 1278 1224; baseline -0.002 -24"><span class='ocrx_word' id='word_1_48' title='bbox 195 1137 369 1224; x_wconf 75' lang='lat' dir='ltr'><strong>adsuerunt</strong></span> <span class='ocrx_word' id='word_1_49' title='bbox 391 1139 479 1224; x_wconf 86' lang='lat' dir='ltr'><strong>apud</strong></span> <span class='ocrx_word' id='word_1_50' title='bbox 504 1139 729 1221; x_wconf 73' lang='lat' dir='ltr'><em>compendium</em></span> <span class='ocrx_word' id='word_1_51' title='bbox 749 1137 874 1220; x_wconf 85' lang='lat' dir='ltr'><strong>quando</strong></span> <span class='ocrx_word' id='word_1_52' title='bbox 895 1135 1128 1199; x_wconf 77' lang='lat' dir='ltr'><strong>benedixerunt</strong></span> <span class='ocrx_word' id='word_1_53' title='bbox 1151 1139 1278 1201; x_wconf 86' lang='lat' dir='ltr'><strong>Hludau·</strong></span> 
     </span>
     <span class='ocr_line' id='line_1_9' title="bbox 442 1219 1051 1304; baseline -0.007 -22"><span class='ocrx_word' id='word_1_54' title='bbox 442 1226 541 1282; x_wconf 83' lang='lat' dir='ltr'><strong>vicum</strong></span> <span class='ocrx_word' id='word_1_55' title='bbox 559 1219 672 1304; x_wconf 84' lang='lat' dir='ltr'><strong>filium</strong></span> <span class='ocrx_word' id='word_1_56' title='bbox 698 1220 813 1280; x_wconf 85' lang='lat' dir='ltr'><strong>Karoli</strong></span> <span class='ocrx_word' id='word_1_57' title='bbox 833 1221 1051 1302; x_wconf 85' lang='lat' dir='ltr'><strong>Imperatoris.</strong></span> 
     </span>
    </p>
   </div>
   <div class='ocr_carea' id='block_1_7' title="bbox 83 1357 1343 1670">
    <p class='ocr_par' dir='ltr' id='par_1_7' title="bbox 83 1357 1343 1670">
     <span class='ocr_line' id='line_1_10' title="bbox 274 1357 1278 1424; baseline 0 -4"><span class='ocrx_word' id='word_1_58' title='bbox 274 1359 327 1422; x_wconf 88' lang='lat' dir='ltr'><strong>Me</strong></span> <span class='ocrx_word' id='word_1_59' title='bbox 347 1381 385 1422; x_wconf 93' lang='lat' dir='ltr'><strong>ac</strong></span> <span class='ocrx_word' id='word_1_60' title='bbox 405 1359 584 1424; x_wconf 78' lang='lat' dir='ltr'><strong>Ecclesiam</strong></span> <span class='ocrx_word' id='word_1_61' title='bbox 611 1359 691 1420; x_wconf 88' lang='lat' dir='ltr'><strong>mihi</strong></span> <span class='ocrx_word' id='word_1_62' title='bbox 713 1359 912 1422; x_wconf 83' lang='lat' dir='ltr'><strong>commissam</strong></span> <span class='ocrx_word' id='word_1_63' title='bbox 933 1357 1028 1420; x_wconf 82' lang='lat' dir='ltr'><strong>vobis</strong></span> <span class='ocrx_word' id='word_1_64' title='bbox 1052 1359 1231 1421; x_wconf 88' lang='lat' dir='ltr'><strong>commendo</strong></span> <span class='ocrx_word' id='word_1_65' title='bbox 1248 1361 1278 1420; x_wconf 87' lang='lat' dir='ltr'><strong>ad</strong></span> 
     </span>
     <span class='ocr_line' id='line_1_11' title="bbox 192 1438 1278 1525; baseline 0 -23"><span class='ocrx_word' id='word_1_66' title='bbox 192 1440 331 1503; x_wconf 78' lang='lat' dir='ltr'><strong>debitam</strong></span> <span class='ocrx_word' id='word_1_67' title='bbox 356 1443 461 1525; x_wconf 82' lang='lat' dir='ltr'><strong>legem</strong></span> <span class='ocrx_word' id='word_1_68' title='bbox 489 1453 520 1504; x_wconf 92' lang='lat' dir='ltr'><strong>et</strong></span> <span class='ocrx_word' id='word_1_69' title='bbox 550 1443 704 1504; x_wconf 88' lang='lat' dir='ltr'><strong>iustitiam</strong></span> <span class='ocrx_word' id='word_1_70' title='bbox 732 1442 984 1503; x_wconf 83' lang='lat' dir='ltr'><strong>conservandam</strong></span> <span class='ocrx_word' id='word_1_71' title='bbox 1016 1438 1049 1502; x_wconf 75' lang='lat' dir='ltr'><strong>et</strong></span> <span class='ocrx_word' id='word_1_72' title='bbox 1080 1442 1278 1502; x_wconf 86' lang='lat' dir='ltr'><strong>defensionem</strong></span> 
     </span>
     <span class='ocr_line' id='line_1_12' title="bbox 83 1522 1343 1606; baseline -0.003 -22"><span class='ocrx_word' id='word_1_73' title='bbox 83 1577 100 1592; x_wconf 68' lang='grc'><strong>,,</strong></span> <span class='ocrx_word' id='word_1_74' title='bbox 192 1522 425 1602; x_wconf 81' lang='lat' dir='ltr'><strong>exhibendam,</strong></span> <span class='ocrx_word' id='word_1_75' title='bbox 445 1526 528 1587; x_wconf 90' lang='lat' dir='ltr'><strong>sicut</strong></span> <span class='ocrx_word' id='word_1_76' title='bbox 551 1527 620 1588; x_wconf 83' lang='lat' dir='ltr'><strong>Rex</strong></span> <span class='ocrx_word' id='word_1_77' title='bbox 643 1525 817 1606; x_wconf 90' lang='lat' dir='ltr'><strong>Episcopos</strong></span> <span class='ocrx_word' id='word_1_78' title='bbox 844 1523 1011 1584; x_wconf 86' lang='lat' dir='ltr'><strong>Ecclesiae</strong></span> <span class='ocrx_word' id='word_1_79' title='bbox 1038 1544 1114 1587; x_wconf 89' lang='lat' dir='ltr'><strong>suae</strong></span> <span class='ocrx_word' id='word_1_80' title='bbox 1142 1522 1218 1586; x_wconf 87' lang='lat' dir='ltr'><strong>iusto</strong></span> <span class='ocrx_word' id='word_1_81' title='bbox 1243 1526 1278 1584; x_wconf 90' lang='lat' dir='ltr'><strong>iu·</strong></span> <span class='ocrx_word' id='word_1_82' title='bbox 1342 1533 1343 1580; x_wconf 71' lang='lat' dir='ltr'><strong>i</strong></span> 
     </span>
     <span class='ocr_line' id='line_1_13' title="bbox 89 1601 1343 1670; baseline 0 -4"><span class='ocrx_word' id='word_1_83' title='bbox 89 1610 92 1620; x_wconf 91' lang='lat'>&#39;</span> <span class='ocrx_word' id='word_1_84' title='bbox 192 1605 278 1668; x_wconf 91' lang='lat' dir='ltr'><strong>dicio</strong></span> <span class='ocrx_word' id='word_1_85' title='bbox 300 1629 489 1670; x_wconf 86' lang='lat' dir='ltr'><strong>conservare</strong></span> <span class='ocrx_word' id='word_1_86' title='bbox 511 1618 542 1670; x_wconf 91' lang='lat' dir='ltr'><strong>et</strong></span> <span class='ocrx_word' id='word_1_87' title='bbox 565 1607 719 1670; x_wconf 86' lang='lat' dir='ltr'><strong>exhibere</strong></span> <span class='ocrx_word' id='word_1_88' title='bbox 741 1606 847 1668; x_wconf 78' lang='lat' dir='ltr'><strong>debet.</strong></span> <span class='ocrx_word' id='word_1_89' title='bbox 1342 1601 1343 1624; x_wconf 71' lang='lat'>³</span> 
     </span>
    </p>
   </div>
   <div class='ocr_carea' id='block_1_8' title="bbox 371 1775 1071 1836">
    <p class='ocr_par' dir='ltr' id='par_1_8' title="bbox 371 1775 1071 1836">
     <span class='ocr_line' id='line_1_14' title="bbox 371 1775 1071 1836; baseline -0.001 0"><span class='ocrx_word' id='word_1_90' title='bbox 371 1775 748 1836; x_wconf 83' lang='lat' dir='ltr'><strong>&#39;Pnorrssro</strong></span> <span class='ocrx_word' id='word_1_91' title='bbox 804 1793 1071 1836; x_wconf 75' lang='lat' dir='ltr'><strong>resonum.</strong></span> 
     </span>
    </p>
   </div>
   <div class='ocr_carea' id='block_1_9' title="bbox 189 1909 1277 2320">
    <p class='ocr_par' dir='ltr' id='par_1_9' title="bbox 189 1909 1277 2320">
     <span class='ocr_line' id='line_1_15' title="bbox 272 1909 1276 1996; baseline -0.006 -20"><span class='ocrx_word' id='word_1_92' title='bbox 272 1914 342 1995; x_wconf 82' lang='lat' dir='ltr'><strong>Ego</strong></span> <span class='ocrx_word' id='word_1_93' title='bbox 365 1913 422 1974; x_wconf 91' lang='lat' dir='ltr'><strong>ille</strong></span> <span class='ocrx_word' id='word_1_94' title='bbox 448 1914 514 1996; x_wconf 88' lang='lat' dir='ltr'><strong>ipse</strong></span> <span class='ocrx_word' id='word_1_95' title='bbox 536 1914 582 1974; x_wconf 88' lang='lat' dir='ltr'><strong>sic</strong></span> <span class='ocrx_word' id='word_1_96' title='bbox 600 1913 772 1994; x_wconf 87' lang='lat' dir='ltr'><strong>profiteor,</strong></span> <span class='ocrx_word' id='word_1_97' title='bbox 801 1911 841 1972; x_wconf 89' lang='lat' dir='ltr'><strong>de</strong></span> <span class='ocrx_word' id='word_1_98' title='bbox 864 1911 921 1972; x_wconf 89' lang='lat' dir='ltr'><strong>ista</strong></span> <span class='ocrx_word' id='word_1_99' title='bbox 943 1909 996 1972; x_wconf 90' lang='lat' dir='ltr'><strong>die</strong></span> <span class='ocrx_word' id='word_1_100' title='bbox 1019 1920 1053 1972; x_wconf 91' lang='lat' dir='ltr'><strong>et</strong></span> <span class='ocrx_word' id='word_1_101' title='bbox 1075 1910 1218 1994; x_wconf 84' lang='lat' dir='ltr'><strong>deinceps</strong></span> <span class='ocrx_word' id='word_1_102' title='bbox 1235 1912 1276 1972; x_wconf 90' lang='lat' dir='ltr'><strong>isti</strong></span> 
     </span>
     <span class='ocr_line' id='line_1_16' title="bbox 191 1993 1277 2079; baseline -0.006 -22"><span class='ocrx_word' id='word_1_103' title='bbox 191 1996 320 2058; x_wconf 91' lang='lat' dir='ltr'><strong>Seniori</strong></span> <span class='ocrx_word' id='word_1_104' title='bbox 344 2006 377 2058; x_wconf 90' lang='lat' dir='ltr'><strong>ct</strong></span> <span class='ocrx_word' id='word_1_105' title='bbox 396 1997 475 2079; x_wconf 79' lang='lat' dir='ltr'><strong>Regi</strong></span> <span class='ocrx_word' id='word_1_106' title='bbox 497 2017 569 2056; x_wconf 92' lang='lat' dir='ltr'><strong>meo</strong></span> <span class='ocrx_word' id='word_1_107' title='bbox 595 1996 798 2056; x_wconf 85' lang='lat' dir='ltr'><strong>Hlndouvico</strong></span> <span class='ocrx_word' id='word_1_108' title='bbox 821 1994 931 2054; x_wconf 85' lang='lat' dir='ltr'><strong>Karoli</strong></span> <span class='ocrx_word' id='word_1_109' title='bbox 951 2003 983 2055; x_wconf 91' lang='lat' dir='ltr'><strong>et</strong></span> <span class='ocrx_word' id='word_1_110' title='bbox 1003 1993 1236 2056; x_wconf 89' lang='lat' dir='ltr'><strong>Hermentrndis</strong></span> <span class='ocrx_word' id='word_1_111' title='bbox 1250 1994 1277 2051; x_wconf 86' lang='lat' dir='ltr'><strong>fi-</strong></span> 
     </span>
     <span class='ocr_line' id='line_1_17' title="bbox 190 2076 1273 2159; baseline -0.005 -21"><span class='ocrx_word' id='word_1_112' title='bbox 190 2079 248 2156; x_wconf 92' lang='lat' dir='ltr'><strong>lio,</strong></span> <span class='ocrx_word' id='word_1_113' title='bbox 270 2079 448 2140; x_wconf 83' lang='lat' dir='ltr'><strong>seeundum</strong></span> <span class='ocrx_word' id='word_1_114' title='bbox 467 2099 574 2138; x_wconf 91' lang='lat' dir='ltr'><strong>meum</strong></span> <span class='ocrx_word' id='word_1_115' title='bbox 601 2079 683 2138; x_wconf 88' lang='lat' dir='ltr'><strong>scire</strong></span> <span class='ocrx_word' id='word_1_116' title='bbox 705 2086 738 2139; x_wconf 91' lang='lat' dir='ltr'><strong>et</strong></span> <span class='ocrx_word' id='word_1_117' title='bbox 765 2097 857 2159; x_wconf 90' lang='lat' dir='ltr'><strong>posse</strong></span> <span class='ocrx_word' id='word_1_118' title='bbox 884 2087 916 2136; x_wconf 87' lang='lat' dir='ltr'><strong>et</strong></span> <span class='ocrx_word' id='word_1_119' title='bbox 935 2097 1045 2136; x_wconf 90' lang='lat' dir='ltr'><strong>meum</strong></span> <span class='ocrx_word' id='word_1_120' title='bbox 1072 2076 1273 2146; x_wconf 81' lang='lat' dir='ltr'><strong>ministerium,</strong></span> 
     </span>
     <span class='ocr_line' id='line_1_18' title="bbox 191 2158 1274 2240; baseline -0.004 -20"><span class='ocrx_word' id='word_1_121' title='bbox 191 2161 314 2221; x_wconf 86' lang='lat' dir='ltr'><strong>auxilio</strong></span> <span class='ocrx_word' id='word_1_122' title='bbox 347 2170 379 2221; x_wconf 92' lang='lat' dir='ltr'><strong>et</strong></span> <span class='ocrx_word' id='word_1_123' title='bbox 408 2162 545 2222; x_wconf 90' lang='lat' dir='ltr'><strong>consilio</strong></span> <span class='ocrx_word' id='word_1_124' title='bbox 579 2160 737 2224; x_wconf 83' lang='lat' dir='ltr'><strong>fideliset</strong></span> <span class='ocrx_word' id='word_1_125' title='bbox 768 2158 897 2218; x_wconf 90' lang='lat' dir='ltr'><strong>adiutor</strong></span> <span class='ocrx_word' id='word_1_126' title='bbox 920 2179 976 2219; x_wconf 93' lang='lat' dir='ltr'><strong>ero</strong></span> <span class='ocrx_word' id='word_1_127' title='bbox 1007 2159 1093 2219; x_wconf 91' lang='lat' dir='ltr'><strong>sicut</strong></span> <span class='ocrx_word' id='word_1_128' title='bbox 1120 2160 1274 2240; x_wconf 89' lang='lat' dir='ltr'><strong>Episcopus</strong></span> 
     </span>
     <span class='ocr_line' id='line_1_19' title="bbox 189 2241 1273 2320; baseline 0 -16"><span class='ocrx_word' id='word_1_129' title='bbox 189 2254 277 2306; x_wconf 87' lang='lat' dir='ltr'><strong>reete</strong></span> <span class='ocrx_word' id='word_1_130' title='bbox 299 2243 427 2306; x_wconf 89' lang='lat' dir='ltr'><strong>Seniori</strong></span> <span class='ocrx_word' id='word_1_131' title='bbox 440 2266 498 2306; x_wconf 91' lang='lat' dir='ltr'><strong>suo</strong></span> <span class='ocrx_word' id='word_1_132' title='bbox 514 2243 642 2305; x_wconf 91' lang='lat' dir='ltr'><strong>debitor</strong></span> <span class='ocrx_word' id='word_1_133' title='bbox 657 2254 714 2320; x_wconf 91' lang='lat' dir='ltr'><strong>est,</strong></span> <span class='ocrx_word' id='word_1_134' title='bbox 730 2242 764 2301; x_wconf 93' lang='lat' dir='ltr'><strong>in</strong></span> <span class='ocrx_word' id='word_1_135' title='bbox 786 2263 856 2302; x_wconf 88' lang='lat' dir='ltr'><strong>mea</strong></span> <span class='ocrx_word' id='word_1_136' title='bbox 877 2242 938 2302; x_wconf 87' lang='lat' dir='ltr'><strong>fide</strong></span> <span class='ocrx_word' id='word_1_137' title='bbox 961 2250 994 2304; x_wconf 91' lang='lat' dir='ltr'><strong>et</strong></span> <span class='ocrx_word' id='word_1_138' title='bbox 1015 2263 1089 2302; x_wconf 91' lang='lat' dir='ltr'><strong>meo</strong></span> <span class='ocrx_word' id='word_1_139' title='bbox 1109 2241 1273 2304; x_wconf 88' lang='lat' dir='ltr'><strong>sacerdotio.</strong></span> 
     </span>
    </p>
   </div>
   <div class='ocr_carea' id='block_1_10' title="bbox 186 2402 1269 2655">
    <p class='ocr_par' dir='ltr' id='par_1_10' title="bbox 186 2402 1269 2655">
     <span class='ocr_line' id='line_1_20' title="bbox 267 2402 1269 2489; baseline -0.004 -24"><span class='ocrx_word' id='word_1_140' title='bbox 267 2405 323 2465; x_wconf 80' lang='lat' dir='ltr'><strong>Ad</strong></span> <span class='ocrx_word' id='word_1_141' title='bbox 334 2405 578 2489; x_wconf 88' lang='lat' dir='ltr'><strong>suprascriptam</strong></span> <span class='ocrx_word' id='word_1_142' title='bbox 599 2425 669 2465; x_wconf 79' lang='lat' dir='ltr'><strong>vero</strong></span> <span class='ocrx_word' id='word_1_143' title='bbox 683 2402 908 2487; x_wconf 85' lang='lat' dir='ltr'><strong>Episcoporum</strong></span> <span class='ocrx_word' id='word_1_144' title='bbox 922 2404 1108 2485; x_wconf 85' lang='lat' dir='ltr'><strong>petitionem</strong></span> <span class='ocrx_word' id='word_1_145' title='bbox 1128 2407 1198 2466; x_wconf 80' lang='lat' dir='ltr'><strong>laec</strong></span> <span class='ocrx_word' id='word_1_146' title='bbox 1208 2423 1269 2488; x_wconf 79' lang='lat' dir='ltr'><strong>quae</strong></span> 
     </span>
     <span class='ocr_line' id='line_1_21' title="bbox 187 2485 1269 2569; baseline -0.006 -21"><span class='ocrx_word' id='word_1_147' title='bbox 187 2502 358 2569; x_wconf 78' lang='lat' dir='ltr'><strong>sequuntur</strong></span> <span class='ocrx_word' id='word_1_148' title='bbox 379 2489 449 2548; x_wconf 81' lang='lat' dir='ltr'><strong>ttex</strong></span> <span class='ocrx_word' id='word_1_149' title='bbox 469 2485 687 2546; x_wconf 83' lang='lat' dir='ltr'><strong>Hlndonvicus</strong></span> <span class='ocrx_word' id='word_1_150' title='bbox 699 2485 859 2569; x_wconf 87' lang='lat' dir='ltr'><strong>professus</strong></span> <span class='ocrx_word' id='word_1_151' title='bbox 884 2498 929 2544; x_wconf 87' lang='lat' dir='ltr'><strong>est</strong></span> <span class='ocrx_word' id='word_1_152' title='bbox 949 2486 1129 2568; x_wconf 82' lang='lat' dir='ltr'><strong>Episcopis,</strong></span> <span class='ocrx_word' id='word_1_153' title='bbox 1151 2502 1179 2548; x_wconf 89' lang='lat' dir='ltr'><strong>et</strong></span> <span class='ocrx_word' id='word_1_154' title='bbox 1194 2490 1269 2546; x_wconf 84' lang='lat' dir='ltr'><strong>istun</strong></span> 
     </span>
     <span class='ocr_line' id='line_1_22' title="bbox 186 2567 1269 2655; baseline -0.003 -26"><span class='ocrx_word' id='word_1_155' title='bbox 186 2571 287 2653; x_wconf 84' lang='lat' dir='ltr'><strong>ipsam</strong></span> <span class='ocrx_word' id='word_1_156' title='bbox 313 2570 552 2655; x_wconf 81' lang='lat' dir='ltr'><strong>perdonationis</strong></span> <span class='ocrx_word' id='word_1_157' title='bbox 576 2570 763 2650; x_wconf 86' lang='lat' dir='ltr'><strong>scripturam</strong></span> <span class='ocrx_word' id='word_1_158' title='bbox 784 2589 878 2628; x_wconf 79' lang='lat' dir='ltr'><strong>uranu</strong></span> <span class='ocrx_word' id='word_1_159' title='bbox 896 2589 952 2628; x_wconf 86' lang='lat' dir='ltr'><strong>sua</strong></span> <span class='ocrx_word' id='word_1_160' title='bbox 969 2569 1014 2627; x_wconf 85' lang='lat' dir='ltr'><strong>eis</strong></span> <span class='ocrx_word' id='word_1_161' title='bbox 1038 2567 1130 2629; x_wconf 81' lang='lat' dir='ltr'><strong>dedit</strong></span> <span class='ocrx_word' id='word_1_162' title='bbox 1150 2572 1182 2631; x_wconf 92' lang='lat' dir='ltr'><strong>in</strong></span> <span class='ocrx_word' id='word_1_163' title='bbox 1198 2568 1269 2630; x_wconf 81' lang='lat' dir='ltr'><strong>Gom</strong></span> 
     </span>
    </p>
   </div>
   <div class='ocr_carea' id='block_1_11' title="bbox 182 2651 757 2737">
    <p class='ocr_par' dir='ltr' id='par_1_11' title="bbox 182 2651 757 2737">
     <span class='ocr_line' id='line_1_23' title="bbox 182 2651 757 2737; baseline 0.002 -24"><span class='ocrx_word' id='word_1_164' title='bbox 182 2653 301 2737; x_wconf 84' lang='lat' dir='ltr'><strong>pendia</strong></span> <span class='ocrx_word' id='word_1_165' title='bbox 323 2677 357 2716; x_wconf 80' lang='grc' dir='ltr'><strong>ιι.</strong></span> <span class='ocrx_word' id='word_1_166' title='bbox 379 2651 539 2713; x_wconf 80' lang='lat' dir='ltr'><strong>Kalendas</strong></span> <span class='ocrx_word' id='word_1_167' title='bbox 565 2651 757 2714; x_wconf 80' lang='lat' dir='ltr'><strong>Decembris.</strong></span> 
     </span>
    </p>
   </div>
   <div class='ocr_carea' id='block_1_12' title="bbox 469 2819 999 2883">
    <p class='ocr_par' dir='ltr' id='par_1_12' title="bbox 469 2819 999 2883">
     <span class='ocr_line' id='line_1_24' title="bbox 469 2819 999 2883; baseline -0.004 -1"><span class='ocrx_word' id='word_1_168' title='bbox 469 2821 641 2882; x_wconf 82' lang='lat' dir='ltr'><strong>Pnourssro</strong></span> <span class='ocrx_word' id='word_1_169' title='bbox 662 2819 863 2883; x_wconf 78' lang='lat' dir='ltr'><strong>Haunouvrcr</strong></span> <span class='ocrx_word' id='word_1_170' title='bbox 891 2819 999 2881; x_wconf 85' lang='lat' dir='ltr'><strong>Rrors.</strong></span> 
     </span>
    </p>
   </div>
   <div class='ocr_carea' id='block_1_13' title="bbox 148 2951 1270 4099">
    <p class='ocr_par' dir='ltr' id='par_1_13' title="bbox 148 2951 1270 4099">
     <span class='ocr_line' id='line_1_25' title="bbox 268 2951 1270 3042; baseline -0.013 -21"><span class='ocrx_word' id='word_1_171' title='bbox 268 2957 337 3042; x_wconf 83' lang='lat' dir='ltr'><strong>Ego</strong></span> <span class='ocrx_word' id='word_1_172' title='bbox 358 2956 601 3035; x_wconf 85' lang='lat' dir='ltr'><strong>Hludonvicus,</strong></span> <span class='ocrx_word' id='word_1_173' title='bbox 631 2955 850 3017; x_wconf 89' lang='lat' dir='ltr'><strong>misericordia</strong></span> <span class='ocrx_word' id='word_1_174' title='bbox 872 2957 1003 3017; x_wconf 89' lang='lat' dir='ltr'><strong>Domini</strong></span> <span class='ocrx_word' id='word_1_175' title='bbox 1031 2955 1097 3018; x_wconf 88' lang='lat' dir='ltr'><strong>Dei</strong></span> <span class='ocrx_word' id='word_1_176' title='bbox 1129 2951 1221 3015; x_wconf 87' lang='lat' dir='ltr'><strong>nostri</strong></span> <span class='ocrx_word' id='word_1_177' title='bbox 1245 2957 1270 3008; x_wconf 90' lang='lat' dir='ltr'><strong>et</strong></span> 
     </span>
     <span class='ocr_line' id='line_1_26' title="bbox 186 3032 1270 3124; baseline -0.015 -20"><span class='ocrx_word' id='word_1_178' title='bbox 186 3041 348 3104; x_wconf 88' lang='lat' dir='ltr'><strong>electione</strong></span> <span class='ocrx_word' id='word_1_179' title='bbox 361 3041 472 3124; x_wconf 90' lang='lat' dir='ltr'><strong>populi</strong></span> <span class='ocrx_word' id='word_1_180' title='bbox 493 3042 562 3100; x_wconf 86' lang='lat' dir='ltr'><strong>Rex</strong></span> <span class='ocrx_word' id='word_1_181' title='bbox 591 3040 804 3115; x_wconf 89' lang='lat' dir='ltr'><strong>constitutus,</strong></span> <span class='ocrx_word' id='word_1_182' title='bbox 835 3039 1005 3121; x_wconf 85' lang='lat' dir='ltr'><strong>promitto,</strong></span> <span class='ocrx_word' id='word_1_183' title='bbox 1037 3048 1120 3100; x_wconf 89' lang='lat' dir='ltr'><strong>teste</strong></span> <span class='ocrx_word' id='word_1_184' title='bbox 1147 3032 1270 3098; x_wconf 84' lang='lat' dir='ltr'><strong>Ecclesia</strong></span> 
     </span>
     <span class='ocr_line' id='line_1_27' title="bbox 185 3115 1269 3204; baseline -0.011 -19"><span class='ocrx_word' id='word_1_185' title='bbox 185 3123 272 3203; x_wconf 90' lang='lat' dir='ltr'><strong>Dei,</strong></span> <span class='ocrx_word' id='word_1_186' title='bbox 295 3123 443 3184; x_wconf 81' lang='lat' dir='ltr'><strong>omnibus</strong></span> <span class='ocrx_word' id='word_1_187' title='bbox 465 3121 650 3198; x_wconf 87' lang='lat' dir='ltr'><strong>ordinibus,</strong></span> <span class='ocrx_word' id='word_1_188' title='bbox 680 3121 913 3204; x_wconf 89' lang='lat' dir='ltr'><strong>Episcoporum</strong></span> <span class='ocrx_word' id='word_1_189' title='bbox 942 3121 1118 3197; x_wconf 80' lang='lat' dir='ltr'><strong>videlicet,</strong></span> <span class='ocrx_word' id='word_1_190' title='bbox 1140 3115 1269 3180; x_wconf 87' lang='lat' dir='ltr'><strong>Sacerdo·</strong></span> 
     </span>
     <span class='ocr_line' id='line_1_28' title="bbox 185 3200 1268 3286; baseline -0.009 -19"><span class='ocrx_word' id='word_1_191' title='bbox 185 3216 272 3284; x_wconf 89' lang='lat' dir='ltr'><strong>tum,</strong></span> <span class='ocrx_word' id='word_1_192' title='bbox 295 3207 534 3267; x_wconf 87' lang='lat' dir='ltr'><strong>Canonicorum</strong></span> <span class='ocrx_word' id='word_1_193' title='bbox 542 3249 554 3276; x_wconf 89' lang='lat'><strong>,</strong></span> <span class='ocrx_word' id='word_1_194' title='bbox 578 3204 833 3282; x_wconf 89' lang='lat' dir='ltr'><strong>Monachorum,</strong></span> <span class='ocrx_word' id='word_1_195' title='bbox 856 3213 950 3286; x_wconf 84' lang='lat' dir='ltr'><strong>atque</strong></span> <span class='ocrx_word' id='word_1_196' title='bbox 968 3200 1268 3269; x_wconf 76' lang='lat' dir='ltr'><strong>sanctimonialium,</strong></span> 
     </span>
     <span class='ocr_line' id='line_1_29' title="bbox 185 3280 1268 3368; baseline -0.014 -18"><span class='ocrx_word' id='word_1_197' title='bbox 185 3309 220 3350; x_wconf 90' lang='lat' dir='ltr'><strong>re</strong></span> <span class='ocrx_word' id='word_1_198' title='bbox 244 3289 313 3348; x_wconf 89' lang='lat' dir='ltr'><strong>alas</strong></span> <span class='ocrx_word' id='word_1_199' title='bbox 334 3288 352 3347; x_wconf 75' lang='lat' dir='ltr'><strong>l</strong></span> <span class='ocrx_word' id='word_1_200' title='bbox 373 3287 520 3349; x_wconf 85' lang='lat' dir='ltr'><strong>Patribus</strong></span> <span class='ocrx_word' id='word_1_201' title='bbox 547 3286 741 3367; x_wconf 87' lang='lat' dir='ltr'><strong>conscriptas</strong></span> <span class='ocrx_word' id='word_1_202' title='bbox 763 3296 795 3348; x_wconf 93' lang='lat' dir='ltr'><strong>ct</strong></span> <span class='ocrx_word' id='word_1_203' title='bbox 824 3285 1005 3368; x_wconf 88' lang='lat' dir='ltr'><strong>apostolicis</strong></span> <span class='ocrx_word' id='word_1_204' title='bbox 1033 3280 1268 3348; x_wconf 84' lang='lat' dir='ltr'><strong>attestationibus</strong></span> 
     </span>
     <span class='ocr_line' id='line_1_30' title="bbox 185 3310 1269 3451; baseline -0.014 -18"><span class='ocrx_word' id='word_1_205' title='bbox 185 3310 348 3433; x_wconf 59' lang='lat' dir='ltr'><strong>rodoratas</strong></span> <span class='ocrx_word' id='word_1_206' title='bbox 372 3391 412 3432; x_wconf 83' lang='lat' dir='ltr'><strong>ex</strong></span> <span class='ocrx_word' id='word_1_207' title='bbox 430 3369 492 3432; x_wconf 91' lang='lat' dir='ltr'><strong>hoc</strong></span> <span class='ocrx_word' id='word_1_208' title='bbox 511 3369 543 3428; x_wconf 90' lang='lat' dir='ltr'><strong>in</strong></span> <span class='ocrx_word' id='word_1_209' title='bbox 558 3370 704 3428; x_wconf 86' lang='lat' dir='ltr'><strong>futurum</strong></span> <span class='ocrx_word' id='word_1_210' title='bbox 724 3377 847 3451; x_wconf 89' lang='lat' dir='ltr'><strong>tempus</strong></span> <span class='ocrx_word' id='word_1_211' title='bbox 861 3390 911 3428; x_wconf 92' lang='lat' dir='ltr'><strong>me</strong></span> <span class='ocrx_word' id='word_1_212' title='bbox 928 3368 993 3428; x_wconf 88' lang='lat' dir='ltr'><strong>illis</strong></span> <span class='ocrx_word' id='word_1_213' title='bbox 1018 3389 1058 3429; x_wconf 85' lang='lat' dir='ltr'><strong>ex</strong></span> <span class='ocrx_word' id='word_1_214' title='bbox 1080 3369 1200 3449; x_wconf 81' lang='lat' dir='ltr'><strong>integro</strong></span> <span class='ocrx_word' id='word_1_215' title='bbox 1219 3379 1269 3420; x_wconf 87' lang='lat' dir='ltr'><strong>scr·</strong></span> 
     </span>
     <span class='ocr_line' id='line_1_31' title="bbox 185 3451 1270 3532; baseline -0.016 -17"><span class='ocrx_word' id='word_1_216' title='bbox 185 3453 342 3518; x_wconf 78' lang='lat' dir='ltr'><strong>vatorum.</strong></span> <span class='ocrx_word' id='word_1_217' title='bbox 382 3453 547 3513; x_wconf 87' lang='lat' dir='ltr'><strong>Polliceor</strong></span> <span class='ocrx_word' id='word_1_218' title='bbox 566 3451 662 3512; x_wconf 90' lang='lat' dir='ltr'><strong>etiam</strong></span> <span class='ocrx_word' id='word_1_219' title='bbox 683 3471 733 3511; x_wconf 90' lang='lat' dir='ltr'><strong>me</strong></span> <span class='ocrx_word' id='word_1_220' title='bbox 766 3460 967 3512; x_wconf 87' lang='lat' dir='ltr'><strong>servaturum</strong></span> <span class='ocrx_word' id='word_1_221' title='bbox 998 3451 1087 3532; x_wconf 83' lang='lat' dir='ltr'><strong>leges</strong></span> <span class='ocrx_word' id='word_1_222' title='bbox 1114 3458 1145 3511; x_wconf 92' lang='lat' dir='ltr'><strong>et</strong></span> <span class='ocrx_word' id='word_1_223' title='bbox 1173 3451 1270 3508; x_wconf 83' lang='lat' dir='ltr'><strong>statuta</strong></span> 
     </span>
     <span class='ocr_line' id='line_1_32' title="bbox 148 3527 1268 3620; baseline -0.017 -21"><span class='ocrx_word' id='word_1_224' title='bbox 148 3549 149 3554; x_wconf 76' lang='grc'>’</span> <span class='ocrx_word' id='word_1_225' title='bbox 187 3537 309 3620; x_wconf 91' lang='lat' dir='ltr'><strong>populo</strong></span> <span class='ocrx_word' id='word_1_226' title='bbox 327 3533 386 3617; x_wconf 88' lang='lat' dir='ltr'><strong>qui</strong></span> <span class='ocrx_word' id='word_1_227' title='bbox 402 3534 481 3594; x_wconf 78' lang='lat' dir='ltr'><strong>milri</strong></span> <span class='ocrx_word' id='word_1_228' title='bbox 502 3534 542 3593; x_wconf 87' lang='lat' dir='ltr'><strong>ad</strong></span> <span class='ocrx_word' id='word_1_229' title='bbox 559 3533 737 3614; x_wconf 81' lang='lat' dir='ltr'><strong>regendum</strong></span> <span class='ocrx_word' id='word_1_230' title='bbox 752 3533 969 3594; x_wconf 89' lang='lat' dir='ltr'><strong>misericordia</strong></span> <span class='ocrx_word' id='word_1_231' title='bbox 985 3533 1046 3592; x_wconf 92' lang='lat' dir='ltr'><strong>Dei</strong></span> <span class='ocrx_word' id='word_1_232' title='bbox 1069 3527 1268 3595; x_wconf 87' lang='lat' dir='ltr'><strong>committitur,</strong></span> 
     </span>
     <span class='ocr_line' id='line_1_33' title="bbox 187 3603 1268 3702; baseline -0.009 -21"><span class='ocrx_word' id='word_1_233' title='bbox 187 3641 246 3702; x_wconf 91' lang='lat' dir='ltr'><strong>per</strong></span> <span class='ocrx_word' id='word_1_234' title='bbox 260 3639 429 3680; x_wconf 86' lang='lat' dir='ltr'><strong>commune</strong></span> <span class='ocrx_word' id='word_1_235' title='bbox 446 3615 616 3678; x_wconf 89' lang='lat' dir='ltr'><strong>consilium</strong></span> <span class='ocrx_word' id='word_1_236' title='bbox 636 3615 780 3676; x_wconf 89' lang='lat' dir='ltr'><strong>fidelium</strong></span> <span class='ocrx_word' id='word_1_237' title='bbox 800 3624 991 3690; x_wconf 89' lang='lat' dir='ltr'><strong>nostrornm,</strong></span> <span class='ocrx_word' id='word_1_238' title='bbox 1009 3615 1183 3676; x_wconf 88' lang='lat' dir='ltr'><strong>secundum</strong></span> <span class='ocrx_word' id='word_1_239' title='bbox 1197 3603 1268 3690; x_wconf 90' lang='lat' dir='ltr'><strong>quod</strong></span> 
     </span>
     <span class='ocr_line' id='line_1_34' title="bbox 188 3695 1267 3784; baseline -0.011 -24"><span class='ocrx_word' id='word_1_240' title='bbox 188 3701 446 3784; x_wconf 88' lang='lat' dir='ltr'><strong>praedecessores</strong></span> <span class='ocrx_word' id='word_1_241' title='bbox 465 3698 528 3758; x_wconf 87' lang='lat' dir='ltr'><strong>mci</strong></span> <span class='ocrx_word' id='word_1_242' title='bbox 544 3701 753 3780; x_wconf 86' lang='lat' dir='ltr'><strong>Imperatores</strong></span> <span class='ocrx_word' id='word_1_243' title='bbox 774 3708 805 3758; x_wconf 91' lang='lat' dir='ltr'><strong>et</strong></span> <span class='ocrx_word' id='word_1_244' title='bbox 818 3700 919 3778; x_wconf 77' lang='lat' dir='ltr'><strong>Reges</strong></span> <span class='ocrx_word' id='word_1_245' title='bbox 950 3698 1043 3779; x_wconf 79' lang='lat' dir='ltr'><strong>gestis</strong></span> <span class='ocrx_word' id='word_1_246' title='bbox 1064 3695 1267 3772; x_wconf 82' lang='lat' dir='ltr'><strong>inseruerunt,</strong></span> 
     </span>
     <span class='ocr_line' id='line_1_35' title="bbox 189 3777 1266 3844; baseline -0.01 0"><span class='ocrx_word' id='word_1_247' title='bbox 189 3793 222 3844; x_wconf 86' lang='lat' dir='ltr'><strong>et</strong></span> <span class='ocrx_word' id='word_1_248' title='bbox 239 3784 371 3843; x_wconf 91' lang='lat' dir='ltr'><strong>omnino</strong></span> <span class='ocrx_word' id='word_1_249' title='bbox 390 3781 622 3843; x_wconf 82' lang='lat' dir='ltr'><strong>inviolabiliter</strong></span> <span class='ocrx_word' id='word_1_250' title='bbox 643 3781 782 3841; x_wconf 89' lang='lat' dir='ltr'><strong>tenenda</strong></span> <span class='ocrx_word' id='word_1_251' title='bbox 798 3789 831 3840; x_wconf 89' lang='lat' dir='ltr'><strong>et</strong></span> <span class='ocrx_word' id='word_1_252' title='bbox 848 3781 1046 3841; x_wconf 86' lang='lat' dir='ltr'><strong>observanda</strong></span> <span class='ocrx_word' id='word_1_253' title='bbox 1063 3777 1266 3842; x_wconf 83' lang='lat' dir='ltr'><strong>decreverunt.</strong></span> 
     </span>
     <span class='ocr_line' id='line_1_36' title="bbox 189 3855 1265 3948; baseline -0.009 -20"><span class='ocrx_word' id='word_1_254' title='bbox 189 3866 258 3948; x_wconf 81' lang='lat' dir='ltr'><strong>Ego</strong></span> <span class='ocrx_word' id='word_1_255' title='bbox 284 3866 382 3948; x_wconf 79' lang='lat' dir='ltr'><strong>igitur</strong></span> <span class='ocrx_word' id='word_1_256' title='bbox 394 3864 616 3925; x_wconf 85' lang='lat' dir='ltr'><strong>Hludouricus</strong></span> <span class='ocrx_word' id='word_1_257' title='bbox 630 3862 834 3924; x_wconf 86' lang='lat' dir='ltr'><strong>rectitudinis</strong></span> <span class='ocrx_word' id='word_1_258' title='bbox 854 3871 885 3922; x_wconf 91' lang='lat' dir='ltr'><strong>et</strong></span> <span class='ocrx_word' id='word_1_259' title='bbox 909 3861 1045 3923; x_wconf 83' lang='lat' dir='ltr'><strong>iustitiae</strong></span> <span class='ocrx_word' id='word_1_260' title='bbox 1071 3881 1174 3922; x_wconf 87' lang='lat' dir='ltr'><strong>amore</strong></span> <span class='ocrx_word' id='word_1_261' title='bbox 1197 3855 1265 3944; x_wconf 50' lang='lat' dir='ltr'><strong>hant</strong></span> 
     </span>
     <span class='ocr_line' id='line_1_37' title="bbox 152 3945 1266 4032; baseline -0.008 -23"><span class='ocrx_word' id='word_1_262' title='bbox 152 3947 396 4030; x_wconf 76' lang='lat' dir='ltr'><strong>‘&#39;&#39;spontancam</strong></span> <span class='ocrx_word' id='word_1_263' title='bbox 430 3946 673 4032; x_wconf 84' lang='lat' dir='ltr'><strong>promissionem</strong></span> <span class='ocrx_word' id='word_1_264' title='bbox 706 3967 807 4009; x_wconf 86' lang='lat' dir='ltr'><strong>meam</strong></span> <span class='ocrx_word' id='word_1_265' title='bbox 845 3945 992 4029; x_wconf 80' lang='lat' dir='ltr'><strong>relegens</strong></span> <span class='ocrx_word' id='word_1_266' title='bbox 1031 3962 1128 4006; x_wconf 86' lang='lat' dir='ltr'><strong>manu</strong></span> <span class='ocrx_word' id='word_1_267' title='bbox 1157 3954 1266 4028; x_wconf 73' lang='lat' dir='ltr'><strong>proprtt</strong></span> 
     </span>
     <span class='ocr_line' id='line_1_38' title="bbox 193 4031 326 4099; baseline 0.008 -9"><span class='ocrx_word' id='word_1_268' title='bbox 193 4031 326 4099; x_wconf 81' lang='lat' dir='ltr'><strong>firmari.</strong></span> 
     </span>
    </p>
   </div>
   <div class='ocr_carea' id='block_1_14' title="bbox 0 0 1378 4992">
    <p class='ocr_par' dir='ltr' id='par_1_14' title="bbox 0 0 1378 4992">
     <span class='ocr_line' id='line_1_39' title="bbox 0 0 1378 4992; baseline 0 0"><span class='ocrx_word' id='word_1_269' title='bbox 0 0 1378 4992; x_wconf 95' lang='lat' dir='ltr'><strong> </strong></span> 
     </span>
    </p>
   </div>
  </div>
 </body>
</html>
