2712 4992
437 289 538 344 tmen
558 287 743 344 secunnus
1088 268 1163 342 337

165 415 376 490 Ῥναεετατιά
390 429 430 489 de
453 449 486 489 re
503 427 665 488 Ecclesiae
690 429 728 489 ab
751 425 909 514 Episcopo
922 426 1025 510 sucta.

127 539 196 600 XL.
244 537 283 596 In
313 537 439 597 Christo
464 546 596 598 sanctae
619 535 784 596 Ecclesiae
811 534 896 612 filiis,
919 537 1007 611 (aut,
1031 536 1057 598 si
1081 538 1162 600 tales

53 625 187 694 fuerint,
211 620 406 682 inlustribus
434 620 511 680 viris
539 619 644 696 illis,l
674 620 730 677 ille
761 618 851 678 illius
872 619 1038 680 Ecclesiae
1062 621 1163 702 gratia

52 709 106 767 Dei
130 707 326 786 Episcopus.
368 707 455 763 Dum
485 701 735 784 adpetitionem
760 711 919 772 vestram,
953 701 1017 761 alio
1041 701 1161 764 locello

54 797 254 866 nuncupante
283 786 341 862 sic,
363 787 460 846 situm
477 784 531 861 ibi,
552 784 641 844 vobis
666 783 785 865 pariter
798 784 837 843 ad
857 781 1062 864 beneficium,
1084 787 1162 848 dum

54 869 254 944 advixeritis,
286 869 436 928 excolere
465 867 682 948 permisimus,
714 876 745 926 et
772 887 830 946 per
857 864 919 926 hoc
949 867 1012 927 alio
1042 868 1161 930 locello

56 961 256 1032 nuncupante
281 950 350 1026 sic,
372 950 468 1010 situm
497 949 560 1025 ibi,
595 951 633 1009 do
659 949 852 1030 proprietate
876 960 981 1010 vestra
1008 955 1072 1022 tam
1098 959 1158 1034 pro

57 1039 116 1118 ipso
142 1057 199 1094 usu
224 1055 328 1114 quam
353 1055 412 1114 pro
441 1031 565 1092 animae
585 1041 706 1091 vestrae
731 1030 877 1090 remedio
899 1043 972 1114 post
997 1033 1164 1094 amborum

61 1122 218 1179 discessum
248 1115 292 1176 ad
317 1115 383 1198 ipsa
406 1116 550 1176 Ecclesia
579 1113 679 1174 sancti
709 1114 797 1173 illius
826 1135 885 1194 per
911 1126 1047 1176 vestram
1074 1117 1163 1198 epis-

61 1203 144 1261 talam
162 1199 350 1280 delegastis,
367 1197 439 1257 ideo
456 1199 547 1258 nobis
563 1219 636 1258 cum
657 1217 815 1256 consensu
832 1198 966 1260 teatrum
981 1207 1164 1260 nostrorum

64 1282 195 1343 convenit
208 1281 298 1340 hanc
317 1281 483 1362 epistolam
507 1279 712 1362 praestariam
729 1279 762 1337 in
786 1279 874 1339 vobis
888 1281 1008 1362 pariter
1024 1282 1165 1344 conseri*
1205 1317 1213 1338 .

63 1368 137 1441 bere,
156 1375 188 1423 ut
205 1365 285 1424 dum
299 1359 421 1446 pariter
440 1363 638 1438 advixeritis,
656 1371 710 1420 aut
723 1361 779 1441 qui
792 1383 832 1422 ex
843 1365 933 1425 vobis
951 1364 1020 1445 pari
1034 1385 1092 1448 suo
1112 1386 1165 1424 su-

64 1447 160 1530 prestis
174 1448 276 1506 fuerit
300 1456 332 1506 et
350 1445 520 1519 advixerit,
543 1467 603 1506 nec
621 1465 678 1504 nos
696 1465 756 1504 nec
770 1465 965 1506 successores
984 1445 1085 1506 nostri
1102 1469 1164 1508 nec

62 1530 198 1610 quislibet
220 1531 260 1588 de
281 1539 373 1610 parte
388 1529 551 1592 Ecclesiae
572 1536 697 1586 nostrae
721 1527 786 1608 ipsa
803 1529 917 1588 locella
932 1530 971 1589 tle
985 1538 1088 1589 vestra
1108 1539 1164 1611 po'·

61 1607 155 1672 testate
172 1612 381 1692 pontificium
402 1611 570 1670 auferendi
585 1631 648 1669 non
671 1605 852 1686 babeamuS,
866 1613 920 1671 sed
936 1633 993 1693 per
1017 1621 1163 1673 nostrum

60 1696 240 1754 beneficium
257 1705 314 1753 aut
332 1715 553 1754 successorum
570 1701 762 1769 nostrorum,
786 1693 862 1751 dun
873 1693 1070 1770 advixeritis,
1093 1695 1162 1755 abs·

61 1798 114 1856 que
129 1779 194 1838 ullo
211 1776 417 1858 praeiudicio
433 1774 597 1834 Ecclesiae
614 1784 740 1834 nostrae
761 1777 813 1836 vel
834 1777 1032 1836 minuatione
1053 1778 1163 1857 aliqua

64 1863 96 1919 de
125 1859 267 1940 qualibet
283 1881 327 1920 re
349 1859 383 1918 in
409 1858 592 1938 integritate
618 1857 708 1916 amba
728 1857 844 1917 locella
868 1860 1017 1919 excolere
1047 1859 1160 1920 debea-

61 1943 106 2016 tis,
124 1953 152 2002 et
178 1952 253 2024 post
276 1953 420 2003 vestrum
440 1940 590 1999 ambobus
608 1939 892 2012 discessum,sicut
912 1951 943 2002 et
965 1951 1066 2001 vestra
1079 1955 1165 2002 con-

64 2023 130 2083 tinet
150 2025 294 2106 epistola
315 2027 423 2084 Iocum
443 2023 625 2104 praecariae
650 2025 750 2100 facta,
776 2023 894 2104 absque
917 2023 1016 2084 ullius
1040 2045 1159 2106 expec-

65 2115 115 2164 tata
138 2108 317 2167 traditione
353 2129 405 2168 eas
441 2127 499 2166 nos
529 2115 584 2164 aut
615 2127 812 2166 successores
846 2108 945 2168 nostri
973 2107 1011 2166 ad
1037 2116 1161 2189 partem

62 2189 207 2251 Ecclesiae
235 2198 369 2250 nostrae
392 2210 545 2250 revocare
567 2188 748 2252 debeamus.
790 2189 887 2250 Facta
909 2189 1056 2271 epistola.

64 2302 94 2360 Si
119 2305 227 2384 uliquis
248 2326 320 2366 rem
343 2305 471 2365 alterins
492 2323 583 2386 quum
604 2303 723 2362 excolit
742 2301 786 2361 ad
803 2307 1029 2384 proprietatem
1044 2304 1157 2367 laudere

169 2389 256 2464 vetit,
286 2400 315 2446 et
342 2409 405 2446 non
424 2397 545 2468 potest,
568 2397 598 2444 et
616 2397 728 2468 postea
752 2405 820 2443 enm
838 2388 1028 2468 precaverit.

132 2493 215 2554 XLI.
259 2497 389 2554 Domuo
407 2490 536 2552 inlustri
563 2491 621 2550 illo
647 2491 779 2551 etmihi
800 2492 931 2573 proprio
949 2495 1076 2552 Domuo
1095 2493 1158 2554 illi.

66 2575 137 2631 Dum
151 2597 216 2656 per·
228 2577 388 2636 malornm
404 2575 571 2634 bominum
585 2573 766 2649 consilium,
787 2577 875 2654 quod
889 2596 952 2639 nou
970 2573 1161 2654 debueram,

70 2657 102 2714 de
121 2667 200 2716 terra
224 2669 332 2720 vcstra
358 2659 391 2716 in
411 2658 483 2718 loco
502 2665 709 2737 nuncupante
726 2657 802 2735 itto,
825 2679 922 2738 quem,
941 2659 1090 2720 excolere
1112 2658 1164 2719 vi-

69 2737 137 2814 deo,
164 2742 323 2803 revellare
345 2740 447 2802 amavi
471 2748 502 2800 et
525 2740 590 2821 ipsa
615 2748 700 2799 terra
727 2739 767 2799 ad
791 2740 1019 2822 proprietatem
1041 2741 1163 2818 sarire,

69 2829 95 2878 et
117 2841 177 2882 non
201 2823 316 2905 potui,
339 2823 428 2905 quod
448 2843 508 2882 nec
530 2822 611 2882 ratio
636 2823 813 2904 praestitit,
836 2832 868 2882 et
889 2845 944 2882 vos
961 2824 1011 2882 vel
1032 2833 1162 2904 agentes

68 2905 154 2963 vestri
181 2925 251 2965 eam
275 2907 315 2966 ad
337 2915 459 2986 partem
479 2915 615 2967 vestram
636 2907 826 2981 revocastis,
847 2906 898 2966 vel
924 2905 1014 2966 nobis
1043 2907 1162 2967 exinde

68 2984 208 3064 eiecistis,
232 2988 291 3050 sed
313 2997 422 3070 postea
448 2987 488 3047 ad
512 2987 703 3068 petitionem
731 2989 889 3048 bonorum
912 2987 1081 3048 bominum
1108 3011 1166 3050 no·

68 3064 107 3126 bis
127 3089 191 3128 eam
213 3073 255 3131 ad
290 3065 505 3131 excolendum
530 3069 726 3135 reddidistis.
774 3073 950 3151 Propterea
978 3071 1062 3132 hanc
1087 3093 1164 3153 pre-

69 3149 173 3210 cariam
200 3152 414 3213 dominationi
445 3162 567 3214 vestrae
599 3151 792 3229 emittimus,
828 3163 864 3212 ut
898 3155 1043 3234 qnandiu
1073 3156 1165 3216 vobis
1196 3159 1199 3162 ’

69 3231 213 3309 placuerit
236 3245 273 3296 ut
295 3257 364 3295 eam
384 3245 572 3310 teneamus,
601 3234 719 3315 absque
746 3236 814 3295 ullo
833 3245 939 3296 vestro
988 3238 1167 3298 raciudicio

71 3313 212 3396 quicquid
232 3317 354 3398 reliqui
384 3317 527 3378 accolani
551 3319 650 3378 vostri
674 3319 807 3395 faciunt,
831 3339 888 3378 nos
910 3340 943 3378 re
969 3321 1043 3380 dere
1067 3342 1172 3404 spon-.

74 3395 172 3458 dimus.
214 3401 312 3478 Quod
329 3401 355 3461 si
377 3423 440 3460 non
467 3401 648 3477 fecerimus,
671 3411 702 3460 et
719 3401 758 3461 ob
779 3400 841 3461 boc
865 3402 1084 3482 neglegentes,
1105 3412 1167 3462 tar·

74 3475 111 3554 di,
130 3491 181 3540 ant
207 3493 412 3544 contumaces
435 3483 600 3558 fuerimus,
622 3483 752 3564 publice
774 3506 832 3565 per
858 3483 941 3544 bamc
959 3485 1165 3565 praecariam,

75 3579 104 3616 110
125 3562 148 3622 si
173 3577 299 3648 semper
321 3588 380 3648 per
405 3565 666 3647 quinquennium
687 3576 841 3630 renovata
869 3566 992 3643 suisset,
1017 3567 1167 3628 condem-
1191 3601 1194 3606 .

76 3643 141 3719 nati,
169 3656 203 3706 ut
225 3649 280 3707 lex
307 3658 447 3732 praestat
476 3648 574 3708 tardis
608 3657 661 3706 aut
693 3649 946 3730 negligentibus,
977 3651 1075 3722 etde
1101 3651 1166 3732 ipsa

75 3729 224 3791 ternanos
246 3731 447 3812 pontificium
468 3729 609 3790 babeatis
633 3729 783 3790 eiciendi.
825 3733 933 3802 Facta⁸
950 3734 1094 3814 precaria
1121 3735 1165 3792 ibi

76 3807 181 3870 subde
206 3813 395 3891 ille,'anno
417 3813 487 3892 illo,
510 3813 568 3889 illo
590 3815 687 3894 Rege.

77 3939 226 4004 Indicetes
253 3945 424 4030 Episcopi,
452 3943 498 4005 nd
527 3945 623 4004 olium
644 3948 675 4004 in
699 3946 929 4006 resurrectione
953 3947 1084 4007 Domini
1110 3969 1165 4008 eu-

466 4028 564 4106 logius
586 4026 760 4106 dirigendo.

147 4137 248 4203 XLII.
289 4141 428 4203 Domino
444 4152 552 4202 sancto
567 4150 598 4202 et
623 4142 801 4222 apostolica
815 4144 1024 4204 veneratione
1051 4145 1163 4204 colen-

80 4211 115 4273 do
133 4219 254 4286 Domuo
272 4235 304 4286 et
325 4225 360 4285 in
382 4225 510 4287 Christo
530 4223 622 4286 fratri
637 4225 687 4285 illi
709 4226 947 4309 Episcopoitle
968 4227 1066 4310 gratia
1088 4229 1162 4307 Dei,

868 4343 916 4410 22
