2746 4992
210 297 281 371 998
442 312 567 370 sena
672 315 906 370 cirirucssn
1010 325 1063 375 sss.

206 469 282 522 sunt
296 453 446 516 nonnulli
470 450 525 534 qui
545 451 585 511 de
604 449 805 530 homicidiis,
835 453 1022 534 adulteriis,
1047 457 1196 538 periuriis,
1221 463 1260 520 in·

207 540 329 605 cesidiis
351 537 520 598 consilium
536 535 811 614 etpoenitentiam
838 547 1018 618 quaerunt,
1046 549 1076 598 et
1098 541 1203 606 malum
1220 565 1261 602 ra-

204 627 298 708 pinae
317 641 375 702 pro
395 618 497 677 nihilo
521 615 664 692 ducunt,
689 639 751 676 non
776 614 1001 700 intellegentes
1020 621 1089 700 quia
1116 633 1185 700 quot
1199 647 1261 705 pau·

204 727 295 788 peres
314 702 385 782 quis
410 697 581 780 exspoliat,
612 707 653 758 et'
672 699 752 758 same
784 723 820 760 ac
837 703 978 762 nuditate
1004 703 1167 784 periclitari
1188 705 1262 781 facit,

205 801 248 848 tot
264 785 436 844 homicidia
455 789 630 862 perpetrat:
653 781 727 860 quia
746 793 822 842 tunc
837 785 1020 862 proximum
1034 805 1122 844 suum
1139 786 1264 846 interfiat

206 875 281 932 dnm
300 863 504 928 umle'vivere
520 861 614 922 debet
635 863 663 921 ei
686 864 778 923 tollit.
820 867 862 924 Et
886 860 1020 944 scimus,
1043 867 1159 927 dicente
1183 870 1264 928 Paulo

203 950 375 1033 ApostolO‚
399 946 472 1026 quia
492 944 594 1003 omnis
614 942 774 1004 homicida
799 967 864 1004 non
888 947 984 1008 babet
1016 949 1109 1009 vitam
1134 949 1163 1006 in
1186 972 1265 1030 regno

202 1035 281 1109 Dei,
303 1043 334 1092 et
358 1027 531 1089 homicidas
549 1035 578 1084 et
601 1027 761 1086 adulteros
793 1028 946 1088 iudicabit
968 1033 1065 1091 Deus.
1112 1030 1190 1106 Quia·
1206 1053 1264 1111 ergo

202 1137 329 1194 rapaces
345 1107 545 1190 regnumDei
563 1130 626 1166 non
644 1109 860 1189 possidebunt,
872 1111 932 1170 nisi
949 1133 984 1170 ea
1004 1111 1193 1172 reddiderint
1202 1134 1266 1193 quae

203 1198 354 1266 tulerint,
379 1201 409 1252 st
421 1191 550 1270 insuper
565 1191 793 1270 poenitentiam
808 1193 947 1272 egerint,
975 1195 1130 1276 fugiamus
1143 1193 1198 1253 hoc
1210 1206 1266 1252 tan-

201 1295 269 1342 tum
291 1277 407 1336 malum
426 1273 511 1332 unde
530 1279 625 1330 totae
647 1283 732 1332 tanta
747 1273 808 1332 alia
830 1277 911 1333 mala
937 1277 1136 1355 procedunt,
1163 1285 1192 1335 et
1212 1275 1267 1334 dili·

203 1385 309 1446 gamus
324 1357 483 1440 proximos
505 1354 587 1414 sicut
603 1355 826 1435 nosmetipsos,
849 1358 1060 1438 adimplentes
1083 1359 1180 1437 legem
1203 1377 1266 1438 quae

204 1445 300 1506 dicit:
323 1443 394 1500 Non
416 1438 614 1516 concupiscas
632 1457 696 1496 rem
715 1440 859 1516 proximi
881 1441 927 1497 tui
937 1483 946 1514 ‚
968 1461 1024 1500 nec
1041 1442 1140 1500 omniu
1157 1459 1222 1519 quae
1237 1441 1267 1495 il-

203 1531 262 1586 lius
278 1536 356 1584 sunt.
399 1519 481 1596 Quia
499 1517 592 1578 aliter
611 1539 715 1598 neque
741 1516 878 1580 inimicis
899 1523 1015 1583 nostris
1040 1519 1204 1605 poterimus
1228 1541 1268 1579 re-

206 1612 333 1681 sistcre,
357 1622 461 1681 neque
477 1621 612 1679 regnum
629 1601 690 1659 Dei
709 1601 881 1679 possidere.
1209 1661 1212 1670 ,

284 1689 310 1749 l.
352 1686 509 1747 Volumus
526 1681 632 1763 itaque
652 1693 687 1742 ut
704 1682 856 1760 palatium
874 1692 1032 1761 nostrum,
1054 1703 1139 1744 more
1158 1681 1269 1766 praede-

205 1789 365 1833 cessorum
386 1774 587 1838 nostrorum,
608 1773 639 1823 et
659 1764 720 1823 Dei
739 1765 847 1841 cultu,
871 1776 902 1825 et
920 1768 1021 1846 regali
1035 1765 1166 1842 honore,
1187 1765 1234 1828 sed
1247 1774 1270 1821 et

203 1850 368 1932 religionis
393 1846 521 1918 babitu,
556 1849 588 1905 e't
617 1845 833 1906 unianimitatis
868 1848 1057 1923 concordia,
1089 1858 1178 1929 atque
1202 1845 1269 1928 pacis

204 1935 315 1996 ordine
335 1929 532 2000 stabiliatur,
555 1938 586 1986 et
604 1928 636 1986 in
663 1928 776 1987 eodem
796 1929 913 2010 palatio
940 1939 1050 1989 nostro
1073 1951 1133 2010 pax
1159 1929 1269 2011 praede·

204 2036 364 2077 cessurum
383 2021 563 2070 nostrorum
584 2009 802 2070 sanctionibus
822 2020 943 2072 servata
956 2033 1014 2094 per
1038 2032 1131 2072 omne
1158 2030 1270 2092 regnan

208 2109 351 2159 nostrum
369 2092 565 2174 exequenda¹
577 2095 766 2172 proferatur,

287 2179 330 2239 ll.
371 2173 580 2236 Decernimus
594 2173 746 2254 igitur-‚ut
763 2195 872 2234 omnes
886 2175 927 2234 in
951 2172 1071 2255 palatio
1088 2185 1190 2236 nostro
1206 2194 1270 2231 eom·

206 2265 389 2330 manentes,
411 2266 443 2316 et
463 2255 545 2314 illud
567 2256 710 2334 undique
734 2255 883 2316 adeuntes
905 2256 1037 2338 pacifice
1060 2259 1175 2319 vivant.
1195 2254 1270 2332 Quod

202 2345 228 2407 si
245 2341 361 2423 aliquis
376 2345 524 2411 corrupta
538 2358 614 2416 pace
632 2337 773 2417 rapinam
790 2321 987 2414 exercuerit}
1008 2361 1069 2418 per
1099 2349 1269 2398 nostramre-

205 2429 287 2508 giam
314 2421 534 2481 aitietoritatem
558 2427 588 2476 et
608 2419 695 2477 Missi
723 2422 822 2478 nostri
855 2421 1029 2480 iussionem
1053 2422 1094 2481 ad
1123 2419 1270 2502 palatinam

168 2517 173 2526 '
206 2510 382 2570 adducatur
400 2498 611 2568 audientiam
634 2511 668 2558 ut
686 2502 860 2560 secundum
875 2503 960 2583 quod
977 2502 1010 2560 in
1029 2503 1180 2584 Capitulis
1200 2509 1271 2558 ante-

204 2611 363 2651 cessorum
380 2582 582 2657 continetur,
605 2581 698 2661 legali
724 2584 878 2642 multetur
896 2583 1039 2662 iudicio,
1061 2585 1154 2666 tripla
1171 2602 1270 2663 compo·

208 2675 323 2736 sitione
345 2674 470 2751 peracta
490 2684 561 2720 cum
579 2664 738 2723 dominico
751 2665 877 2724 banno.

287 2752 346 2814 lll.
389 2745 515 2827 Siquis
546 2766 623 2805 vero
653 2747 770 2826 absque
798 2747 931 2805 Seniore
956 2754 1011 2806 aut
1038 2746 1123 2807 infra
1144 2743 1270 2828 palatina

207 2848 259 2897 aut
276 2834 359 2895 circa
379 2829 460 2889 illud
479 2827 597 2906 degens
616 2827 677 2886 hoc
699 2829 781 2887 idem
803 2829 931 2902 fecerit,
946 2827 1043 2887 bunc
1059 2831 1169 2889 Missus
1188 2833 1272 2886 noster

207 2923 313 2992 adeat,
337 2923 367 2972 et
383 2912 421 2970 ad
439 2909 541 2987 ipsum
558 2909 709 2988 palatium
723 2911 809 2969 iussu
830 2920 936 2971 nostro
959 2932 1033 2970 eam
1051 2913 1161 2971 venire
1176 2905 1272 2990 praeci-

207 3005 281 3084 piat.
324 2993 419 3070 Quod
439 2992 464 3049 si
483 3012 560 3049 ausu
594 2993 760 3051 temerario
786 2991 898 3052 venire
924 2993 1168 3072 contempserit,
1194 2989 1219 3049 vi
1243 2986 1272 3042 ad

207 3092 346 3142 nostram
370 3071 579 3155 praesentiam
600 3073 793 3146 adducatur,
815 3072 998 3132 subdendus
1017 3076 1272 3153 praedecessorum

209 3173 390 3224 nostrorum
407 3154 630 3214 sanctionibus.
661 3155 693 3213 Si
709 3165 813 3213 antem
829 3165 861 3215 et
882 3175 938 3214 nos
958 3165 989 3214 et
1006 3157 1138 3216 Missum
1154 3161 1271 3213 nostran

208 3238 450 3319 contempserit,
474 3245 505 3296 et
520 3235 560 3294 ad
583 3257 640 3295 nos
662 3237 771 3296 venire
794 3236 953 3312 noluerit,
976 3246 1007 3296 et
1031 3260 1065 3298 se
1094 3231 1271 3299 defendendi

207 3329 251 3387 ibi
270 3324 391 3385 occisus
416 3317 532 3389 suerit,
568 3327 599 3376 et
625 3317 741 3395 aliquis
768 3329 933 3398 parentum
955 3321 1008 3377 aut
1031 3321 1200 3381 amicornm
1220 3315 1272 3372 eius

208 3411 283 3469 inde
300 3404 416 3463 bridam
434 3398 580 3458 fidelibus
597 3401 729 3474 nostris,
760 3400 816 3479 qui
845 3421 919 3460 cum
941 3400 1143 3478 occiderint,
1169 3397 1272 3480 portare

207 3487 368 3559 voluerit,
389 3481 577 3564 potestative
601 3502 668 3538 eam
689 3482 792 3540 iurare
809 3481 972 3558 faciemus,
994 3493 1026 3542 et
1045 3484 1154 3545 fideles
1171 3486 1272 3539 nostros

206 3573 295 3655 regia
311 3565 496 3626 auctoritate
516 3563 631 3622 exinde
656 3563 882 3621 adiuvabimus.

289 3649 344 3711 IV.
384 3643 510 3706 Placuit
531 3645 625 3704 etiam
643 3645 733 3704 nobis
753 3653 785 3703 et
804 3643 951 3704 fidelibus
969 3645 1084 3707 nestris
1110 3656 1144 3704 ut
1162 3649 1273 3726 quicun-

207 3757 269 3816 que
288 3733 372 3792 inl'ra
390 3748 526 3807 regnum
544 3737 687 3785 nostrum
703 3727 826 3806 aliquid
842 3727 985 3808 rapuerit
1008 3738 1062 3786 aut
1088 3729 1272 3809 depraedatus

205 3815 323 3889 fuerit,
346 3811 451 3870 oinnia
471 3809 503 3866 in
521 3808 650 3887 triplum
673 3817 861 3888 componat,
883 3817 915 3867 et
939 3808 1081 3869 bannum
1102 3811 1274 3870 dominicum

206 3899 381 3983 persolvat,
404 3901 436 3950 et
453 3890 584 3970 insuper
603 3890 763 3969 publicam
779 3890 1007 3972 poenitentiam
1020 3892 1095 3952 inde
1112 3892 1220 3966 faciat,
1239 3889 1272 3948 si-

208 3993 262 4043 cut
279 3982 311 4039 in
328 3971 504 4055 Capitulari
527 3980 760 4031 antecessorum
784 3972 976 4038 continetur.
1018 3973 1051 4032 Si
1076 3983 1180 4032 autem
1207 3971 1274 4032 eolo·

208 4085 267 4122 nus
292 4067 344 4118 aut
369 4075 479 4116 servus
500 4053 616 4129 fuerit,
639 4053 786 4112 similiter
801 4053 906 4113 omnia
921 4054 953 4111 in
970 4053 1272 4135 triplumcomponat,

208 4154 262 4204 aut
277 4138 423 4203 dominus
442 4156 500 4217 pro
522 4157 560 4196 eo
576 4136 738 4216 sexaginta
757 4135 838 4196 ictus
854 4135 936 4195 bene
951 4157 1072 4216 pressos
1095 4137 1231 4216 accipiat,
1249 4141 1273 4189 et

206 4215 341 4292 insuasi-
357 4217 516 4299 publicam
537 4216 767 4298 poenitentiam
780 4217 855 4278 inde
880 4225 967 4294 agab
990 4215 1080 4278 euius
1100 4219 1205 4278 modus
1225 4215 1272 4274 erit
