2658 4978
168 311 239 390 102
390 325 540 404 uena.
643 323 885 384 caerretanus
984 329 1047 402 ⁸⁵9·

168 471 323 554 scriptum
341 464 459 550 relegit
472 465 517 528 ita
532 463 698 548 inquiens:
719 463 786 526 Vos
805 464 886 528 milri
899 466 1111 532 transmisistis
1124 481 1238 538 vestram

170 551 338 640 epistolam
352 570 426 612 cum
440 547 613 631 Capitulis=
637 567 693 609 vos
705 545 839 612 veniatis
863 571 937 611 cum
955 571 1049 612 causa
1073 552 1159 615 facta.
1187 557 1237 619 Nos

169 657 237 697 non
255 654 364 696 sumus
376 630 431 700 hic
447 629 509 694 nisi
528 626 594 692 duo
609 629 663 692 vel
688 637 769 706 tres,
790 631 930 713 quisine
947 631 1019 694 aliis
1041 631 1105 696 huc
1130 636 1237 698 exilivi.

168 737 263 780 mus:
285 715 318 776 in
339 714 411 776 illas
434 733 543 774 causas
564 712 685 778 intrare
713 731 778 772 non
800 735 965 795 possumus
987 723 1153 796 antequam
1181 742 1238 780 cum

167 797 283 860 nostris
299 793 467 880 Episcopis
488 793 564 856 inde
589 804 775 866 tractemus;
796 795 889 877 quia,
916 799 986 864 Deo
1016 799 1144 879 gratias,
1171 801 1237 860 nihil

165 881 237 944 siue
259 879 390 941 illorum
403 875 538 940 consilio
552 876 635 948 feci;
657 884 811 956 etpostea
838 877 914 940 inde
937 878 1153 962 respondeam.
1188 883 1238 945 Nos

166 971 274 1024 antem
290 958 534 1044 expectabamus
553 967 589 1020 ut
602 957 772 1020 consilium
792 981 810 1018 a
828 960 919 1022 nobis
934 961 973 1023 de
994 982 1052 1026 sua
1074 963 1168 1024 salute
1191 965 1238 1024 ob·

152 1043 268 1104 latum
285 1042 351 1126 ipse
363 1048 553 1124 quaereret,
575 1047 607 1102 et
634 1049 710 1102 tuuc
737 1049 769 1100 et
794 1043 973 1104 secundum
1001 1043 1084 1103 illud
1106 1044 1238 1128 scriptum

167 1125 357 1188 donaremus
381 1123 561 1184 consilium.
603 1122 674 1204 Ipse
692 1131 798 1184 autem
818 1123 858 1188 de
883 1147 941 1188 sno
968 1125 1070 1207 gradu
1094 1129 1239 1208 respondit

165 1207 256 1290 quod
275 1206 308 1266 in
327 1205 410 1266 illud
424 1204 579 1287 scriptum
593 1224 660 1264 non
682 1203 817 1266 intraret
837 1215 1009 1288 antequam
1025 1228 1099 1269 cum
1126 1207 1184 1268 suis
1203 1211 1238 1268 E-

189 1288 305 1372 isoopis
326 1287 552 1352 consideraret.
593 1285 637 1346 Et
664 1285 709 1348 sic
739 1287 896 1369 quicquid
926 1290 960 1350 in
993 1290 1137 1373 generali
1163 1311 1238 1356 causa
1306 1364 1307 1371 ἵ

163 1309 327 1438 Ecclesiae
343 1379 376 1433 et
392 1367 506 1455 populi
525 1367 613 1452 egit,
634 1389 734 1454 penes
750 1369 844 1435 illum
862 1373 1034 1464 remansit„

227 1616 257 1662 .·
370 1584 792 1651 TITULUS
868 1585 1048 1650 XXIX.

274 1704 434 1765 Sinoni
475 1721 695 1763 runnnrsrs
733 1720 836 1763 arun
874 1723 1147 1770 neronianas.

151 1819 272 1904 ,Haec
288 1820 480 1907 ventilata,
507 1817 672 1910 definita,
699 1830 807 1910 atque
832 1816 979 1890 obtenta
1002 1832 1091 1892 sunt
1115 1821 1152 1891 in
1177 1821 1238 1914 Sy·
1310 1823 1311 1828 ’

161 1921 261 1994 nodo
288 1917 483 1990 duodecim
504 1917 790 2012 provinciarum
814 1941 907 2008 quae
931 1917 1063 1990 habita
1086 1931 1138 1988 est
1156 1945 1238 1992 anno
1311 1984 1312 1992 ,

159 2017 441 2089 Incarnationis
461 2015 686 2088 Dominicae
702 2015 942 2104 Ducentis,
968 2018 1174 2087 Indictione
1191 2037 1238 2089 vn
1305 2064 1309 2098 ·,

161 2119 201 2192 in
226 2116 413 2189 territorio
447 2114 630 2203 Turonas,
657 2113 724 2183 aab
751 2113 950 2184 Prioribus
977 2117 1138 2208 Karon,
1161 2117 1238 2190 Hio-

451 2213 601 2303 clario,
635 2211 781 2284 etitem
804 2213 964 2294 Karolo,

179 2375 249 2454 (De
269 2351 447 2440 concordia
460 2376 542 2436 inter
553 2371 677 2538 fratrses
701 2371 897 2516 Ludbiuicum
920 2387 951 2440 et
972 2374 1127 2439 Knrolum
1137 2374 1223 2462 Reges

178 2483 180 2488 ·
604 2477 637 2523 re
654 2478 762 2520 orman
787 2481 815 2522 a.

239 2609 265 2670 1.
292 2549 355 2670 Ut
385 2607 498 2671 caritas
522 2607 663 2668 fraterna
692 2617 724 2669 et
752 2610 924 2671 concordia
947 2610 1034 2694 pacis
1060 2610 1240 2672 reformetur

159 2692 246 2752 inter
269 2693 394 2768 fratres,
416 2689 582 2774 Principes
608 2690 732 2752 scilicet
759 2714 795 2753 ac
823 2694 977 2776 gloriosos
1003 2695 1108 2775 Reges
1132 2699 1240 2752 nostros

156 2772 397 2839 Hludouvioum
415 2783 449 2835 et
468 2773 638 2856 Karolum;
669 2773 808 2852 qualiter
825 2775 959 2836 schisma
979 2777 1067 2856 quod
1090 2785 1189 2835 ortum
1202 2777 1241 2830 est
1312 2800 1314 2832 t

157 2876 262 2937 nuper
283 2855 317 2916 in
339 2855 494 2931 Ecclesia,
516 2854 556 2915 ad
577 2855 730 2916 unitatem
756 2857 963 2939 benignitatis
986 2857 1092 2917 valeat
1111 2854 1241 2915 redinte-

158 2937 254 3018 grari,
278 2948 310 3000 et
335 2947 432 3002 status
451 2936 616 2999 Ecclesiae
637 2958 720 3019 pene
741 2937 910 3020 conlapsus
928 2937 1066 3016 restitui,
1089 2947 1121 2998 et
1136 2957 1194 3019 pax
1211 2954 1241 2992 ac

159 3018 280 3080 iustitia
298 3019 332 3078 in
349 3019 470 3102 populo
488 3018 671 3079 Christiano
687 3020 792 3080 valeat
815 3022 977 3099 procurari
984 3046 992 3094 ;
1017 3030 1049 3082 et
1066 3020 1123 3101 qui
1139 3040 1156 3078 a
1172 3015 1242 3077 fide·

161 3099 252 3162 litate
270 3099 377 3161 debita
396 3101 595 3177 defecerunt,
619 3101 738 3162 iudicio
756 3111 787 3162 et
807 3103 925 3164 iustitia
944 3124 1002 3185 per
1017 3113 1137 3164 rectam
1155 3098 1243 3159 ratio·

161 3201 235 3244 nem
258 3191 290 3243 et
310 3181 532 3244 rationabilem
552 3182 800 3244 misericordiam
822 3186 945 3265 possint
967 3184 1093 3264 salvari,
1121 3192 1153 3243 et
1177 3199 1243 3264 per·

160 3284 255 3326 verso
279 3264 445 3326 conamine
464 3264 505 3325 ud
522 3263 698 3330 salubriora
715 3267 868 3329 converti.

162 3376 232 3450 [Ut
244 3377 397 3466 Episcopi
412 3389 516 3446 mutuo
533 3399 565 3440 se
586 3379 716 3441 consilio
736 3393 767 3440 et
783 3368 904 3445 auxilio
927 3379 1088 3454 adiuuent,
1110 3394 1140 3442 et
1152 3378 1244 3458 Syno-

555 3459 614 3524 dos
629 3459 866 3546 frequentent).

164 3645 167 3651 ,
241 3581 282 3644 11.
323 3572 478 3662 Episcopi
496 3596 634 3656 namque
652 3577 831 3638 secundum
851 3578 981 3639 illorum
994 3576 1202 3640 ministerium
1215 3594 1246 3636 ac

160 3684 281 3728 sacram
299 3661 519 3723 auctoritatem
535 3658 618 3720 uniti
634 3659 709 3738 sint,
732 3669 763 3720 et
776 3668 886 3723 mutuo
906 3659 1040 3723 consilio
1055 3669 1150 3742 atque
1169 3656 1245 3718 auxi·

160 3747 206 3812 lio
222 3747 324 3828 Reges
347 3761 586 3824 regnorumque
610 3740 766 3824 primores
788 3753 883 3823 atque
906 3743 1062 3826 populum
1084 3742 1146 3803 sibi
1168 3760 1247 3802 com-

160 3829 291 3892 missum
317 3828 352 3890 in
375 3825 514 3888 Domino
535 3833 648 3906 regant
668 3834 700 3886 et
723 3825 900 3906 corrigant;
932 3835 965 3885 et
993 3845 1086 3885 nemo
1107 3846 1141 3886 ae
1163 3845 1181 3882 a
1201 3841 1247 3882 so·

160 3912 239 3974 latio
263 3920 375 3976 mutuo
396 3907 581 3984 subtrahat,
615 3907 672 3968 sed
692 3907 860 3991 synodales
885 3915 1060 3968 conventus
1083 3904 1248 3968 secundnm

160 3994 336 4056 iussionem
356 3989 545 4056 canonicam
562 3990 768 4074 frequentare
783 3997 977 4071 procurent:
1000 3999 1156 4071 quatenus
1178 3984 1248 4046 ordo

162 4077 415 4153 ecclesiasticus,
442 4075 499 4156 qui
525 4071 616 4155 quasi
640 4073 827 4134 obliteratus
856 4074 917 4134 iam
942 4075 1064 4148 fuerat,
1085 4067 1250 4153 (qnoniam

162 4159 283 4240 Synodi
301 4167 431 4244 propter
450 4157 640 4220 discordiam
652 4156 776 4238 Regum
795 4154 993 4238 frequentari
1011 4176 1074 4214 non
1096 4151 1252 4236 poterant)

162 4241 336 4332 episcopali
352 4241 524 4307 collatione
547 4235 587 4304 ad
609 4239 822 4304 necessarium
844 4259 879 4301 ac
904 4237 1047 4304 debitum
1071 4244 1184 4302 statum
1202 4250 1246 4293 re·
