2712 4992
506 335 714 392 naacmn·
784 339 786 346 ·
1092 315 1177 402 ‘dett

81 480 139 544 58.
168 474 333 539 Indieulus
349 476 471 558 regetis.
679 476 729 557 49.
759 475 977 543 Hereditoria.

82 564 142 644 59.
172 559 440 643 Aequaleutieuel
451 570 586 646 pactum.
679 561 729 623 50.
758 558 867 620 Cautio
889 558 928 620 de
954 561 1054 623 vinea.

78 647 139 720 4ο.
172 642 311 704 Donatio
329 640 374 701 ad
390 662 494 703 casam
515 641 585 706 Dei.
679 640 729 706 51.
754 641 924 702 Securitas.

76 729 138 803 [μ.
171 724 332 785 Preearia.
679 723 729 786 52.
761 723 897 785 Donatic
915 723 1075 809 adfilioe,

79 811 140 884 42.
170 805 362 866 Praestaria.
631 843 634 848 ·
680 804 731 868 53.
758 805 956 884 Mandatum.

79 893 140 965 45.
173 885 357 949 Traditorie
372 884 412 946 de
431 897 525 952 terra.
683 887 734 963 54.
765 887 868 948 Gesta.

82 973 142 1049 44,
172 969 336 1030 Emuuitas
352 967 548 1036 Sanctorum.
599 977 602 983 '
682 970 732 1032 55.
758 969 910 1052 Epistola.
999 1015 1005 1028 .

85 1055 144 1132 45.
172 1050 337 1114 Iudiculus
362 1051 486 1130 regalis.
682 1051 732 1114 56.
762 1052 857 1112 Gesta
874 1055 1135 1118 manumissioni&

90 1137 146 1214 46.
172 1134 314 1196 delatum
337 1132 441 1216 quod..
682 1135 732 1213 57.
762 1131 955 1195 Traditoria.

93 1221 147 1300 47.
174 1213 391 1279 Hereditatis.
584 1285 587 1290 ¹
683 1215 731 1280 58.
764 1215 968 1280 obnoxiatio.

91 1301 145 1378 48.
172 1295 434 1380 Redemptionele.
594 1303 598 1312 ’

354 1430 476 1496 Notitiae
497 1431 537 1493 de
562 1432 673 1496 colono
692 1431 925 1512 'evindicatas

158 1553 185 1616 1.
227 1547 347 1612 Notitia
363 1547 503 1629 qualiter
525 1549 577 1609 vel
602 1549 720 1630 quihus
740 1550 962 1632 praesentibus
978 1551 1112 1615 veniens
1126 1552 1184 1616 ho·

69 1661 125 1700 mo
143 1633 284 1716 aliquis,
308 1631 439 1692 nomine
457 1630 532 1709 ille,
552 1631 735 1693 Advocatus
751 1632 860 1694 Sancti
877 1631 966 1694 illius
998 1633 1038 1695 de
1058 1637 1184 1698 Menas·

67 1719 240 1784 terioillo
263 1725 296 1776 et
319 1715 378 1775 illo
397 1713 545 1790 Abbate,
568 1713 602 1773 in
625 1714 754 1776 civitate
774 1715 831 1775 illa
855 1714 887 1774 in
917 1714 1026 1788 ‚mallos
1071 1717 1182 1786 ablica

69 1814 152 1864 ante
170 1798 291 1863 illustri
306 1791 378 1859 iiro
398 1795 456 1858 illo
474 1795 598 1857 Comite
615 1798 667 1857 vel
682 1795 753 1858 aliis
779 1797 1025 1880 quampluribus
1036 1739 1183 1882 [leminis

69 1885 199 1947 ibidem
223 1878 457 1954 residentibus,
488 1877 715 1961 interpellabat
743 1876 874 1940 homine
895 1877 1017 1964 'aliquo
1051 1882 1183 1944 nomine

74 1969 156 2044 illo,
177 1962 343 2047 repetebat
365 1962 415 2038 ei,
438 1961 514 2022 dum
536 1960 658 2022 diceret
672 1983 710 2022 eo
727 1962 821 2043 quod
837 1972 919 2032 ante,
940 1962 998 2036 hos
1019 1961 1088 2024 dies
1114 1965 1184 2106 ipse

75 2051 175 2111 homo
200 2053 433 2108 sacramentum
451 2053 563 2104 contra
582 2043 681 2126 ipsam
707 2065 810 2105 casam
832 2045 896 2106 Dei
915 2045 974 2106 ‘vel
998 2044 1098 2126 ipsius
1144 2047 1184 2107 h-

75 2132 159 2194 batis
180 2127 349 2189 habuisset
370 2126 583 2186 adhramitum
621 2127 661 2186 ad
694 2149 783 2189 suam
815 2126 847 2185 in
873 2128 1047 2189 enuitatem
1068 2129 1184 2190 defen·

76 2215 217 2277 eandum
231 2212 265 2270 in
289 2211 358 2291 ipso
377 2209 474 2269 malle
500 2208 534 2266 in
553 2206 683 2270 basilica
700 2209 810 2277 Sancti
832 2145 920 2274 iliius
939 2208 1061 2271 obhoc
1076 2210 1183 2272 iurare
1209 2263 1213 2268 ,

77 2297 264 2369 debuisset,
287 2292 410 2378 etipse
438 2289 534 2350 homo
562 2291 601 2351 de
639 2290 709 2373 ipso
738 2303 936 2354 sacramento
967 2292 1106 2355 iectivus
1129 2315 1186 2359 re-

77 2379 218 2454 mansit,
241 2385 273 2436 et
293 2374 360 2456 ipse
378 2373 474 2434 homo
492 2373 677 2434 nullatcnus
691 2373 831 2438 rationes
849 2363 955 2458 potuit
972 2367 1111 2437 tradere
1126 2397 1189 2458 per

79 2461 171 2544 quod
194 2460 353 2540 ingenuus
382 2476 449 2517 esse
486 2455 643 2531 deberet,
687 2457 738 2517 vel
765 2456 833 2537 ipso
859 2465 1055 2520 sacramento
1079 2457 1185 2518 iurare

78 2543 250 2626 potuisset.
289 2540 332 2600 Et
351 2539 429 2602 dum
449 2537 529 2602 haec
550 2557 642 2596 causa
669 2538 754 2618 apud
783 2539 851 2618 ipso
878 2537 1004 2599 Gemite
1024 2539 1081 2599 rel
1098 2539 1185 2620 ,ipsis

21 2669 24 2672 -
77 2622 317 2704 Racimhurgiie
334 2620 510 2701 'diligenter
524 2620 588 2680 fuit
607 2619 739 2680 inventa
764 2622 815 2682 vel
843 2620 1012 2701 inquisita,
1035 2629 1076 2695 :et
1089 2621 1184 2703 'legi-

77 2711 140 2770 bus
161 2706 226 2766 fuit
240 2703 389 2778 delinita,
413 2713 445 2762 et
465 2702 532 2782 ipse
551 2701 646 2760 homo
669 2701 979 2785 inp1·aasentej,pro
1006 2702 1123 2845 colcgp
1144 2702 1191 2764 ad·

79 2812 189 2854 casam
205 2786 312 2848 Sancti
335 2785 422 2846 illius
439 2785 490 2846 vel
513 2784 612 2866 ipsius
632 2782 761 2846 Abbatis
781 2783 840 2846 sibi
854 2784 1050 2866 recognovit
1061 2807 1100 2846 ve
1130 2806 1184 2846 re-

80 2871 242 2946 credidit,
264 2879 296 2932 et
318 2867 385 2950 ipse
395 2866 543 2929 Vicarius
556 2887 614 2949 per
630 2866 805 2928 iussionem
822 2866 1061 2949 ipsiusComitis
1082 2867 1188 2963 ipsum

78 2954 250 3015 hominem
275 2972 333 3032 per
353 2970 481 3025 manue,
512 2971 571 3028 pro
601 2948 717 3009 colono
752 2949 874 3031 ipsius,
907 2949 1072 3030 Advocato,
1098 2951 1188 3021 ultus,

80 3035 215 3098 Abbatis
234 3035 321 3095 visus
347 3042 393 3093 est
405 3031 600 3107 reddidisse,
621 3041 790 3114 propterea
808 3033 916 3094 taliter
929 3030 958 3095 ei
981 3032 1187 3110 fuit-,iudica-

82 3131 156 3182 tum
182 3127 218 3176 ut
237 3117 276 3178 de
298 3115 356 3176 hac
376 3135 470 3176 causa
489 3113 633 3174 notitiam
654 3113 814 3176 bonorum
833 3114 1005 3184 ‚hominum
1039 3117 1186 3190 manibus

83 3202 266 3262 roboratam
284 3219 357 3258 eum
375 3196 521 3275 accipere
537 3194 679 3271 deberet,
702 3198 796 3274 quod
807 3198 849 3259 ita
865 3207 897 3258 et
912 3197 1067 3276 feeil„ut
1083 3198 1187 3290 ipsum

83 3283 253 3343 hominem
270 3279 336 3362 ipsa
354 3301 424 3340 casa
441 3278 501 3338 Dei
520 3279 570 3338 vel
584 3279 650 3359 ipse
663 3279 753 3337 Abba
773 3300 830 3340 seu
844 3290 985 3342 rectores
1005 3302 1116 3342 eorum
1128 3304 1187 3365 pro

86 3367 206 3426 colono
230 3362 369 3422 habeant
387 3360 627 3438 evindicatum,
650 3368 683 3420 et
699 3361 740 3420 sit
764 3360 849 3422 inter
875 3362 959 3445 ipsos
985 3365 1189 3445 postmodum

87 3469 129 3508 ex
144 3446 204 3506 hac
223 3467 258 3507 re
281 3445 405 3508 sublata
426 3443 574 3509 causati0.
617 3445 672 3504 His
696 3443 992 3532 praesentibusqui
1009 3445 1117 3516 subter
1133 3449 1189 3520 fic..

87 3538 269 3599 mareruut.
796 3577 805 3598 2·
896 3579 899 3588 .
1040 3562 1047 3597 ι,
1108 3533 1131 3583 ’.

448 3657 563 3720 Charta
585 3659 832 3727 sacrnmeatnlis,
1047 3721 1056 3758 t
1104 3739 1106 3745 ,

173 3775 219 3841 ll.
261 3776 406 3838 Veniens
420 3773 600 3834 Advocatus
625 3773 734 3832 Sancti
753 3774 841 3836 illius
859 3774 898 3839 de
914 3758 1107 3848 lllonasterio
1120 3779 1194 3860 illo,

92 3882 150 3924 seu
164 3870 197 3920 et
211 3858 299 3918 illius
315 3857 443 3920 illibatis
460 3856 499 3921 de
518 3855 681 3936 praedicto
697 3856 892 3920 Mouasterio
907 3853 1195 3942 ,illucescunt-illm

92 3944 126 4002 in
153 3941 251 4001 mallo
266 3939 419 4021 publico,
453 3948 526 3999 ante
552 3940 677 3999 illustre
707 3938 776 3998 viro
797 3941 855 4003 illo
880 3942 1006 4019 Gemite
1029 3945 1085 4011 -yel
1117 3945 1190 4008 aliis

92 4025 292 4104 quampluris
308 4025 364 4103 qui
386 4022 504 4083 ibidem
520 4021 668 4097 aderant,
692 4019 916 4104 interpellabat
934 4023 1062 4109 homine
1081 4026 1195 4107 aliquo
1277 4071 1281 4076 .

94 4129 210 4166 nomen
234 4105 308 4181 illo,
329 4105 495 4184 repetebat
511 4102 540 4164 ei
567 4105 643 4164 dum
660 4103 833 4164 dicereteo
856 4105 944 4184 quod
959 4109 1194 4187 ,genitorpauus

96 4188 226 4248 nomine
245 4188 303 4248 illo
317 4188 453 4248 colonus
468 4187 576 4247 Sancti
600 4187 688 4248 illius
710 4185 749 4247 de
767 4187 850 4264 villa¹
861 4187 917 4246 illa
933 4190 1057 4269 fuisset,
1074 4191 1193 4275 (abipso

98 4271 256 4334 colonitiu
269 4271 308 4332 de
328 4269 430 4353 capud
447 4289 540 4331 suum
560 4269 599 4330 ad
617 4270 686 4353 ipsa
708 4291 777 4342 casa
802 4269 865 4330 Dei
879 4271 1049 4352 redebeat,
1079 4284 1114 4337 et
1132 4298 1196 4338 ax.
