2712 4992
518 289 696 346 aracussi
1100 281 1172 354 369

448 429 452 438 ’
536 431 704 494 Securitas.

151 562 205 623 Ll.
245 559 316 622 Nou
341 559 482 638 minima,
507 561 564 624 sed
592 562 727 622 maxima
749 561 884 624 vertitur
911 563 1068 630 discordia
1084 569 1171 638 inter

25 635 122 703 illo
150 653 184 704 et
205 643 273 708 illo.
328 643 503 708 Venientes
526 643 559 702 in
583 645 655 704 loco
685 643 745 703 illo
768 655 841 705 ante
859 645 952 708 bonis
974 647 1170 736 hominibus,

23 726 237 807 repetebat
252 725 318 806 ipse
343 725 399 786 ille
422 726 453 784 in
474 749 567 788 causa
585 749 651 802 sua,
674 727 727 787 rel
744 725 777 786 iu
799 727 936 812 coniuge
958 751 1013 792 sua
1030 734 1097 813 illa,
1110 739 1169 800 ad.

27 829 183 869 versus
211 809 309 891 ipsius
331 807 397 884 lue,
420 807 496 868 dum
525 809 648 870 diceret
668 829 706 869 eo
728 810 816 892 quod
838 809 904 892 ipsa
922 833 1026 893 genua
1040 838 1097 878 sua
1111 819 1169 882 im-

26 889 225 971 pinxerit,
248 899 279 952 et
298 887 364 949 filia
386 891 495 952 eorum
517 891 647 952 nomine
667 889 724 949 illa
749 891 902 968 cessisset,
924 904 957 954 et
978 895 1077 979 ipsam
1103 903 1168 964 ibi.

32 973 143 1032 dem
160 973 288 1043 occisit;
319 972 376 1033 sed
398 972 463 1053 ipsa
485 973 539 1034 illa
562 973 644 1032 hanc
670 993 795 1033 causam
820 973 951 1036 minime
978 981 1083 1061 potuit
1108 977 1185 1048 de-'

34 1075 197 1135 negare.
238 1055 365 1115 Exinde
385 1056 493 1116 taliter
513 1055 551 1116 ad
575 1056 658 1137 ipsos
679 1054 773 1116 bonis
797 1055 979 1121 hominibus
1005 1063 1068 1125 fuit
1085 1065 1168 1129 iudi.

39 1146 176 1196 catum
201 1145 237 1196 ut
257 1138 353 1196 illam·
376 1137 515 1208 leudem,
538 1147 573 1205 nt
593 1139 647 1202 lex
673 1145 749 1215 erat,
766 1133 865 1220 ipsius
888 1141 945 1204 luo
966 1145 1091 1208 solvere
1105 1149 1167 1211 dc-

36 1219 168 1286 beret.
210 1218 307 1297 Quod
327 1219 371 1278 ita
399 1219 432 1280 in
461 1229 628 1302 praesente
656 1220 751 1296 secit,
783 1231 926 1282 etservo
952 1247 1011 1288 suo
1034 1230 1186 1300 nominc,

42 1301 125 1360 illo
148 1301 200 1363 vel
232 1302 294 1361 alia
322 1302 420 1362 rauba
446 1323 502 1362 sua
530 1302 598 1383 ipsa
627 1300 683 1361 illa
710 1322 768 1383 pro
792 1301 848 1363 illa
870 1303 966 1367 leude
989 1309 1087 1390 ipsius
1109 1313 1164 1378 lue

43 1383 119 1443 vel
144 1384 283 1466 coniuge
312 1405 367 1442 sua
391 1384 458 1460 illa,
487 1385 520 1444 in
547 1383 635 1466 quod
657 1383 704 1445 eis
731 1384 815 1445 bene
841 1387 1044 1471 complacuit,
1067 1393 1165 1466 dedit.

42 1467 244 1548 Propterea
267 1466 327 1524 iam
349 1465 452 1528 dictus
474 1466 531 1528 ille
554 1475 586 1526 et
608 1465 728 1526 coniux
757 1487 812 1526 sua
831 1467 886 1527 illa
914 1470 997 1533 lianc
1017 1478 1169 1538 securita-

46 1557 131 1608 tem
152 1548 186 1607 in
208 1548 275 1630 ipsa
299 1547 353 1608 illa
378 1549 429 1609 vel
441 1591 517 1613 .....
539 1570 578 1630 go
603 1569 659 1608 suo
685 1549 755 1609 lieri
781 1558 813 1611 et
840 1549 1004 1616 adfirmare
1029 1578 1167 1641 rogave-

42 1640 155 1706 runt,
186 1641 222 1691 ut
250 1631 340 1690 nullo
365 1651 507 1713 unquam
531 1640 674 1711 tempore
700 1630 738 1691 de
765 1631 831 1710 iam
853 1631 937 1694 dicta
965 1658 1076 1719 causa,
1105 1665 1168 1707 uec

45 1713 100 1772 de
127 1713 187 1774 illa
212 1722 324 1789 morte,
345 1735 405 1774 nec
427 1713 467 1774 de
490 1713 556 1795 ipsa
577 1713 684 1788 leude,
707 1713 813 1774 nullas
833 1715 1018 1796 calumnias,
1041 1743 1168 1787 necre.

44 1795 254 1876 petitiones,
276 1817 336 1854 nec
356 1795 559 1877 fatigationes
580 1815 641 1855 nec
669 1817 748 1871 nos,
776 1807 836 1858 neo
858 1798 945 1860 ullus
973 1802 1013 1862 de
1035 1802 1168 1868 heredi-

43 1880 125 1939 bus
156 1878 293 1956 nostris,
316 1893 375 1940 nec
401 1877 553 1958 quislibet
579 1877 721 1958 opposita
743 1899 877 1960 persona
902 1903 1006 1964 agere,
1028 1905 1090 1946 nec
1110 1909 1168 1969 ge·

50 1983 194 2038 narare,
216 1983 276 2020 nec
297 1969 443 2042 repetere
468 1981 530 2022 non
553 1960 731 2021 debeamus.
775 1962 870 2038 Quod
886 1966 943 2045 qui
965 1969 1168 2033 attentaverit

52 2053 94 2102 et
118 2045 137 2103 al
160 2044 253 2104 nobis
279 2043 330 2102 vel
351 2041 523 2104 heredibus
544 2042 658 2102 uostris
676 2042 875 2103 defensatum
896 2067 960 2105 non
987 2049 1097 2128 fuerit,
1114 2051 1167 2113 in-

52 2127 206 2186 feramus
227 2123 284 2185 tibi
316 2147 380 2186 una
399 2145 472 2200 cum
497 2124 583 2185 socio
605 2123 679 2184 li'sco
698 2125 766 2184 auri
788 2127 897 2190 uncias
917 2138 1029 2205 tantas,
1055 2153 1168 2215 argen-

52 2218 93 2270 to
123 2207 234 2290 pondo
253 2216 341 2269 tanto
363 2222 430 2267 esse
452 2207 636 2284 multando,
669 2217 701 2268 et
723 2229 873 2289 praesens
901 2213 1056 2274 securitas
1078 2216 1167 2277 omui

53 2300 211 2375 tempore
232 2289 322 2352 firma
343 2299 535 2372 permaneat,
558 2289 763 2373 stipulatione
788 2291 934 2360 subnixa.
965 2293 1082 2358 Actum
1097 2299 1168 2373 illo.

449 2433 587 2498 Donatio
617 2431 661 2496 ad
676 2432 782 2520 filios.

147 2565 218 2626 LlI.
259 2567 354 2626 Gesta
377 2563 430 2624 lex
451 2573 483 2624 et
503 2565 702 2624 consuetudo
728 2563 871 2646 exposcit
893 2573 928 2626 ut
950 2589 1165 2714 quaecunplue

84 2669 203 2711 ersona
229 2647 389 2708 naturales
414 2647 498 2708 lilios
518 2645 686 2721 habuerit,
719 2655 750 2707 et
778 2646 856 2708 alios
881 2648 989 2729 plures
1014 2673 1079 2712 non
1129 2680 1164 2716 a·

55 2672 185 2808 liuerit,
210 2731 236 2791 si
257 2752 311 2790 eos
337 2729 369 2788 in
391 2751 446 2790 sua
465 2729 605 2792 voluerit
626 2727 793 2790 instituere
816 2729 1003 2810 hereditate,
1024 2738 1165 2817 qualiter

57 2817 98 2875 in
129 2833 223 2874 sunm
247 2814 352 2892 potius
375 2811 541 2872 arbitrium
562 2811 601 2870 ad
619 2810 758 2870 faciendi
780 2811 819 2872 de
834 2812 866 2872 id
887 2824 977 2895 pater
996 2816 1057 2878 hoc
1074 2821 1164 2901 quod

59 2898 100 2958 in
129 2915 184 2957 eos
210 2895 361 2970 voluerit,
392 2895 527 2954 liberam
556 2891 669 2953 habeat
695 2902 892 2974 potestatem.
936 2897 1076 2981 ldeoque
1103 2924 1163 2984 ego

60 2979 142 3053 ille,
176 2977 251 3038 dum
273 2987 408 3038 nonest
434 2976 634 3058 incognitum
658 2976 745 3056 quod
766 2977 885 3035 femina
912 2978 1018 3059 aliqua
1044 3005 1162 3046 nomen

62 3061 126 3122 illa
153 3058 235 3120 bene
258 3059 398 3141 ingenua
424 3059 463 3119 ad
492 3057 678 3140 coniugium
706 3056 783 3116 mihi
809 3059 926 3119 sociavi
955 3083 1075 3142 uxore,
1107 3067 1164 3128 sed

62 3141 176 3224 qualis
202 3163 310 3203 causas
336 3142 388 3202 vel
416 3151 558 3224 tempora
593 3161 642 3199 me
675 3137 901 3221 oppresserunt
926 3153 962 3203 ut
991 3146 1165 3211 chartolam

63 3225 174 3288 libelli
205 3225 287 3285 dotis
318 3223 357 3283 ad
385 3245 471 3299 eam,
502 3223 584 3284 sicut
608 3222 663 3282 lex
688 3223 847 3302 declarat,
877 3225 1008 3288 minime
1031 3233 1165 3293 excessit

63 3310 189 3384 facere,
211 3307 296 3368 unde
316 3305 375 3387 ipsi
403 3305 461 3365 filii
488 3304 562 3381 mei,
585 3306 761 3366 secundnm
785 3305 900 3387 legem,
930 3312 1090 3372 naturales
1112 3335 1165 3396 ap·
1230 3320 1232 3324 ’

64 3389 254 3473 pellantur,
282 3396 314 3448 et
335 3387 417 3449 filios
443 3387 477 3446 in
496 3408 532 3447 ea
556 3387 717 3472 generari,
738 3387 852 3468 quibus
872 3390 1027 3472 baptismo
1048 3415 1164 3456 nornen

67 3471 280 3552 imposuimus
302 3471 376 3531 illos
395 3480 427 3533 et
451 3471 543 3546 illos,
575 3478 741 3551 propterea
767 3471 842 3531 volo
872 3480 907 3531 ut
933 3475 1085 3557 praedicti
1108 3477 1166 3538 filii

67 3553 136 3615 mei
156 3552 191 3612 in
211 3553 299 3614 omni
325 3574 458 3634 corpore
479 3551 638 3613 facultatis
659 3573 747 3614 meae
769 3551 802 3611 in
830 3575 911 3635 pago
941 3555 1073 3633 illo,sin
1098 3559 1169 3620 loca

69 3635 316 3698 denominantes
339 3635 412 3696 illos
434 3643 467 3696 et
497 3635 582 3710 illos,
605 3634 638 3692 in
660 3633 832 3716 legitimam
860 3639 1094 3701 successionem
1117 3642 1171 3703 de·
1229 3662 1233 3670 ’

69 3717 172 3780 beatis
193 3718 310 3778 addere
336 3726 529 3800 appatuere,
556 3715 617 3778 hoc
643 3723 701 3790 est,
724 3728 789 3778 tam
810 3719 924 3796 terris,
947 3721 1082 3801 mansis,
1104 3745 1170 3782 una

70 3821 146 3862 cum
164 3799 371 3883 superpositis
392 3799 547 3876 domibus,
568 3797 731 3876 aedificiis,
746 3799 911 3882 utriusque
928 3803 1055 3882 generis
1073 3826 1171 3867 sexus

69 3881 221 3967 peculiis,
240 3881 407 3964 mancipiis
423 3881 542 3942 ibidem
558 3882 841 3958 commanentibus,
859 3891 920 3941 tam
936 3884 1057 3944 ibidem
1077 3909 1173 3968 quam

72 3974 105 4025 et
127 3964 257 4026 aliunde
278 3965 450 4038 translatis,
472 3965 554 4024 sicut
579 3963 658 4038 dixi,
680 3965 767 4044 quod
798 3973 904 4024 nostra
933 3975 980 4026 est
999 3970 1173 4049 possessio,

73 4055 105 4108 ct
132 4047 220 4128 quod
245 4047 284 4108 de
314 4046 513 4109 successione
538 4053 708 4130 parentum
735 4046 824 4106 nobis
854 4047 1005 4123 obvenit,
1039 4060 1102 4110 tam
1135 4052 1174 4112 de

74 4129 178 4208 alode,
200 4130 350 4214 quamde
375 4137 566 4214 comparato,
588 4128 636 4192 rcl
659 4129 698 4191 de
719 4129 863 4212 qualibet
883 4131 1027 4194 adtractu
1053 4134 1094 4196 ad
1118 4155 1176 4197 nos

806 4245 858 4317 24
