2786 4980
178 307 227 389 ,ta
377 324 408 377 a.
442 321 526 376 cnm
632 312 878 372 cinnamum
982 318 1042 381 su.

260 463 338 530 Vl..
361 461 459 540 Quod
473 457 544 522 etsi
561 454 817 534 circumitionem
839 454 873 514 in
894 456 1028 522 salutem
1053 471 1086 524 et
1109 469 1279 534 necessita.

176 563 241 616 tam
258 546 372 632 populi
390 561 583 627 quacunque
610 539 650 600 de
679 559 771 599 causa
803 537 1049 621 demiserint,al
1079 549 1276 632 Presbyteris

176 655 238 698 nec
252 632 337 692 hanc
352 627 532 710 dispensam
550 642 657 706 neque
673 620 813 703 pretinm
829 619 918 682 illius
931 623 1071 710 exigant,
1082 649 1189 712 neque
1208 637 1276 699 3115,

176 726 233 778 aut
258 713 323 776 suis
350 707 531 773 domesticis
561 715 617 766 ant
644 703 753 764 amicis
784 701 972 786 exigendam
1008 713 1196 776 concedant.
1236 721 1277 781 Et

175 797 305 882 quando
327 791 568 879 circumierint,
591 798 624 849 et
641 787 675 847 iu
691 785 786 846 domo
795 786 979 870 Presbyteri
993 793 1174 857 resederint
1180 844 1190 877 s
1211 823 1274 863 non

174 882 235 944 sub
258 877 424 940 occasione
439 869 613 953 adfligendi
632 868 837 950 Presbyteros
858 869 1064 936 immoderate
1080 886 1112 938 et
1128 901 1194 940 non
1216 905 1274 946 ne-

175 961 312 1026 cessarie
328 977 499 1018 numerum
527 952 722 1014 famulorum
745 949 925 1030 adducant,
955 977 1061 1038 neque
1085 960 1210 1026 vicinos
1235 967 1274 1028 ad

175 1054 303 1130 pastum
323 1042 501 1120 incongrue
518 1044 709 1099 convocent.
752 1033 850 1110 Quod
869 1043 901 1095 et
917 1036 945 1095 si
962 1060 1036 1100 cum
1057 1043 1187 1106 caritate
1215 1071 1273 1109 vo.

175 1148 248 1190 care
271 1122 452 1198 voluerint,
474 1119 609 1189 faciant;
633 1116 772 1178 sednon
799 1117 934 1197 amplius
952 1119 1198 1208 dPresbyteris,
1219 1132 1272 1193 vel

173 1210 232 1272 sub
255 1205 421 1268 occasione
446 1200 627 1277 vendendi,
648 1199 703 1260 vel
716 1198 780 1258 alio
799 1199 945 1279 quolibet
957 1205 1075 1285 modo,
1095 1228 1191 1289 quam
1210 1222 1272 1274 sta.

173 1297 280 1353 tutum
297 1297 345 1352 est
364 1285 515 1369 exigant,
537 1303 642 1366 neque
670 1281 880 1364 paraveredos
903 1294 957 1345 aut
985 1286 1063 1350 alias
1091 1292 1272 1357 exactiones

171 1376 298 1436 tollant.

171 1473 173 1477 ·
254 1453 332 1520 vll.
373 1455 416 1514 Ut
440 1447 592 1531 Episcopi
620 1445 787 1528 parochias
818 1446 1104 1546 Presbyterorum,
1142 1467 1270 1542 propter

171 1539 343 1602 honestum
361 1545 393 1596 et
408 1533 626 1617 periculosum
644 1530 791 1606 luorum,
813 1551 878 1590 non
896 1533 1051 1602 dividant.
1092 1538 1157 1602 Sed
1175 1541 1201 1602 si
1217 1563 1271 1602 ne-

171 1622 298 1684 cessitas
316 1617 430 1702 populi
447 1613 592 1696 exegerit
607 1622 642 1672 ut
659 1613 770 1695 plures
783 1611 861 1673 fiant
874 1615 1039 1678 Ecclesiae
1054 1631 1110 1681 ant
1134 1627 1269 1683 statuan-

169 1716 223 1766 tur
244 1703 373 1778 altaria,
396 1720 469 1762 cum
487 1697 611 1756 ratione
627 1703 659 1754 et
674 1694 861 1756 auctoritate
887 1697 950 1759 boc
978 1701 1114 1776 faciant;
1147 1705 1270 1766 scilicet

170 1797 206 1848 ut
222 1785 250 1848 si
267 1782 455 1867 longitudo,
478 1788 532 1839 aut
545 1776 727 1861 periculum
744 1798 857 1858 aquae,
878 1781 929 1840 vel
944 1782 1074 1864 sylvae,
1096 1796 1152 1847 aut
1167 1787 1269 1849 alicu-

168 1871 219 1932 ius
242 1877 347 1930 certae
362 1862 496 1925 rationis
514 1861 568 1923 vel
585 1859 780 1921 necessitatis
796 1881 891 1922 causa
912 1867 1113 1946 poposcerit,
1145 1879 1181 1930 at
1208 1891 1266 1952 po.

167 1952 265 2038 pnlus
283 1960 315 2012 et
328 1968 422 2010 sexus
438 1942 617 2020 infirmior,
639 1943 813 2003 mulierum
832 1943 988 2007 videlicet
1010 1949 1063 2010 vel
1088 1951 1266 2031 infantum,

168 2043 223 2096 aut
245 2033 341 2095 etiam
361 2027 519 2091 debilium
540 2024 763 2102 imbecillitas,
786 2025 827 2087 ad
850 2027 1028 2090 Ecclesiam
1055 2033 1266 2118 principalem

165 2137 232 2178 non
246 2114 347 2198 possit
365 2131 546 2186 occurrere,
564 2116 597 2170 et
615 2117 742 2168 nonest
760 2107 807 2169 sic
828 2107 925 2191 longe
946 2111 1025 2172 villa
1044 2124 1080 2174 ut
1095 2109 1267 2200 Presbyter

164 2200 235 2260 illic
254 2198 324 2260 sine
346 2194 494 2280 periculo
512 2192 551 2252 ad
568 2200 693 2273 tempus
709 2199 741 2250 et
766 2211 908 2272 congrue
927 2213 992 2253 non
1019 2197 1119 2278 possit
1140 2201 1266 2277 venire,

165 2289 325 2345 statuatur
344 2277 458 2346 altare;
482 2283 514 2336 et
532 2276 558 2334 si
579 2273 623 2333 ita
646 2272 769 2354 populo
790 2275 987 2358 complacet,
1010 2287 1041 2338 et
1062 2285 1265 2343 commodum

164 2364 284 2440 fuerit,
307 2381 348 2421 ue
364 2360 433 2421 sine
453 2357 577 2418 ratione
592 2354 844 2434 scandalicetur,
866 2357 1019 2438 parochia
1036 2374 1161 2425 maneat
1176 2365 1266 2426 indi-

165 2447 242 2512 visa.
287 2443 344 2504 Sin
363 2451 469 2502 autem
481 2438 769 2523 praefataecausae
787 2438 1040 2521 postulaverint,
1071 2453 1104 2505 et
1126 2448 1265 2529 populus

166 2550 234 2590 non
254 2526 452 2600 conductus,
475 2541 580 2603 neque
604 2519 778 2601 cupiditate
801 2521 853 2583 vel
881 2521 1002 2583 invidia
1020 2527 1187 2606 excitatus,
1209 2529 1266 2590 sed

165 2608 402 2673 rationabiliter
421 2603 650 2666 adclamaverit
675 2611 711 2661 ut
723 2601 870 2663 Ecclesia
889 2603 954 2664 illis
972 2605 1041 2666 fieri
1072 2618 1103 2668 et
1126 2611 1267 2693 Presby-

165 2703 217 2756 ter
233 2693 348 2755 debeat
360 2687 525 2762 ordinari,
547 2684 609 2746 hoc
627 2683 779 2768 Episcopi
793 2683 1020 2766 episcopaliter
1034 2698 1114 2752 teste
1129 2694 1211 2770 Deo,
1229 2693 1265 2752 iu

165 2773 381 2838 conscientiae
399 2770 560 2852 puritate,
581 2787 654 2828 cum
667 2765 792 2827 ratione
814 2776 846 2826 et
872 2769 1077 2849 auctoritate,
1107 2773 1176 2834 sine
1212 2775 1267 2834 in-

163 2858 308 2921 tentione
321 2853 425 2936 turpis
444 2851 546 2930 lucri,
568 2859 691 2910 mature
713 2848 848 2910 consilio
868 2851 1024 2912 canonico
1047 2862 1210 2933 tractent,
1234 2867 1268 2918 et

163 2939 298 3002 utilitati
324 2959 360 2998 ac
377 2935 472 2996 saluti
492 2931 652 2994 subiectae
670 2931 774 3012 plebis
794 2951 942 3013 quaeque
955 2935 1078 3013 agenda
1096 2948 1170 2998 sunt
1194 2960 1267 3020 per-

164 3029 280 3104 agant;
304 3028 335 3081 et
351 3015 530 3080 secundum
553 3015 642 3094 qnod
662 3012 879 3074 subtraxerint
911 3014 1047 3076 cuilibet
1071 3018 1264 3103 Presbytero

163 3103 204 3165 de
221 3099 392 3186 parochia,
415 3099 454 3160 de
476 3097 624 3178 dispensa
640 3116 770 3176 quoque
797 3094 903 3156 debita
924 3097 962 3156 ab
980 3099 1038 3158 illo
1061 3101 1167 3162 minus
1184 3104 1266 3163 acci-

175 3187 272 3262 iant,
295 3193 328 3245 et
349 3180 441 3241 alteri
454 3179 527 3264 qui,
550 3178 638 3259 quod
657 3177 812 3238 dividitur
829 3177 1011 3260 aparocbia
1021 3225 1031 3259 ,
1053 3184 1196 3266 suscipit,
1204 3186 1264 3246 sub

162 3209 225 3330 bac
243 3267 356 3328 eadem
375 3282 523 3323 mensura
544 3260 719 3343 imponant.
1220 3299 1224 3304 -

153 3344 157 3358 ‘
246 3347 341 3414 Vlll.
383 3349 426 3407 Ut
437 3343 588 3428 Episcopi
601 3342 660 3406 sub
683 3341 849 3404 occasione
861 3343 953 3424 quasi
969 3347 1190 3411 auctoritatem
1204 3351 1265 3412 ha-

163 3433 263 3498 beant
282 3433 469 3504 Ganonum,
487 3427 542 3486 bis
557 3424 739 3486 constitutis
758 3425 971 3488 excellentiae
993 3440 1118 3492 nostrae
1137 3453 1264 3514 nequa-

163 3537 262 3600 quam
276 3514 453 3588 resultent,
475 3518 530 3568 aut
543 3507 730 3590 neglegant3
753 3507 809 3567 sed
823 3507 930 3588 potius
951 3511 1099 3574 Canones
1115 3523 1150 3574 nt
1168 3515 1265 3575 intel-

163 3597 297 3682 legendi
317 3605 394 3658 sunt
409 3593 598 3674 intellegere
615 3590 696 3650 etin
716 3588 840 3667 eunctis
868 3590 1037 3654 observare
1066 3607 1262 3678 procurent:

163 3681 241 3764 quia
262 3679 289 3741 si
307 3679 402 3739 aliter
415 3674 571 3750 fecerint,
593 3671 784 3733 omnimodis
798 3679 831 3731 et
853 3673 994 3752 qualiter
1011 3677 1159 3738 Canones
1179 3679 1264 3740 fide-

150 3759 247 3826 ‘lium
260 3760 392 3824 decimis
406 3757 566 3840 agendum
583 3763 739 3830 statuant,
763 3761 795 3813 et
813 3755 956 3834 qualiter
971 3757 1118 3842 intellegi
1142 3782 1179 3822 ae
1202 3762 1263 3821 ob-.
1289 3817 1293 3821 .

148 3843 286 3910 'servari
304 3865 377 3904 cum
392 3837 647 3900 mansuetudinis
658 3845 782 3896 nostrae
795 3835 925 3897 decreto
940 3837 1093 3918 debeant,
1112 3843 1264 3926 synodali

163 3923 397 3992 diiudicatione
416 3931 448 3983 et
460 3930 568 3982 nostra
586 3919 773 3978 auctoritate
786 3917 874 3999 regia
895 3919 1104 3983 docebuntur.

150 4017 157 4091 'j
247 4008 308 4072 IX.
350 4011 394 4068 Ut
409 4003 561 4086 Episcopi
579 4000 989 4094 synodos'iafflresbyteris,
1012 4003 1076 4066 nisi
1092 4005 1174 4068 sieut
1201 4008 1265 4068 do.

102 4097 104 4102 ’
149 4091 217 4156 'oet
232 4089 403 4154 auctoritas
423 4089 618 4165 Ganonum,
633 4077 867 4160 dnostbrlicet,
888 4091 919 4142 et
930 4105 989 4164 per
1012 4094 1155 4168 tempora
1180 4111 1265 4151 eon-

163 4165 290 4253 slituta,
312 4195 377 4236 non
401 4169 555 4252 exigant:
577 4157 633 4226 sed
645 4173 686 4225 'et
700 4164 735 4224 in
751 4163 872 4224 eisdem
886 4165 1015 4246 synodis
1029 4189 1094 4228 non
1108 4191 1178 4252 per
1204 4193 1264 4234 oc·
1307 4189 1314 4200 “

163 4259 343 4335 casiouem,
365 4254 495 4338 sedper
523 4247 691 4312 veritatem
712 4245 882 4310 ministerii
909 4246 975 4327 sui,
996 4259 1077 4314 teste
1108 4255 1197 4333 Deo,
1221 4255 1265 4317 ad

159 3189 162 3196 a
