2712 4992
191 273 267 350 346
628 296 823 358 urrunsa*

190 434 356 520 demptae;
377 447 538 522 quatenus
556 438 641 503 banc
656 461 716 522 pro
752 441 884 506 modulo
906 450 961 505 tuo
980 442 1106 504 monitis
1127 443 1257 533 instruas,
1305 505 1306 536 ,

190 519 390 582 orationibus
407 521 519 600 iuves,
541 525 696 607 exemplis
717 524 888 602 informes,
911 525 1100 608 corporiset
1124 533 1258 611 sanguinis
1305 539 1306 584 ἶ

188 600 343 664 dominici
363 606 625 683 consecratione,
646 617 777 691 propter
794 610 885 668 cuins
907 607 1063 668 honorem
1080 609 1258 674 bancconsc·

189 693 283 744 cutus
298 686 552 768 esdignitatem,
581 687 725 760 reficias;
748 699 782 750 nt
803 690 885 752 sicut
912 690 950 749 ab
972 691 1108 750 humanu
1133 694 1258 760 servitute

186 764 342 830 liberatus
364 790 425 850 per
441 769 524 832 banc
546 772 826 834 manumissionem
843 795 911 834 esse
925 774 1147 854 cognosceris,
1169 775 1205 834 ita
1219 801 1260 858 per

187 848 334 911 divinam
349 853 464 912 doceas
481 853 658 916 diabolicae
680 855 906 917 dominationis
928 856 1039 937 iugum
1056 856 1186 918 evadere
1208 862 1258 940 ple-

185 930 261 992 bem
283 955 367 1014 qnae
382 933 474 995 tibiis
495 937 627 1019 proprio
645 937 802 1001 Pontifice
821 937 922 998 fuerit
938 939 1114 1000 commissa.
1134 940 1185 1000 His
1200 964 1259 1020 quo-

185 1035 251 1096 que
266 1016 458 1080 subnectere
473 1018 607 1101 placuit,
625 1021 789 1084 canonicis
810 1021 966 1082 admoniti
984 1022 1257 1103 constitutionibus,

185 1106 224 1158 ut
246 1098 357 1182 siqua
379 1101 532 1184 deinceps
560 1102 693 1186 praedia
708 1106 762 1165 vel
786 1105 945 1185 mancipia
972 1105 1022 1164 tui
1052 1103 1185 1164 nominis
1203 1109 1258 1170 titu-

185 1178 221 1239 lo
252 1183 508 1264 comparaveris,
543 1184 606 1246 boc
634 1185 802 1249 observare
832 1188 959 1249 studeas
988 1187 1080 1268 quod
1111 1187 1144 1246 in
1170 1188 1257 1248 eisdem
1306 1197 1307 1230 ³

186 1260 354 1325 decretum
380 1287 449 1327 esse
477 1267 692 1349 cognoscitur.
732 1270 775 1330 Et
795 1269 821 1330 si
846 1271 940 1345 forte,
962 1270 1052 1350 quod
1073 1268 1161 1346 absit,
1186 1271 1254 1331 itus

184 1348 350 1428 proposito
371 1348 612 1427 exorbitaveris,
632 1351 874 1434 Presbyterutus
898 1353 1032 1433 gradum
1058 1351 1211 1412 Canonico
1224 1353 1255 1411 iu-

188 1427 275 1490 dicio
308 1431 615 1516 amitterccognris.
668 1437 757 1494 lianc
789 1434 1020 1516 ingenuitatem
1044 1457 1140 1494 manu
1163 1437 1258 1516 propriu

184 1510 369 1599 subscripsi,
392 1523 425 1578 et
452 1515 510 1598 qui
535 1516 773 1578 subscriberent
792 1516 913 1600 rogavi.
938 1516 1067 1582 Actum.
1097 1519 1139 1578 Et
1156 1519 1258 1601 reliqua.

633 1651 830 1715 blandarum.

265 1759 327 1824 lx.
367 1764 506 1848 Legibus
528 1766 712 1829 institutum
727 1775 775 1830 est
797 1777 828 1827 et
843 1763 1083 1828 consuetudine
1102 1786 1158 1846 per
1170 1772 1261 1844 tempu·

184 1864 220 1904 ra
242 1858 468 1908 conservatum
490 1859 527 1910 nt
555 1851 746 1932 quicunque
775 1849 975 1912 Advocatum
1001 1850 1160 1908 instruere
1184 1850 1259 1922 velit,

184 1929 333 1989 mandato
360 1932 507 2009 legaliter
536 1933 609 1994 dato
631 1945 727 2016 atque
751 1933 927 1994 solenniter
947 1932 1136 1998 confirmato
1155 1930 1261 1990 euniu-

143 2063 146 2070 .
179 2018 307 2072 struere
331 2012 446 2074 debeat
469 2025 504 2074 ut
533 2037 644 2078 omnes
675 2037 783 2077 causas
802 2037 880 2096 quus
898 2015 1031 2096 adgredi
1052 2013 1106 2074 vel
1132 2014 1259 2094 repellere

184 2091 292 2168 debet,
318 2097 472 2178 prosequi
493 2106 526 2158 et
548 2098 724 2159 defendere
758 2098 912 2159 inollense
944 2097 1061 2160 ualeat.
1103 2097 1196 2178 Igitur
1217 2115 1258 2172 ego
1307 2105 1308 2178 i

183 2173 242 2233 ille
274 2187 402 2240 sanctae
431 2180 506 2240 illae
536 2181 701 2242 Ecclesiae
741 2194 872 2241 vocatus
910 2180 1091 2262 Episcopus
1130 2178 1257 2256 iniungo,

182 2257 318 2332 mando,
350 2268 382 2320 et
409 2283 468 2342 per
494 2261 550 2323 has
579 2265 700 2324 litteras
724 2263 838 2345 delego
865 2263 923 2324 tibi
958 2263 1017 2322 illo
1045 2261 1132 2322 fideli
1155 2258 1257 2318 meodu

180 2338 277 2401 rebus
303 2341 411 2403 Sancti
439 2344 538 2422 illius,
561 2345 629 2406 sitis
654 2345 689 2404 in
718 2367 799 2426 pago
826 2346 901 2423 illo,
932 2345 964 2404 in
991 2344 1073 2404 locis
1101 2339 1258 2421 nuncupatis

180 2420 239 2498 sic,
271 2445 346 2483 cum
372 2425 559 2487 adiacentiis
585 2428 638 2488 vel
659 2427 885 2507 aspicientibus
904 2429 943 2488 ad
965 2448 1016 2488 eas
1038 2428 1116 2488 locis
1138 2425 1198 2493 aliis
1215 2442 1256 2501 per

180 2503 271 2565 omni
304 2505 374 2567 iure
403 2508 616 2592 investigare,
638 2511 824 2592 inquirere,
847 2510 1020 2592 prosequi,
1052 2520 1085 2570 et
1117 2506 1255 2568 admallare

181 2586 298 2650 debeas
319 2611 379 2674 pes·
400 2591 535 2668 mallos,
564 2594 676 2667 vicos,
706 2595 861 2669 castella,
890 2593 1033 2674 oppidu,
1065 2603 1097 2652 et
1123 2590 1254 2657 civitates,

181 2689 310 2732 necnon
336 2673 442 2751 etiam,
465 2674 490 2734 si
519 2677 690 2739 necessitas
712 2676 907 2750 incubuerit,
930 2677 964 2734 in
995 2675 1112 2754 palatio
1132 2683 1195 2730 aute
1216 2667 1255 2724 Vi·

179 2754 295 2832 canios,
318 2756 469 2834 Comites,
479 2758 590 2820 Missos
614 2759 802 2836 dominicos,
825 2758 964 2818 Comites
984 2757 1106 2836 palatii,
1127 2755 1186 2816 sive
1201 2759 1254 2809 aute

181 2857 293 2898 omnes
314 2838 441 2900 ludices
462 2840 580 2922 quibus
604 2841 675 2902 hoc·
690 2842 832 2902 officium
857 2841 1040 2920 delegatum
1063 2850 1129 2914 est,
1150 2846 1181 2895 ut
1198 2854 1254 2892 cau·

179 2921 319 2981 sationes
341 2929 371 2980 et
392 2922 465 2984 lites
487 2923 621 2983 definire
642 2933 674 2984 ct
695 2925 867 2984 terminare
889 2923 970 2982 iuste
994 2931 1026 2980 et
1054 2916 1255 2982 rationabiliter

182 3000 336 3073 debeant3
366 3012 399 3064 et
428 3004 584 3086 quicquid
607 3006 732 3087 legibus
752 3029 827 3067 cum
847 3005 965 3066 iustitia
993 3003 1070 3065 inde
1099 3005 1252 3084 prosecutus
1308 3037 1309 3060 ,

180 3083 282 3144 fueris
305 3095 337 3144 et
365 3085 548 3165 delinieris,
578 3088 658 3148 scito
692 3090 777 3171 apud
800 3109 849 3148 me
871 3098 976 3148 ratum
997 3095 1030 3146 et
1055 3093 1204 3164 acceptum
1222 3086 1252 3134 at·

180 3185 245 3246 que
272 3167 498 3231 inconvulsum
525 3193 719 3234 mansurum.
762 3171 857 3250 Quod
880 3171 1065 3230 mandatum
1088 3170 1117 3226 in
1143 3175 1172 3224 te
1193 3181 1250 3221 cnu-

181 3247 282 3308 latum
302 3259 339 3310 ut
359 3250 484 3312 firmum
502 3253 663 3336 fixumque
686 3263 880 3334 permaneat,
902 3273 999 3313 manu
1026 3249 1151 3335 propria
1169 3245 1251 3306 subter

181 3330 305 3397 firmavi
323 3343 356 3396 et
375 3334 433 3417 qui
461 3335 626 3398 adfirmare
651 3337 806 3400 deberent
827 3337 948 3420 rogavi.

434 3461 599 3526 Tracturia
621 3486 682 3548 pro
709 3465 820 3540 itinere
841 3465 1032 3550 peragendo.

262 3575 306 3642 X.
347 3577 495 3641 Dominis
509 3580 623 3642 sanctis
639 3590 671 3643 et
689 3582 871 3665 apostolicis
889 3581 1017 3644 sedibus
1039 3573 1248 3654 allocatisEpis·

181 3659 282 3741 copis,
303 3662 490 3740 Abbatibus,
512 3665 563 3724 vel
589 3665 774 3740 Abbatissis,
796 3676 828 3725 et
851 3665 998 3726 omnibus
1021 3665 1054 3725 in
1077 3659 1196 3726 Christo
1209 3657 1249 3716 Pa·

181 3745 307 3823 tribus,
337 3745 495 3817 Ducibus,
523 3748 712 3818 Comitihus,
736 3748 892 3824 Vinariis,
921 3747 1130 3820 Centenariis,
1150 3750 1179 3835 et
1197 3741 1246 3799 De·

182 3829 356 3907 canis,.vcl
385 3829 533 3890 omnibus
553 3830 586 3888 in
611 3831 739 3891 Christo
761 3829 966 3890 credentibus
991 3839 1023 3888 et
1044 3832 1143 3889 Deum
1161 3834 1246 3883 timcn-

182 3910 278 3988 tibus,
301 3933 360 3993 ego
385 3912 418 3971 in
442 3913 505 3972 Dei
526 3912 655 3973 nomine
674 3912 741 3989 ille,
764 3935 800 3973 ac
826 3913 853 3973 si
871 3912 1024 3993 indignus
1047 3917 1190 3997 peccator,
1207 3897 1244 3957 sl·

167 3994 278 4056 *timns
302 3995 445 4055 omnium
476 4014 641 4055 servornm
669 3994 729 4054 Dei
755 4017 885 4070 servus,
912 3987 1243 4077 Episcopusvidehcet,

182 4076 250 4138 sire
273 4076 378 4138 Abbas
403 4079 442 4139 de
465 4079 591 4140 civitate
615 4077 681 4156 illu,
705 4078 755 4138 vel
776 4079 815 4140 de
836 4077 1029 4142 monasterio
1051 4069 1244 4164 i110‚ul›ipre·

168 4157 281 4222 ‘tiosus
306 4160 362 4220 illc
387 4161 518 4244 Martyr,
542 4159 609 4222 sive
633 4161 806 4222 Confessor
819 4160 938 4223 Christi
953 4158 1134 4221 humanitus
1153 4173 1179 4211 sn
1192 4164 1242 4208 cor·

170 4261 259 4326 pore
286 4241 478 4325 requiescit,
506 4245 641 4307 salutem
666 4243 756 4308 uobis
779 4263 957 4332 perennem
981 4237 1166 4308 innomine
1187 4230 1241 4300 dli·
