2712 4992
186 307 259 380 322
505 300 687 364 assensu
713 295 958 354 ιοιιιιιιιιιιιιιι

183 464 248 530 dici
270 463 384 544 potest,
404 447 561 536 quicquid
583 441 764 524 supradicta
785 435 933 524 genetrix
954 442 1069 510 vestra,
1092 430 1118 494 si
1135 429 1207 490 mibi
1220 451 1265 490 su-

181 547 297 636 prestis
327 540 460 614 fuisset,
495 534 536 594 de
561 529 655 589 alode
683 546 753 585 mea
775 521 921 604 recipere
942 523 1110 602 potuerat,
1129 533 1182 576 ros
1201 531 1266 572 con·

180 645 230 696 tra
259 621 440 690 avunculos
462 624 585 680 vestros
614 608 697 670 filios
720 627 807 667 meos
831 602 973 686 praefata
997 597 1146 682 portione
1165 594 1268 676 recipe·

181 737 218 778 re
254 706 393 782 faciatis,
422 709 455 764 et
479 700 558 760 dum
582 692 681 776 ipsius
709 689 795 750 filiae
826 705 916 746 meae
967 678 1124 744 enitricae
1153 685 1269 753 vestrae,

183 793 315 882 qnando
343 808 413 850 eum
431 791 563 866 nuptam
584 771 714 850 tradidi,
736 769 769 830 in
797 765 923 849 aliquid
945 705 985 826 de
1006 763 1105 824 rebus
1125 757 1200 820 meis
1214 780 1271 818 mo·

183 880 316 954 bilibus,
337 872 486 951 drappos,
508 860 725 934 fabricaturas,
750 852 802 915 vel
826 852 936 932 aliqua
964 843 1128 928 mancipia
1157 842 1190 900 in
1209 841 1270 901 soli·

184 965 241 1025 dos
262 965 366 1022 tantos
383 949 471 1026 dedi,
493 944 583 1006 vobis
607 939 670 1002 hoe
689 938 722 998 in
742 943 832 1019 parte
859 941 962 994 vestra
983 937 1159 1012 supputare
1181 932 1270 986 contra

184 1045 261 1106 liliis
287 1037 367 1102 meis
386 1029 519 1095 faciatis.
558 1023 648 1091 Etsi
673 1020 808 1104 amplius
834 1015 926 1078 vobis
950 1013 1090 1094 iusuper
1110 1009 1149 1069 de
1171 1005 1270 1090 praesi-

184 1129 239 1190 dio
267 1129 378 1186 nostro
396 1109 577 1184 obvenerit,
599 1115 677 1168 tuuc
699 1125 773 1164 cum
790 1098 865 1159 liliis
886 1096 966 1158 meis
988 1091 1163 1157 avunculis
1183 1088 1270 1150 vestris

184 1209 368 1296 portionem
386 1198 477 1263 vobis
503 1214 546 1256 ex
572 1189 633 1251 boc
655 1187 794 1248 debitam
808 1179 985 1263 recipiatis,
1009 1187 1044 1238 et
1062 1171 1213 1258 quicquid
1229 1193 1270 1232 es·

184 1293 262 1354 inde
290 1285 399 1350 omnia
424 1278 571 1362 superius
602 1270 781 1351 conscripta
813 1265 919 1325 faeere
944 1257 1136 1334 volueritis,
1166 1255 1270 1314 liberam

183 1372 328 1437 habeatis
352 1367 385 1428 iu
414 1361 563 1425 omnibus
588 1361 786 1439 potestatem.
828 1344 956 1427 siquis
979 1365 1074 1421 vero,
1097 1338 1182 1422 qnod
1202 1339 1268 1396 futu-

184 1479 258 1522 rum
282 1471 350 1516 esse
374 1467 439 1509 nou
460 1439 641 1516 credimus,
672 1432 789 1517 aliquis
807 1429 847 1492 de
872 1426 1051 1488 heredibus
1077 1424 1131 1482 vel
1149 1419 1271 1504 prohere-

187 1541 281 1604 dibus
308 1531 405 1608 meis,
434 1529 486 1589 vel
511 1521 658 1607 qualibet
683 1535 837 1601 persona,
868 1519 980 1572 contra
1009 1509 1098 1568 hanc
1136 1503 1271 1586 epistolam

186 1623 299 1685 venire
322 1609 512 1686 tentaverit,
535 1613 591 1666 aut
617 1621 686 1664 eam
709 1600 891 1676 infrangere
921 1590 1087 1667 voluerit,
1110 1586 1218 1646 inferat
1234 1605 1271 1642 ro-

187 1706 237 1768 bis
258 1714 322 1765 tan.
352 1707 385 1760 et
412 1693 502 1776 quod
532 1686 649 1770 repetit
678 1683 866 1743 nullatenus
893 1674 1064 1739 vindicare
1095 1670 1210 1738 valeat3
1232 1665 1272 1726 sed

188 1803 339 1874 praesens
366 1775 500 1863 epistola
534 1770 621 1833 omni
646 1779 789 1848 tempore
810 1761 900 1822 lirina
918 1761 1121 1842 permaneat,
1143 1773 1210 1814 curn
1232 1749 1272 1809 sti·

190 1867 358 1956 palatinae
381 1861 534 1926 subnexa.
576 1852 693 1915 Actum
709 1848 785 1914 illo.

215 2003 332 2064 Charta
350 1995 404 2079 qrii
414 1981 495 2077 filio
520 1997 575 2046 aut
596 1992 708 2065 nepote
727 1997 783 2040 suo
802 1971 927 2057 aliquid
942 1971 1118 2034 meliorare
1135 1960 1259 2026 voluerit

275 2112 335 2178 Xl.
376 2101 570 2170 Dulcissimo
605 2095 673 2155 filio
709 2091 764 2154 vel
792 2096 909 2171 nepote
939 2103 1014 2145 meo
1048 2081 1101 2143 illi
1142 2099 1196 2161 ego
1225 2074 1272 2134 ille.

194 2193 361 2280 Quicquid
380 2198 471 2274 pater
502 2196 766 2264 unumquemque
792 2172 832 2233 de
860 2168 935 2230 liliis
958 2168 1014 2229 vel
1039 2163 1204 2247 nepotibus
1220 2157 1274 2239 plus

194 2284 314 2345 habere
352 2268 516 2346 voluerit,
552 2262 614 2325 hoc
644 2258 704 2322 sibi
731 2254 910 2318 secundum
938 2249 1017 2332 legis
1057 2247 1200 2306 ordinem
1222 2239 1272 2300 sine

196 2358 351 2429 consortis
376 2351 569 2438 repetitione
593 2342 757 2415 defendat,
780 2358 839 2397 nec
856 2341 1039 2418 praesumat
1053 2327 1171 2410 aliquis
1190 2331 1273 2385 eontra

199 2449 398 2512 voluntatem
426 2433 524 2518 patris
552 2447 678 2512 agere.v
700 2423 802 2506 lgitur
827 2441 886 2501 ego
914 2417 947 2475 in
973 2415 1038 2476 Dei
1073 2411 1199 2470 nomine
1223 2404 1271 2473 ille,

198 2534 276 2594 dum
301 2534 333 2587 et
357 2520 436 2583 mibi
458 2517 522 2576 iam
542 2517 689 2574 senectus
710 2506 873 2589 adgravat,
891 2509 923 2560 et
937 2495 1144 2558 necessitates
1164 2509 1233 2550 meas
1247 2491 1271 2542 at

199 2619 327 2697 oportet
348 2619 522 2689 procurare
551 2615 615 2655 nou
638 2591 748 2664 valeo,
779 2595 812 2647 et
835 2594 871 2644 tu
896 2581 977 2642 milri
1000 2580 1036 2639 iu
1064 2569 1272 2638 necessitatibus

199 2695 279 2760 meis
305 2685 456 2754 solatium
476 2679 713 2767 praeberenon
735 2667 877 2744 desistis,
912 2675 945 2726 et
967 2662 1020 2724 die
1054 2669 1209 2738 noctuque
1232 2651 1271 2710 de·

200 2777 321 2844 servire
337 2791 404 2833 nou
422 2787 536 2841 cessas,
558 2760 631 2820 ideo
655 2776 713 2836 pro
732 2751 874 2813 bonitate
895 2756 928 2808 et
952 2767 1012 2828 pro
1040 2749 1187 2825 respectu
1202 2728 1274 2796 servi·

200 2865 237 2925 tii
256 2858 323 2934 tui,
345 2849 510 2936 quocirca
530 2864 581 2905 me
605 2837 757 2912 desudas,
779 2833 859 2893 cedo
874 2831 934 2892 tibi
955 2844 1146 2906 cessumque
1167 2821 1196 2878 in
1220 2833 1273 2897 per·

201 2954 335 3030 petnum
370 2954 438 2996 esse
468 2930 576 3002 volo,
617 2928 649 2982 et
682 2919 722 2979 de
750 2937 822 2976 meo
856 2906 926 2973 iure
953 2911 987 2970 in
1019 2918 1078 2969 tua
1117 2895 1272 2966 transfundo

203 3017 423 3090 dominatione
451 3019 484 3074 et
505 3013 669 3093 potestate,
689 3001 806 3080 absque
837 2993 997 3057 consortio
1020 2994 1155 3052 fratrum
1173 2993 1273 3043 tuorum

201 3110 254 3174 rel
273 3101 347 3164 filiis
363 3098 454 3173 meis,
475 3095 547 3155 loco
569 3092 774 3167 nuncupante
792 3081 862 3156 illo,
884 3075 1044 3160 quicquid
1066 3071 1182 3134 ibidem
1198 3078 1273 3141 nsque

203 3209 292 3256 nunc
314 3195 379 3246 tam
398 3181 445 3242 'de
466 3175 560 3237 alode
579 3177 748 3255 parentum
765 3185 860 3246 quam
882 3163 921 3222 de
943 3158 1074 3240 reliquo
1099 3157 1227 3216 adtractu
1240 3139 1273 3202 ri·

203 3295 256 3338 sus
280 3289 351 3334 sum
374 3261 528 3335 tenuisse,
552 3275 616 3317 una
640 3273 721 3320 cum¹
733 3246 847 3322 terris,
869 3242 1035 3319 domibus,
1059 3233 1217 3303 aedificiis,
1234 3245 1272 3284 ac·

203 3355 344 3429 colabus,
366 3341 546 3426 mancipiis,
575 3335 688 3411 vineis,
710 3329 810 3407 silvis,
833 3327 961 3409 campis,
983 3324 1094 3406 pratis,
1114 3313 1233 3404 pascuis,
1248 3327 1272 3363 θ·

202 3440 287 3525 qais,
309 3447 505 3517 aquarumve
534 3417 732 3492 decursibus,
752 3413 806 3474 vel
826 3407 962 3491 reliquis
980 3407 1217 3488 quibuscunque
1234 3390 1272 3448 be‘

204 3519 346 3596 neficiis,
378 3512 449 3589 tibi,
471 3518 507 3569 ut
531 3503 687 3574 diximus,
724 3497 742 3556 b
769 3494 821 3554 die
844 3498 1012 3575 praesente
1036 3489 1111 3550 volo
1135 3501 1195 3544 esse
1217 3491 1271 3534 σοῦ·

203 3623 343 3672 cessum;
377 3598 422 3658 ita
443 3603 479 3653 ut
506 3589 544 3650 ab
572 3585 632 3645 hac
657 3581 735 3652 die,
758 3576 841 3638 sicut
868 3573 1015 3656 superins
1041 3569 1189 3634 diximus,
1217 3571 1270 3617 eum

203 3711 277 3753 curn
295 3682 383 3746 omni
405 3675 584 3758 integritate
601 3689 658 3728 sua
679 3662 806 3737 babeas,
823 3665 950 3732 teneas,
965 3654 1125 3738 possideas
1141 3645 1189 3710 rel
1206 3635 1272 3722 quic*

202 3770 283 3857 quid
307 3764 424 3829 exinde
447 3762 553 3820 facere
569 3746 720 3823 volueris,
740 3743 857 3824 absque
878 3737 1075 3800 consortium
1091 3736 1213 3794 fratrum
1223 3733 1273 3780 tuo·

201 3875 275 3918 rum
300 3849 354 3911 vel
375 3845 516 3906 liliorum
538 3851 694 3906 meorum,
724 3827 859 3886 liberam
883 3821 916 3880 in
947 3820 1095 3880 omnibus
1119 3814 1271 3882 haheaspo·

202 3946 357 4002 testatem.
420 3919 550 4001 Siquis
577 3936 679 3988 vero,
721 3908 808 3991 quod
832 3907 976 3980 saturnus
1005 3922 1074 3963 esse
1102 3919 1163 3958 uon
1188 3884 1271 3951 credo,

202 4019 320 4103 aliquis
351 4014 390 4074 de
419 4002 592 4066 heredibus
624 3996 677 4058 vel
695 3988 928 4074 proheredibus
952 3985 1051 4060 meis,
1084 4003 1139 4042 seu
1157 3967 1271 4060 qualibet

437 4097 485 4147 tra
509 4085 593 4142 bane
618 4079 794 4141 cessionem
813 4092 916 4132 meam
937 4089 1067 4150 quoquo
1086 4073 1212 4142 tempore
1230 4067 1270 4108 ve-

226 4121 338 4166 ersona
373 4112 433 4153 con

201 4129 275 4248 iiir'e
297 4142 351 4242 auf
376 4193 445 4234 eam
473 4169 657 4246 infrangere
681 4153 831 4230 voluerit,
855 4153 974 4212 inferat
994 4149 1054 4212 tibi
1080 4167 1149 4208 cum
1165 4136 1270 4217 cogenie

203 4271 278 4331 fisco
305 4259 375 4323 auri
407 4262 548 4326 tantum,
580 4256 612 4308 et
643 4241 731 4326 quod
755 4233 873 4324 repetit
898 4232 1063 4299 vindicare
1093 4248 1152 4290 non
1175 4219 1269 4286 valesii
