2658 4978
10 283 132 358 iso
271 303 401 364 acas.
506 307 781 365 enarremus·
849 311 909 378 aa.

6 452 9 459 '
52 447 95 510 tri
117 453 151 510 et
176 451 283 508 nostra
300 445 416 508 mallus
441 466 548 530 neque
575 447 607 508 in
623 449 769 512 Ecclesia
790 471 896 533 neque
916 449 949 508 in
969 445 1174 532 porticibus,n

53 537 109 610 aut
140 527 222 590 atrio
251 528 434 606 Ecclesiae,
472 549 579 612 neque
607 531 640 592 in
669 533 835 614 mansione
859 529 1041 612 Presbyteri
1065 529 1161 590 iuxta

51 610 233 675 Ecclesiam
256 609 428 672 habeatur:
455 611 530 694 qaia
561 635 625 673 non
654 623 703 674 est
726 637 865 696 aequam
886 623 922 673 nt
946 611 991 672 ibi
1009 611 1161 672 homines

53 695 94 754 ad
104 703 239 753 mortem
255 693 442 756 iudicentur
459 702 492 752 et
510 695 778 756 dismembrentur
792 705 825 756 et
841 695 1046 778 flagellentur
1060 691 1117 754 ubi
1130 693 1164 754 si

51 775 282 857 confugerint,
309 774 488 838 secundam
507 777 596 837 aliud
620 777 807 860 Capitulum
825 801 935 861 pacem
954 775 1071 837 habere
1096 767 1175 837 de-⁸

50 857 139 922 bont.
179 860 300 919 Domus
327 878 422 934 vero,
451 859 534 919 sicut
556 859 588 918 in
615 859 772 941 Capitulis
800 861 853 922 avi
879 868 911 922 et
932 859 1030 942 patris
1053 857 1160 918 nostri

51 941 248 1017 continetur,
270 962 289 999 a
310 939 434 1000 Comitc
453 940 487 1001 iu
510 941 582 1002 loco
601 941 654 1001 ubi
678 941 810 1002 mallum
824 953 937 1004 tenere
961 941 1056 1002 debet
1077 943 1176 999 con-¹

50 1031 211 1096 struatur,
246 1030 404 1103 quatenus
424 1032 557 1105 propter
573 1024 713 1084 calorem
731 1024 808 1086 solis
832 1033 864 1086 et
884 1022 1027 1106 pluviam
1048 1021 1161 1105 publi-

51 1127 87 1165 ca
109 1103 229 1164 utilitas
252 1125 317 1163 non
340 1114 512 1166 remaneat.
553 1106 680 1167 Minora
695 1127 774 1168 rero
792 1107 910 1190 placita
931 1107 1059 1182 Comes,
1083 1105 1159 1164 sive

48 1187 132 1247 intra
144 1190 234 1246 sa'am
250 1194 449 1268 potestatem,
469 1187 522 1248 vel
539 1187 596 1250 ubi
610 1188 781 1268 impetrare
792 1187 944 1270 potuerit,
966 1196 1101 1268 excepto
1118 1186 1158 1244 in

47 1268 203 1344 Ecclesia,
226 1275 259 1328 et
280 1267 468 1349 porticibus,
490 1277 587 1366 atquc
610 1269 691 1328 atrio
716 1269 901 1348 Ecclesiae,
928 1278 959 1330 et
987 1268 1163 1328 mansione

47 1349 247 1435 Presbyteri,
270 1348 400 1412 habeat.
424 1351 508 1412 sicat
532 1375 567 1412 ru
591 1351 711 1415 eisdem
735 1352 893 1434 Capitulis
914 1352 1109 1416 continetur.

259 1553 691 1618 rrrusus
775 1539 949 1622 xs'vt.

106 1667 314 1742 Rectiusrro
344 1667 494 1730 Eerscorr
516 1689 752 1734 sancraonsnus
782 1693 862 1732 aran
884 1689 1089 1732 arrrnrscuu.
1177 1677 1179 1682 '

46 1785 161 1862 Anao
205 1784 490 1857 Incaruationis
518 1786 746 1858 Dominicae
782 1807 1016 1860 nccouxxIv.
1055 1785 1162 1855 haec

46 1910 142 1981 quae
171 1895 375 1980 sequuntur
411 1885 587 1979 Capitale
609 1887 784 1958 Domnus
808 1887 893 1956 Rea·
919 1885 1088 1958 Karalus
1109 1885 1160 1954 in

163 2001 166 2008 '
250 1981 447 2055 Attiuiaco
476 1984 637 2064 Kalend.
666 1987 756 2056 lulli
781 1986 921 2056 statuit.
1031 1981 1034 1988 ⁴

123 2141 153 2212 J·
193 2107 392 2251 Episcopus
407 2155 685 2247 Barcinonensis,
707 2191 740 2231 se
758 2166 946 2231 reclamavit
963 2165 1050 2250 quod
1063 2165 1158 2248 Tyr-

43 2271 97 2312 sus
118 2250 291 2332 Presbyter
317 2251 534 2312 Cordubensis
563 2250 598 2310 in
630 2252 779 2313 Ecclesia
805 2252 888 2311 intra
916 2271 1024 2310 muros
1049 2249 1159 2330 ipsius

43 2331 184 2394 civitatis
199 2333 259 2394 sita
274 2333 406 2394 seorsim
423 2329 600 2394 conventus
622 2354 737 2414 agens,
760 2355 842 2414 pene
869 2334 961 2394 duas„
974 2337 1077 2412 partes
1103 2351 1154 2390 ex

43 2415 168 2476 decima
183 2415 284 2497 ipsius
296 2415 432 2476 civitatis
445 2415 505 2476 sibi
524 2425 667 2494 usurpat,
690 2427 722 2476 et
736 2416 804 2475 sine
825 2415 912 2476 illius
929 2411 1060 2473 licentia
1071 2411 1154 2471 Mis-

41 2519 90 2560 sas
106 2505 139 2558 et
151 2497 338 2580 baptisteria
357 2497 526 2566 incudem
548 2498 676 2558 civitate
699 2497 872 2577 praesumit
896 2495 1082 2570 celebrare,
1110 2502 1152 2555 et

42 2589 232 2641 convocatos
251 2579 290 2640 ab
309 2579 469 2661 Episcopo
489 2579 529 2638 acl
543 2589 676 2639 matrem
696 2579 894 2655 Ecclesiam,
918 2577 1013 2638 etiam
1033 2577 1067 2634 in
1090 2595 1153 2634 so-

43 2661 264 2726 lemnitatibus
283 2663 424 2723 Paschae
444 2681 480 2721 ac
497 2659 675 2722 Nativitatis
693 2661 845 2738 Domini,
867 2661 907 2720 ad
929 2681 963 2722 se
992 2665 1151 2734 revocat,

42 2756 138 2826 atque
153 2754 336 2825 contempto
351 2745 510 2824 Episcopo
529 2743 573 2802 eis
590 2744 850 2803 communionem
867 2741 1010 2823 largitur.
1048 2738 1153 2798 Unde

41 2849 167 2892 sacrum
183 2828 361 2888 Nicaeaum
379 2824 563 2886 Concilium
578 2824 675 2884 dicit:
699 2827 882 2907 Quicunque
905 2837 1017 2882 temere
1034 2842 1070 2882 ac
1088 2823 1150 2902 pe'-

42 2909 198 2981 riculose,
222 2928 320 2990 neque
338 2911 482 2968 timorem
504 2908 568 2966 Dei
585 2927 664 2990 prae
687 2909 785 2966 acidis
807 2907 974 2975 babentes,
1004 2923 1058 2962 uec
1084 2921 1148 2978 ag-

40 2983 203 3054 noscentes
222 2989 437 3050 Ecclesiarum
454 2987 612 3067 regulam,
635 2987 803 3048 discedunt
821 2988 858 3047 ab
878 2986 1022 3046 Ecclesia
1043 2985 1149 3044 Pres-

41 3071 145 3152 byteri
166 3084 220 3132 aut
248 3071 382 3132 Diacoui
402 3069 450 3130 vel
471 3070 643 3151 quicunque
675 3071 731 3130 sub
760 3069 868 3146 regula
890 3087 1022 3149 prorsus
1052 3063 1167 3138 easrfs-¹

42 3167 133 3226 tunt,
157 3153 192 3213 1ιί
207 3172 401 3235 nequaquam
423 3151 537 3214 debent
562 3151 596 3210 ia
628 3151 723 3212 aliam
745 3151 920 3210 Ecclesiam
950 3148 1048 3230 recipi
1051 3173 1063 3215 ;
1084 3143 1155 3226 sed

40 3257 165 3300 amnem
189 3235 406 3296 necessitatem
427 3233 656 3295 eonneuitillis
673 3234 794 3313 imponi
820 3229 921 3290 atad
942 3251 1014 3288 suas
1043 3247 1149 3306 paro-

40 3319 128 3382 chias
142 3325 353 3376 revertantur.
397 3313 494 3399 Quod
504 3314 533 3372 si
554 3313 775 3395 nonfemriut,
794 3325 919 3395 oportet
935 3331 987 3372 eos
1004 3329 1149 3370 cornutu-

42 3403 136 3462 nioue
149 3399 286 3494 privari.
328 3399 397 3468 Hoc
420 3398 459 3459 de
474 3397 592 3478 Tyrso,
615 3396 672 3476 qui
688 3394 915 3479 inregulariter
940 3393 958 3452 sl
982 3413 1037 3453 saa
1058 3389 1148 3480 ciri·

41 3493 106 3546 tate
124 3481 288 3558 discessit,
310 3477 477 3542 decretum
500 3485 557 3538 est.
598 3479 770 3538 Caeterum
796 3478 835 3538 de
862 3475 930 3558 ipso
949 3475 1038 3534 etde
1069 3471 1148 3530 aliis

42 3563 316 3648 contemptoribus
335 3560 576 3622 Antiochenam
598 3559 783 3620 Concilium
800 3558 897 3619 dicit:
919 3557 957 3616 Si
971 3557 1039 3638 quis
1051 3554 1151 3626 Pres-

42 3650 132 3727 byter
151 3659 207 3708 aut
223 3647 383 3706 Diacouus
405 3643 596 3726 Episcopum
611 3643 780 3725 propriam
804 3653 1019 3715 contemnens,
1041 3656 1073 3694 se
1100 3633 1143 3694 ab

41 3731 189 3792 Ecclesia
209 3727 432 3811 sequestravit,
458 3737 489 3786 et
503 3743 643 3784 seorsum
661 3725 809 3802 colligens
832 3723 930 3782 altare
957 3716 1123 3778 coustituit
1131 3759 1146 3786 ,

41 3825 72 3876 et
87 3810 297 3874 camutoueuti
313 3808 471 3892 Episcopo
496 3826 560 3866 uon
578 3805 797 3886 adquieverit,
817 3825 873 3864 nec
894 3802 1069 3884 consentire
1090 3797 1151 3856 uel

41 3895 170 3960 obedire
192 3891 331 3954 uoluerit
353 3889 450 3950 semel
479 3889 641 3949 etiterum
666 3888 874 3958 convocanti,
897 3885 947 3944 bic
977 3881 1163 3964 damnetur,

41 3973 236 4046 omnimodo,
258 3994 313 4034 nec
333 3972 418 4032 ultra
431 3969 603 4032 remedium
619 3981 845 4051 consequatur,
868 3967 942 4050 quia
955 3985 1042 4023 suam
1059 3961 1145 4021 reai-

38 4081 115 4146 pere
140 4079 203 4120 uon
228 4067 330 4140 potest
354 4053 547 4134 dignitatem.
597 4051 692 4134 Quod
712 4053 741 4109 si
761 4049 934 4118 Ecclesiam
958 4043 1146 4108 conturbare

43 4156 74 4202 et
92 4141 262 4202 sollicitare
278 4139 437 4220 persistit,
462 4148 609 4217 tauquam
630 4131 797 4193 seditiosus
815 4153 873 4215 per
886 4140 1056 4213 potestates
1083 4143 1145 4183 euc-

43 4237 125 4286 tsras
151 4223 354 4306 opprimatur.
397 4218 480 4283 Hinc
508 4217 603 4280 etiam
632 4215 759 4281 At'ricae
784 4210 970 4300 provinciae
995 4211 1159 4300 Cauoaes'
