2658 4978
194 272 267 350 118
415 297 448 351 a.
480 295 565 380 cna.
669 291 912 354 carnotena
1009 300 1081 357 aaa·

273 433 332 500 vl.
374 433 439 498 sed
464 445 496 500 et
514 437 554 499 de
573 434 694 519 rapinis
719 444 752 498 et
771 435 1086 518 depraedationibus,
1103 447 1134 502 et
1148 440 1184 504 de
1202 464 1263 504 cou-

192 516 404 582 iurationibus
425 528 457 580 et
475 519 515 580 de
538 517 839 601 conspirationibus,
862 525 895 581 et
917 520 958 580 de
978 521 1075 602 raptis
1095 523 1263 586 feminarum

191 609 256 662 tam
275 602 445 664 viduarum
464 622 560 684 quarn
582 611 613 662 et
629 600 812 684 puellarum
827 609 922 683 atque
942 623 1131 680 nonnarum,
1150 607 1263 667 firmiter

190 681 409 745 banniverunt
429 692 465 744 ut
479 684 591 744 amodo
608 692 642 744 et
664 682 816 763 deinceps
837 684 948 745 nullus
961 697 1151 764 praesumat:
1172 689 1263 768 etqui

190 766 446 848 praesumpserit,
467 766 647 828 secundum
668 766 755 848 leges
776 765 899 828 divinas
920 775 952 826 ct
975 765 1127 830 humanas
1138 814 1150 842 ,
1171 779 1199 830 et
1223 793 1263 830 se·

192 849 334 909 cundum
357 849 505 930 Capitula
531 849 761 930 Imperatorum
779 869 816 908 ac
841 848 1120 929 praedecessorum
1143 874 1262 928 suorum,

190 928 252 990 hoc
279 931 449 992 emendare
478 937 619 1012 cogatur.
671 930 712 990 Et
734 941 770 992 ut
800 932 1020 1012 unusquisque
1048 932 1130 992 infra
1151 935 1263 1015 patriam

190 1032 354 1096 cumpace
383 1023 416 1074 et
436 1012 506 1074 sine
532 1012 736 1094 oppressione
757 1034 934 1095 pauperum
956 1021 988 1073 et
1013 1013 1263 1075 circummanenti-

189 1113 245 1152 um
274 1093 438 1166 consistat;
471 1093 554 1156 etin
584 1094 709 1156 hostem
730 1095 783 1156 vel
810 1095 849 1156 ad
873 1095 1027 1176 placitum
1047 1097 1115 1157 sive
1144 1098 1181 1157 ad
1202 1119 1261 1157 eur-

189 1184 254 1236 tem
274 1177 424 1254 veniens,
447 1176 486 1237 de
510 1199 568 1238 suo
589 1177 635 1238 sic
662 1178 814 1238 warnitus
836 1177 876 1238 de
902 1177 996 1237 domo
1024 1201 1080 1240 sua
1096 1189 1217 1251 moreat,
1235 1188 1262 1238 ut

189 1278 360 1342 cumpace
382 1258 505 1342 venire,
526 1268 620 1337 stare,
645 1267 675 1320 et
698 1259 738 1320 ad
759 1260 889 1320 domum
910 1281 999 1320 suam
1020 1259 1127 1322 redire
1142 1261 1236 1343 possit.

188 1382 316 1446 Summa
338 1384 381 1445 Ca
404 1384 553 1444 italorum
573 1405 651 1466 quoe
673 1383 761 1470 apud
780 1381 986 1468 'Corfiuentes
1011 1387 1106 1449 modo
1129 1401 1261 1472 acceptata

231 1481 303 1530 sunt
323 1491 343 1530 a
390 1467 548 1528 senioribus
570 1470 687 1609 nostrii
713 1469 846 1610 Regibus
872 1480 904 1529 et
930 1469 1060 1530 illorum
1069 1469 1230 1554 fidelibus,

685 1570 814 1611 aecer.

269 1661 297 1723 Ι.
336 1665 385 1724 De
408 1662 538 1723 illorum
565 1662 736 1724 concordia
757 1671 788 1724 et
816 1663 958 1726 fraterna
983 1665 1203 1728 coniunctione
1224 1673 1261 1724 at·

189 1766 252 1827 que
280 1755 390 1807 mutuo
413 1746 592 1826 adiutorio,
623 1747 706 1808 sicut
734 1744 769 1805 in
796 1747 1034 1830 cognitamento
1056 1750 1180 1811 illorum
1200 1769 1261 1810 con-

188 1829 318 1890 tinctur.

268 1911 313 1976 ll.
354 1909 396 1970 Et
416 1908 455 1970 de
473 1907 605 1971 illorum
630 1910 833 1994 indulgentia
856 1910 914 1992 qui
937 1911 971 1970 in
997 1911 1060 1974 isto
1080 1931 1176 1994 regno
1200 1907 1260 1967 mis·

186 1992 361 2076 priserunt,
383 1991 409 2053 si
431 2012 464 2052 se
486 1992 742 2074 recognoverint,
764 2003 796 2053 et
823 1993 974 2075 deinceps
1001 2017 1019 2053 a
1046 1996 1160 2056 talibus
1180 2013 1207 2051 se
1224 2009 1260 2048 ca·

188 2096 265 2136 rere
290 2074 463 2148 voluerint,
486 2083 517 2135 et
538 2075 571 2134 in
591 2095 692 2156 regno
715 2075 839 2156 pacifici
859 2095 926 2136 esse
955 2076 1130 2156 voluerint,
1151 2071 1258 2138 sicutia

187 2157 423 2240 cognitamento
445 2156 574 2216 illorum
597 2158 789 2219 continetur.

268 2239 331 2306 lll.
371 2240 419 2299 De
441 2239 512 2320 lege
532 2248 563 2299 et
586 2239 707 2299 iustitia
724 2239 870 2302 omnibus
892 2239 1071 2322 unicuique
1092 2239 1124 2299 in
1147 2261 1198 2303 suo
1214 2245 1258 2300 sta·

187 2329 224 2384 tu
249 2329 280 2381 et
301 2320 414 2383 ordine
431 2322 659 2398 conservanda.

269 2403 325 2462 lV.
367 2405 409 2462 Ut
430 2424 447 2461 a
469 2403 588 2484 rapinis
612 2425 647 2462 ac
672 2402 982 2485 depraedationibus,
1004 2411 1101 2485 atque
1123 2425 1139 2460 a
1165 2401 1258 2462 coniu-

186 2484 365 2545 rationibus
387 2495 419 2546 et
433 2485 737 2565 conspirationibus,
760 2495 790 2545 et
811 2485 1023 2546 seditionibus
1043 2495 1075 2546 et
1094 2484 1238 2566 araptisf
1249 2514 1259 2526 ·

186 2567 363 2643 minarum,
395 2589 427 2628 sc
448 2588 557 2628 omncs
579 2576 736 2628 caveant:
773 2576 805 2628 et
830 2568 886 2647 qui
914 2564 1067 2649 deinceps
1095 2566 1166 2626 talia
1185 2585 1258 2646 prae·

185 2651 365 2733 sumpserit,
388 2649 471 2710 sicut
493 2649 526 2708 in
547 2648 782 2730 cognitamento
805 2649 936 2710 illorum
951 2649 1144 2724 continetur,
1164 2667 1257 2708 secun-

187 2731 265 2791 dum
288 2733 375 2814 leges
400 2730 626 2792 ecclesiasticas
648 2740 679 2790 et
700 2731 895 2810 mundanas,
921 2743 954 2793 et
978 2731 1154 2792 secundum
1181 2726 1257 2808 Capi·

186 2813 253 2872 tula
269 2813 549 2896 praedecessorum
570 2815 708 2893 Regum,
730 2813 791 2872 hoc
816 2814 986 2874 emendare
1016 2821 1163 2892 cogetur,
1184 2819 1210 2870 et
1232 2809 1258 2865 ia

186 2897 427 2978 compositione,
450 2904 481 2954 et
503 2895 535 2952 in
555 2894 767 2971 harmiscara,
789 2902 822 2954 et
839 2895 874 2956 in
899 2894 1100 2980 poenitentia
1120 2893 1168 2953 ab
1182 2890 1258 2974 Epis·

185 2998 266 3059 copo
287 2975 456 3060 parochiae
477 2975 546 3037 cius
566 2975 778 3059 suscipienda.

165 3103 331 3188 ,Capitale
351 3116 453 3164 autem
474 3105 701 3184 Imperatorum
723 3105 842 3190 Domni
861 3104 974 3166 Karoli
1001 3081 1036 3163 et
1058 3103 1173 3164 Domni
1187 3099 1258 3158 Hla-

187 3185 316 3247 douvici
335 3186 375 3247 de
398 3186 509 3247 talibus
531 3187 640 3260 rebus,
663 3201 696 3247 ut
718 3187 757 3246 de
779 3187 884 3248 multis
903 3207 1005 3271 pauca
1025 3187 1077 3247 tic
1104 3201 1256 3269 ponemus,

648 3271 712 3329 ista
741 3282 822 3330 sunt.

255 3381 282 3435 Si
301 3382 361 3454 quis
378 3383 447 3435 iufra
465 3401 577 3451 regnum
594 3383 714 3452 rapinam
732 3382 843 3445 fecerit,
864 3391 911 3434 aut
934 3383 1064 3455 cuiquam
1089 3389 1175 3434 nostro
1196 3373 1255 3428 fideli

186 3451 298 3524 citraque
317 3453 417 3504 homini
436 3453 540 3524 aliquid
558 3455 584 3504 vi
604 3453 764 3515 abstulerit,
784 3455 813 3504 iu
837 3453 918 3522 triplo
946 3457 991 3506 cui
1017 3452 1122 3524 aliquid
1145 3449 1254 3506 abstulit,

183 3521 289 3586 legibus
308 3533 464 3593 componat,
484 3533 513 3576 et
530 3525 639 3592 insuper
656 3523 776 3573 bannum
794 3533 932 3584 nostruin,
952 3525 979 3574 id
998 3533 1054 3584 est,
1077 3521 1209 3592 ,sexaginta
1223 3532 1256 3566 so·

187 3593 275 3655 lidos,
296 3593 374 3645 nobis
392 3593 534 3664 persolvat.
571 3593 742 3645 Postmodum
760 3609 822 3644 vero
841 3611 856 3642 a
875 3593 980 3646 Coruite
999 3601 1061 3643 ante
1088 3608 1134 3640 uos
1157 3588 1254 3639 adduca-

183 3670 246 3726 tur,
266 3671 294 3714 ct
311 3665 340 3715 in
367 3663 505 3715 bastonico
532 3673 649 3715 retrusus
684 3679 769 3732 usque
804 3661 869 3712 dum
895 3661 971 3713 nobis
997 3661 1149 3730 placuerit,
1174 3670 1253 3726 poenas

182 3730 253 3784 luat.
288 3732 355 3784 Nam
375 3731 395 3784 si
414 3733 524 3802 prrhlice
543 3743 633 3785 actum
652 3731 733 3783 suerit
750 3731 890 3802 publieanr
909 3731 972 3783 inde
999 3739 1058 3796 agat
1082 3725 1254 3800 poenitentum

184 3801 262 3852 irrata
280 3813 432 3855 sanctorum
453 3804 594 3855 Canonurn
613 3802 789 3855 sanctionem.
826 3801 854 3850 Si
872 3817 936 3851 vero
955 3801 1080 3861 occulte,
1102 3795 1254 3849 Sacerdotun

183 3871 295 3922 consilio
315 3891 348 3922 ex
368 3873 419 3924 hoc
440 3882 500 3938 agat
518 3872 723 3941 poenitentiam:
743 3871 869 3940 quoniam
887 3880 1018 3940 raptores,
1039 3877 1069 3919 ut
1096 3869 1132 3918 ait
1161 3868 1254 3932 Aposto-

182 3941 237 4002 lus,
256 3942 306 3992 nisi
325 3959 412 3994 veram
432 3943 536 4008 egerint
554 3943 767 4011 poeaitentiam,
796 3957 906 4004 regnum
934 3941 986 3991 Dei
1009 3955 1065 4004 non
1090 3931 1254 4010 possidebunt.
1311 3984 1312 4005 ἶ

182 4011 237 4078 Qui
256 4029 318 4062 vero
337 4011 467 4064 derebus
486 4011 667 4064 Ecclesiaruru
689 4009 792 4079 aliquid
811 4009 969 4068 abstulerit,
990 4007 1092 4078 grauius
1116 4005 1177 4054 inde
1200 3998 1255 4050 rudr-
1311 4058 1312 4061 Ἴ

182 4089 274 4131 cetur:
295 4083 359 4151 quia
377 4099 512 4134 sacrarum
531 4099 617 4132 rerum
636 4080 737 4130 ablatio
756 4080 924 4144 sacrilegium
942 4089 1000 4136 est,
1027 4087 1054 4130 et
1070 4075 1203 4138 sacrilegus
1219 4083 1256 4117 vo·

183 4159 261 4200 catur
279 4151 326 4220 qui
345 4169 378 4212 en
400 4153 437 4203 cis
457 4151 562 4221 aliquid
581 4150 723 4202 abstulerit
743 4159 791 4200 ant
808 4148 934 4218 rapuerit.
978 4149 1101 4218 Extorres
1127 4148 1255 4222 uanaque&

185 4216 324 4282 liminibus
343 4231 454 4289 sauctae
473 4221 564 4274 aratris
583 4220 721 4272 Ecclesiae
740 4219 808 4272 tales
825 4234 954 4289 personae
965 4234 1050 4288 usquc
1068 4213 1102 4267 ad
1119 4211 1255 4267 satialacta·
1311 4236 1312 4273 ᾖ
