2786 4980
249 358 284 414 a.
302 355 381 436 cau.
498 349 629 408 aucun
659 347 940 406 trancosum
992 349 1071 418 aas.
1167 328 1217 406 n

103 506 158 568 tus
180 516 351 564 excursum
375 489 491 556 eadem
506 489 569 551 Dei
591 487 687 572 gratia
713 488 849 570 gloriam
860 488 1020 574 largietur
1041 489 1217 576 aeternam,

105 586 158 647 cui
179 585 249 644 Rex
265 589 297 648 et
316 573 482 656 Propheta
502 571 682 656 suspiranti
702 574 864 651 Satiatur,
884 572 1016 655 inquit,
1038 595 1108 638 cum
1124 597 1218 662 apps-

104 671 206 730 ruerit
226 662 333 744 glorie
353 671 418 722 tue.
461 659 548 716 Haec
571 665 678 715 autem
700 665 824 716 vestrae
848 655 1007 716 rneiestati
1033 677 1099 720 non
1120 670 1220 722 terne·

104 773 140 811 re
163 746 379 830 suggerimus,
402 738 478 820 quia
491 737 590 800 vestri
610 758 740 820 qnoque
763 759 840 798 cura
862 738 954 800 nobis
976 743 1143 805 commissa
1160 751 1218 820 est,

105 852 247 914 quornm
267 823 450 886 ministerio
471 820 646 903 perfidem
669 832 765 901 atque
782 820 936 903 baptisma
954 824 1113 904 mundati,
1134 827 1221 890 diem

105 909 271 978 tremendi
297 904 412 972 iudicii
435 926 507 965 cum
531 904 666 964 cacteris
686 903 836 964 fidelibus
856 905 1042 984 expectatis.
1079 949 1082 956 ,

191 997 234 1055 ll.
276 993 402 1054 Verum
423 997 459 1050 ut
485 986 525 1046 ad
548 1007 605 1047 nos
631 986 808 1068 Episcopus
834 985 1024 1064 redeamus,
1052 1009 1113 1070 per
1132 987 1217 1054 bane

110 1078 266 1155 civilem,
288 1075 385 1138 immo
408 1071 575 1152 plusquam
599 1068 732 1130 civilem
755 1067 966 1144 discordiam,
994 1071 1096 1132 multa
1115 1071 1220 1134 inter-

62 1197 73 1220 ι
112 1163 193 1226 dum
223 1161 257 1220 in
290 1155 381 1218 uobis
407 1153 483 1234 ipsis
512 1171 548 1212 ao
580 1151 652 1211 aliis
681 1151 774 1212 nobis
803 1150 978 1212 commissis
1003 1153 1218 1235 negleximus,

113 1243 278 1306 interdum
296 1236 457 1318 negligere
478 1235 579 1298 coacti
598 1233 721 1312 sumus,
743 1235 788 1293 ita
807 1243 844 1294 ut
866 1235 899 1294 in
926 1234 1076 1316 omnibus
1098 1237 1222 1297 ordini·

111 1327 173 1388 bus
194 1323 308 1404 religio
330 1339 480 1400 magnum
505 1317 740 1378 detrimentum
763 1315 936 1400 acceperit,
959 1319 1065 1378 etalii
1085 1319 1222 1402 quidem

108 1431 169 1494 per
191 1403 404 1490 ignorantium
428 1400 462 1462 iu
485 1400 656 1464 interitum
679 1399 833 1476 tendant,
863 1398 919 1459 alii
949 1420 1029 1461 rere
1054 1402 1151 1484 longa
1178 1402 1222 1462 li·

109 1490 214 1552 centia
234 1485 404 1550 assuefacti
424 1484 556 1566 impune
578 1505 613 1545 se
642 1502 778 1566 peccare
800 1502 893 1565 posse
916 1482 1091 1546 confidant.
1131 1487 1221 1546 Tan·

83 1574 182 1634 ”dem
208 1571 309 1654 igitur
331 1568 373 1630 ad
397 1567 565 1649 propriam
593 1575 626 1627 et
654 1575 857 1628 caeterorum
882 1565 1118 1629 correctionem
1140 1587 1222 1630 con-

107 1655 204 1732 versi,
227 1672 422 1736 quaesumus
447 1660 484 1710 nt
503 1650 667 1712 scelerum
684 1658 872 1731 patratores,
897 1655 929 1707 et
945 1650 1138 1731 apostolicae
1154 1648 1222 1715 dis-

108 1737 250 1820 ciplinae
284 1743 542 1814 contemptores,
575 1731 679 1792 missis
717 1753 735 1790 a
762 1732 862 1792 latere
886 1739 993 1792 restro
1013 1733 1164 1818 probatae
1188 1731 1223 1794 fi:

110 1820 164 1882 dei
194 1819 328 1901 legatis,
356 1810 474 1897 absque
500 1824 649 1899 respectu
679 1834 910 1896 personarum,
951 1821 985 1875 et
1016 1817 1223 1878 eructatione

110 1923 305 1978 munerum,
328 1909 553 1969 coerceantur;
585 1904 619 1957 et
641 1897 708 1958 otio
740 1897 853 1974 uobis,
884 1905 1041 1978 quantum
1069 1898 1224 1982 possibile

113 1995 172 2062 est,
195 2004 358 2060 concesso,
374 2003 478 2044 sermo
491 1982 552 2043 Dei
567 1981 782 2062 praedicando
804 1977 989 2058 fructificet,
1005 1990 1038 2043 et
1053 1983 1225 2046 Cauonum

110 2067 294 2132 reverenda
314 2065 488 2126 auctoritas
509 2064 655 2125 debitum
676 2063 711 2122 in
734 2062 882 2124 omnibns
904 2060 1050 2143 vigorem
1068 2066 1223 2131 obtineat.

119 2189 126 2196 ·
195 2151 252 2210 111.
278 2149 332 2210 ln
349 2145 432 2208 locis
454 2147 582 2223 sanctis,
604 2145 667 2206 boc
688 2157 747 2222 cst,
770 2145 983 2227 monasteriis,
998 2149 1078 2212 elios
1102 2149 1224 2226 studio,

112 2232 291 2295 nonnullos
313 2228 455 2308 desidia,
476 2230 596 2290 multos
619 2230 808 2291 necessitate
831 2228 936 2293 rictus
965 2244 997 2294 et
1024 2232 1224 2308 vestimenti,

113 2341 132 2376 a
153 2337 210 2376 sua
224 2313 425 2396 professione
448 2313 578 2374 deviare
595 2312 819 2394 comperimus.
861 2311 959 2390 Quod
978 2318 1117 2400 petimus
1131 2325 1168 2378 ut
1188 2319 1223 2376 in

112 2397 262 2461 omnibus
281 2395 444 2478 parochiis
473 2395 588 2456 directi
618 2417 636 2454 a
667 2405 771 2457 vestra
799 2400 1050 2462 mansuetudine
1079 2397 1225 2484 religiosi

115 2492 210 2562 atque
233 2480 345 2539 idonei
373 2479 446 2557 viri,
474 2501 547 2540 cum
567 2477 681 2538 notitia
699 2479 952 2561 Episcopum,
982 2492 1171 2544 scrutentur
1192 2490 1226 2543 et

116 2564 298 2644 eoi-rigant,
334 2583 370 2622 ac
392 2561 606 2643 singulorum,
625 2561 772 2622 locorum
793 2569 910 2622 statum
938 2576 1060 2626 vestrae
1089 2565 1225 2626 celsitu·-

118 2645 189 2708 dini
215 2655 246 2706 et
273 2655 400 2706 nostrae
423 2644 661 2724 mediocritati,
697 2653 841 2728 tempore
865 2665 883 2703 a
908 2647 998 2710 vobis
1019 2648 1226 2712 constituen-

119 2729 173 2806 do,
198 2725 397 2790 renuntient.
476 2763 487 2779 ι
599 2735 603 2742 ’

125 2845 134 2852 .,
201 2810 258 2874 lv.
300 2807 475 2870 blonachos
497 2809 554 2892 qui
575 2809 760 2892 cupiditatis
783 2831 878 2873 causa
898 2822 1068 2898 vagantur,
1090 2821 1124 2874 et
1140 2833 1229 2875 sanc·

116 2905 168 2955 tae
187 2892 355 2974 religionis
377 2893 577 2976 propositum
600 2892 810 2974 impudenter
827 2894 1000 2974 infamant,
1029 2896 1070 2958 ad
1094 2913 1151 2958 ana
1182 2897 1229 2958 lc·

116 3000 156 3038 ca
176 2976 325 3036 iubemus
346 2976 476 3053 reverti,
499 2986 532 3036 et
556 2976 751 3057 regulariter
769 2977 929 3043 Abbatum
961 2979 1093 3044 solertia
1115 2979 1229 3064 recipi.

116 3060 175 3122 Eis
199 3069 304 3118 autem
326 3058 383 3140 qui
400 3069 472 3140 post
492 3057 675 3119 evidentem
687 3061 922 3141 professionem
935 3063 1156 3127 monachicam
1171 3065 1230 3126 etia

117 3162 172 3202 am
192 3140 337 3201 habitum
363 3142 585 3222 reliquerunt,
614 3141 665 3202 vel
694 3143 751 3225 qui
777 3167 834 3206 sua
851 3151 961 3232 ⁴culpa
989 3147 1241 3230 proiiciuntur,

117 3225 182 3286 nisi
199 3223 322 3302 redire,
345 3233 378 3284 et
394 3223 482 3306 quod
504 3225 575 3284 Dco
590 3227 832 3305 spoponderunt
851 3231 987 3316 implere
1015 3233 1230 3312 consentiant,

115 3309 182 3368 hoc
205 3307 366 3368 credimus
391 3328 482 3389 posse
500 3308 646 3367 remedio
660 3308 846 3391 subveniri,
876 3317 903 3378 si
926 3316 959 3376 in
987 3317 1157 3398 ergastulis
1183 3317 1231 3377 in·-

116 3390 203 3452 elusi
222 3389 347 3450 tamdiu
368 3411 385 3448 a
403 3397 568 3450 conventu
589 3389 759 3456 hominum
786 3395 1025 3474 abstineantur,
1048 3406 1080 3458 et
1101 3391 1231 3482 pietatit

118 3473 243 3534 intuitu
268 3472 538 3533 convenientibus
560 3484 765 3536 macerentur
790 3479 959 3558 operibus,
982 3479 1094 3543 donec·
1111 3483 1232 3542 sanita-‘-

117 3565 184 3616 tem
193 3554 403 3616 correctionis
413 3555 590 3615 admittant.
612 3557 755 3637 Namque
770 3558 822 3619 illi·
832 3561 1060 3644 quiquondam
1068 3564 1218 3626 Monacbi

116 3649 230 3722 postea
251 3639 365 3699 relicta
388 3636 622 3719 singularitatis
643 3641 858 3721 professione,
880 3647 921 3708 ad
946 3643 1095 3706 militiam
1118 3611 1232 3710 velud

118 3719 508 3804 nuptiasderolvuntur,
538 3721 645 3801 Papae
676 3723 794 3785 Leonis
825 3726 1133 3808 decreto'publicae
1159 3741 1235 3810 pce'·

119 3804 278 3864 nitentiae
302 3803 517 3864 satisfactione
540 3804 702 3884 purgandi
718 3817 803 3874 sunt.
825 3809 874 3869 De
892 3808 1028 3870 Clericis
1048 3819 1158 3868 autem
1175 3797 1234 3872 Eo·-

118 3885 297 3948 elesiarum
319 3907 448 3946 suarum
462 3886 691 3964 desertoribus,
714 3891 848 3972 antiqua
866 3891 969 3952 forma
990 3889 1235 3953 Chalcedonen-

116 3969 162 4031 sis
186 3968 328 4029 Concilii
350 3969 505 4030 servanda
523 3978 590 4048 est,
613 3991 695 4050 quae
718 3973 909 4054 praescribit
938 3985 976 4036 ut
1002 3973 1030 4034 si
1055 3973 1234 4060 Episcopus

118 4051 302 4132 susceperit
329 4053 494 4112 Clericum
517 4052 558 4110 ad
579 4051 683 4112 'alium
711 4056 907 4140 Episcopum
930 4055 1172 4140 pertinentem,
1200 4069 1234 4123 et

118 4143 288 4215 susceptus
310 4141 343 4194 et
363 4133 782 4214 suscipienscomrnunione
806 4139 989 4222 priventur,
1011 4137 1234 4228 donee'is'qui

119 4217 314 4302 migraverat
332 4217 500 4291 Clericus,
530 4219 570 4278 ad
595 4219 758 4300 propriam
776 4232 960 4285 revertatur
983 4217 1172 4286 Ecclesiam.
1283 4265 1287 4274 ·

208 4297 246 4367 V,
290 4299 364 4376 Qui,
378 4299 675 4362 sanctimonialibus
702 4303 826 4366 inlicite
857 4305 1053 4382 miscentur,
1078 4317 1108 4366 et
1129 4307 1226 4370 sarri-
