2786 4980
1262 234 1269 266 l

252 360 285 412 n.
313 359 384 415 cnr
496 357 624 416 aranu
644 357 866 414 ranucorau
982 353 1043 415 atr.
1162 329 1269 409 753

119 502 177 586 pis,
206 501 388 564 comitibus
408 507 440 562 et
460 497 565 562 Missis
585 497 748 582 regalibus
776 497 1005 568 subleventur;
1030 501 1210 580 etoppres·
1265 491 1270 593 ζ

118 606 192 648 sores
207 584 349 664 illorum,
371 583 452 646 sicut
469 605 565 668 snpra
584 583 739 668 scriptum
760 591 818 662 est,
833 581 867 640 in
882 579 1031 642 omnibus
1054 579 1212 642 constrin-
1265 602 1270 663 ξ

133 676 225 728 antur.
1266 666 1271 716 ἰ

115 691 133 753 g
188 748 249 812 llI.
291 745 341 808 D'e
366 746 510 810 hisvero
537 744 592 826 qui
618 745 702 806 intra
723 745 858 830 patriam
881 745 1062 808 residentes
1082 741 1211 824 rapinas
1268 747 1273 824 ξ

114 840 272 908 exercent,
294 829 407 890 domos
429 828 624 909 infringunt,
654 828 801 890 homines
822 827 892 890 sine
923 851 1017 889 causa
1044 826 1210 904 occidunt,
1269 846 1272 919 ἶ

114 925 220 977 trustes
239 921 456 988 commovent,
479 919 535 971 aut
558 910 806 972 alios-damnant
825 920 858 973 et
886 911 1089 994 opprimunt,
1121 918 1211 991 prata

115 996 280 1058 defensoria
301 995 495 1078 depascunt,
515 993 625 1075 fruges
641 994 780 1054 aliorum
794 994 972 1070 devastant,
994 1015 1034 1055 ex
1055 993 1105 1053 his
1124 1012 1211 1051 man·
1266 998 1272 1048 ῑ

118 1081 169 1142 dat
188 1080 292 1140 Senior
312 1087 427 1138 noster
448 1087 484 1138 ut
503 1075 643 1157 primum
657 1075 765 1159 episco
790 1077 832 1137 ali
852 1077 1042 1139 auctoritate
1064 1075 1212 1162 iudicen-
1265 1111 1271 1146 ι

118 1173 177 1239 tur,
195 1171 225 1222 et
247 1162 288 1222 sie
314 1170 429 1242 postea
450 1181 468 1218 a
493 1158 673 1220 Comitibus
694 1100 845 1242 legaiiter
866 1159 1144 1242 constringantur,
1178 1165 1212 1219 et
1265 1151 1271 1234 ξ

120 1245 237 1327 insuper
251 1244 397 1304 bannum
415 1249 581 1319 nostrum,
603 1241 638 1303 id
657 1251 716 1320 est,
738 1241 904 1324 sexaginta
922 1241 1054 1320 solidos,
1077 1261 1210 1323 compo-
1265 1286 1269 1304 .

119 1337 194 1388 nant.
229 1326 268 1388 Et
291 1326 319 1388 si
346 1344 404 1388 eos
433 1323 656 1406 constringere
690 1346 756 1385 non
783 1325 968 1408 potuerint,
998 1325 1039 1386 ad
1068 1327 1211 1406 regalem
1264 1325 1270 1376 l

113 1409 307 1493 praesentiam
330 1407 554 1484 deducantur,
575 1416 612 1468 ut
633 1407 763 1489 dignam
783 1407 961 1490 suscipiant
982 1405 1170 1471 vindictam.
1238 1467 1243 1478 ,
1264 1393 1269 1465 ⁴.

183 1490 238 1557 Ν.
277 1490 446 1573 Mancipia
467 1488 574 1550 aliena
601 1511 685 1570 quae
711 1489 798 1550 intra
831 1489 1050 1552 immunitates
1079 1489 1212 1572 fugiunt

110 1581 157 1632 aut
178 1572 257 1632 iutra
280 1573 400 1635 fiscum
426 1579 570 1634 nostrum
593 1581 649 1633 aut
669 1572 808 1633 aliorum
830 1581 1039 1656 potestatem,
1060 1581 1093 1635 et
1112 1594 1131 1632 a
1156 1571 1212 1634 do-
1262 1584 1269 1652 ξ

111 1654 193 1716 minis
217 1655 282 1718 suis
304 1656 550 1736 insequuntur,
572 1654 643 1716 sine
672 1654 742 1716 ullo
767 1675 903 1718 munere
925 1663 979 1716 aut
998 1654 1108 1736 aliqua
1129 1676 1210 1717 cou-
1262 1659 1293 1738 ζ.

111 1737 497 1816 tradiotionereddantur,
519 1745 576 1796 aut
595 1739 680 1799 foras
702 1738 878 1818 eiciantur,
912 1737 973 1799 uisi
1003 1736 1130 1819 legibus
1152 1758 1211 1801 sua
1263 1766 1267 1808 ς

113 1842 169 1882 esse
184 1821 403 1902 probaverint.
443 1822 486 1882 Et
506 1819 532 1882 si
553 1819 627 1901 quis
644 1821 863 1899 contenderit,
885 1831 918 1883 et
936 1819 1074 1884 reddere
1095 1822 1211 1884 uolue·
1259 1839 1266 1856 ‘

114 1904 160 1982 rit,
178 1912 205 1964 et
216 1913 329 1988 postea
347 1903 502 1986 fugerint,
523 1901 674 1985 legaliter
692 1926 745 1966 eas
769 1904 942 1987 persolvat.

183 1984 217 2048 V.
255 1989 299 2048 Ut
329 2007 428 2047 nemo
456 1985 599 2067 virgines
615 1996 670 2048 aut
690 1985 805 2052 viduas
824 2007 938 2069 rapere
959 1993 1152 2070 praesumat,
1173 1995 1208 2049 et

111 2066 207 2129 adeas
226 2069 322 2130 nullo
340 2070 436 2130 modo
456 2067 596 2144 accedat,
611 2068 674 2128 uisi
688 2069 838 2152 legaliter
858 2091 911 2132 eas
939 2069 1129 2152 nuptialiter
1155 2069 1209 2132 de·

108 2160 251 2232 sponsatas
273 2152 496 2219 coniunxerit.
525 2150 644 2212 Nullus
663 2155 734 2214 Deo
752 2161 906 2214 sacratam
929 2155 1034 2236 rapiat
1052 2163 1109 2214 aut
1136 2151 1211 2216 rio·
1260 2149 1266 2194 3

108 2233 156 2312 let,
178 2235 226 2295 vel
249 2235 284 2295 in
309 2235 468 2317 coniugio
490 2233 552 2297 sibi
579 2233 689 2298 societ.
743 2235 780 2296 si
806 2236 879 2318 quis
907 2235 968 2298 hoc
993 2245 1209 2318 transgressus
1244 2261 1268 2298 π

109 2316 207 2458 guerit,
227 2317 452 2380 ecclesiastico
473 2315 675 2380 anathemate
697 2317 855 2398 feriatur,
877 2328 910 2382 ct
929 2317 1062 2405 publico
1084 2319 1208 2381 iudicio
1262 2307 1268 2417 ἰ

127 2409 272 2466 amnetur.

176 2478 234 2544 Vl.
276 2485 323 2545 Ut
349 2483 473 2568 regales
494 2480 634 2546 iustitiae
657 2505 731 2547 cum
755 2481 844 2548 omni
875 2483 1047 2568 diligentia
1074 2484 1208 2569 perfici·
1263 2513 1268 2520 ·

105 2571 197 2631 antur.
1265 2627 1269 2648 ¹

174 2645 248 2711 Vll.
291 2648 341 2709 Ut
362 2647 473 2709 nullus
500 2646 540 2709 de
566 2649 661 2712 domo
684 2671 741 2712 sna
766 2649 806 2711 ad
832 2649 928 2709 aliam
949 2647 1130 2731 transiens,
1151 2661 1209 2714 aut
1265 2653 1270 2690 ³

104 2727 132 2787 in
152 2727 266 2792 itinere
288 2752 443 2816 pergens,
464 2732 611 2812 rapinam
636 2733 744 2795 facere
764 2741 956 2816 praesumat.
1267 2730 1271 2763 ²

174 2809 268 2879 Vlll.
314 2817 359 2876 Ut
378 2815 599 2898 unusquisque
614 2817 785 2899 Presbyter
804 2815 968 2878 inbreviet
987 2814 1021 2874 in
1039 2837 1097 2876 sua
1110 2838 1209 2900 paro·
1268 2821 1275 2894 ζ

103 2892 166 2954 chia
185 2917 298 2958 omnes
318 2898 552 2976 malefactores,
573 2899 727 2960 videlicet
742 2908 897 2982 raptores,
918 2897 1061 2981 rapaces,
1083 2902 1207 2964 adulte-
1270 2903 1275 2938 i

101 2997 156 3052 ros,
177 2977 341 3057 incestos,
361 2978 559 3053 homicidas,
581 2982 725 3043 latrones
733 3005 741 3053 ς
778 2992 809 3044 et
830 3003 884 3043 eos
910 2992 1001 3042 extra
1025 2983 1207 3046 Ecclesiam
1274 3005 1277 3024 ¹

101 3060 202 3137 saciat,
234 3062 300 3122 nisi
326 3063 560 3145 poenitentiam
585 3085 679 3146 agere
705 3064 878 3125 voluerint.
921 3066 955 3127 si
977 3085 1011 3128 se
1033 3067 1208 3132 emendare

101 3142 268 3224 noluerint,
294 3147 334 3208 ad
351 3145 504 3230 Episcopi
525 3146 738 3230 praesentiam
753 3148 984 3232 perducantur.

330 3327 757 3392 TITULUS
822 3329 965 3396 XXV.

410 3464 509 3506 aruo
552 3466 577 3510 s.
619 3449 882 3525 Qururrnun.

102 3507 346 3633 Adueniiutio
372 3564 511 3634 Karoli
543 3576 579 3633 et
602 3564 749 3656 nepotis
777 3565 839 3633 sui
872 3565 1071 3635 Hlotlrarii
1100 3564 1207 3660 apud
1282 3517 1285 3550 Ἰ

103 3657 134 3732 S.
164 3663 410 3752 Quin-tinum,
440 3662 530 3737 Kal.
561 3663 679 3734 Mort-
706 3688 807 3734 aiano
841 3663 1096 3738 DCCCLVll.
1131 3667 1205 3735 In-

389 3763 625 3834 curnationis
655 3763 925 3833 Dominicae.·

290 3890 715 3952 Anuunrrarro
764 3892 1006 3959 Kanour.

107 3975 276 4103 Volumus
304 4064 359 4104 vos
387 4042 469 4107 seire
501 4042 590 4124 quod
617 4042 682 4104 fuit
715 4041 847 4104 insimul
879 4052 989 4106 noster
1014 4055 1196 4110 conventus

104 4123 263 4206 Postquam
288 4127 377 4188 Dens
400 4136 545 4188 nostrum
572 4124 743 4187 Seniorern
770 4127 898 4189 vocarit
922 4128 961 4188 de
991 4127 1051 4188 isto
1077 4131 1201 4210 seculo,

105 4227 218 4289 semper
235 4210 348 4271 inveni
369 4209 433 4271 tale
455 4208 630 4271 consilium
648 4209 682 4268 in
705 4231 778 4272 meo
794 4209 914 4272 dilecto
932 4210 1031 4272 fratre
1052 4211 1203 4274 Hludou-

106 4289 168 4351 rico
184 4293 264 4354 sieut
284 4291 365 4354 milri
394 4312 524 4355 necesse
551 4291 625 4370 fuit,
648 4301 680 4353 et
702 4313 761 4376 ego
782 4293 815 4354 in
840 4293 899 4355 illo
921 4293 1080 4377 quaesivi,
1104 4305 1136 4357 et
1157 4293 1202 4357 il·v
1228 4302 1230 4307 '
